3738 5530
513 1017 546 1064 5

488 1527 546 1576 10

575 386 705 451 230
1525 387 1703 438 ΠΕΡΙ
1739 385 2215 436 ΣΤΝΔΕΣΜῼΝ.

1591 509 1634 545 p.
1660 496 1752 546 496,
1783 495 1831 536 ιι
1856 516 1908 526 -
1936 493 2027 545 498,
2055 496 2107 535 24
2130 498 2161 536 b

830 594 988 655 κᾶτα
1032 593 1173 657 πῶς
1219 591 1649 675 <δυν>ήςομαι

578 694 722 759 ἀντὶ
787 698 902 758 τοῦ
968 693 1068 758 καί
1133 692 1750 774 παραλαμβάνεςθαι.
1847 692 2000 758 ἴςως
2064 691 2367 774 μέν<τοι>
2432 694 2642 760 ἐκεῖνο
2709 699 3165 777 διαπορητικόν
3222 713 3270 754 1⁵

580 795 743 861 ἐςτιν
787 795 858 860 ἐν
904 793 1259 861 Φοινίςςαις
1303 794 1643 873 Εὐριπίδου
1693 795 1778 880 (v.
1825 795 1950 859 598
1996 792 2358 875 Kirchhoff)

834 901 991 961 κᾶτα
1037 897 1148 962 ςὺν
1192 898 1527 963 πολλοῑςιν
1571 896 1782 976 ἦλθες.
3151 966 3179 994 .

580 999 864 1080 Τρύφων
899 997 988 1084 (p.
1014 998 1094 1062 37
1123 996 1391 1082 Vclsen)
1427 999 1648 1077 μέντοι
1692 1000 1763 1065 ἐν
1808 1006 1899 1085 τῷ
1944 1002 2089 1079 περὶ
2133 1001 2580 1081 ἐπιρρημάτων
2615 1003 2705 1069 ὡς
2734 1005 2880 1084 περὶ
2915 1004 3169 1085 ἐπιρρή-

582 1121 782 1182 ματος
812 1104 1116 1181 χρονικοῦ
1139 1102 1255 1174 τὸν
1287 1100 1487 1177 λόγον
1518 1105 1826 1179 ποιεῖται,
1858 1102 1931 1168 ἐν
1964 1103 2016 1186 ᾧ
2051 1106 2149 1166 καὶ
2173 1102 2496 1183 ἐζήτηςεν,
2530 1105 2584 1169 εἰ
2607 1105 2879 1182 ἔγκειται
2909 1106 2984 1171 τὸ
3010 1105 3167 1172 εἶτα.
3222 1127 3272 1164 20

584 1203 654 1268 ἐν
699 1205 771 1267 δὲ
799 1207 892 1285 τῷ
923 1204 1068 1280 περὶ
1099 1203 1484 1286 ςυνδέςμων,
1525 1202 1764 1283 ὁμοίως
1795 1207 1930 1269 τοῖς
1961 1206 2107 1284 περὶ
2136 1204 2577 1272 Ἀπολλώνιον
2610 1208 2710 1271 καὶ
2745 1208 3038 1288 Κόμανον
3070 1210 3170 1273 καὶ

583 1305 813 1384 ςχεδόν
858 1304 1046 1369 ἅπαςι
1092 1303 1441 1385 ςύνδεςμον
1487 1306 1935 1388 ἐκδεχόμενος,
1993 1307 2189 1372 πάλιν
2247 1306 2482 1382 λόγους
2532 1310 2712 1375 τινὰς
2754 1309 3169 1390 προύφέρετο

583 1407 1013 1475 ἐξεταςτικοὺς
1055 1411 1173 1472 τοῦ
1218 1407 1527 1482 ἐγκεῖςθαι
1571 1409 1688 1474 τὸν
1733 1410 1834 1473 καί
1865 1410 1969 1475 καὶ
1997 1410 2071 1474 τὸ
2105 1408 2273 1490 εἶτα,
2319 1411 2476 1476 καθό
2507 1431 2673 1476 τινες
2705 1412 3026 1494 ᾡήθηςαν,
3073 1414 3173 1477 καὶ

582 1509 739 1589 ἦςαν
782 1512 1068 1575 τοιοῦτοι
1113 1507 1176 1574 οἱ
1220 1509 1520 1574 κανόνες·
1571 1510 1661 1574 ·«6
1707 1513 1806 1575 καί
1851 1511 2195 1590 ςύνδεςμος
2240 1511 2532 1592 ἔκθλιψιν
2576 1515 2693 1577 τοῦ
2738 1516 2759 1578 ῐ
2814 1513 2914 1578 καὶ
2958 1518 3171 1593 κρᾶςιν
3225 1533 3276 1573 2⁵

530 1671 546 1682 .
583 1615 700 1677 τοῦ
736 1615 789 1675 ἃ
831 1613 1103 1678 ποιεῖται
1150 1610 1237 1677 εἰς
1284 1614 1525 1691 μακρὸν
1571 1617 1644 1696 ἃ,
1689 1617 1807 1678 τοῦ
1852 1618 1887 1678 ἒ
1930 1614 2138 1693 μόνου
2183 1613 2660 1693 ἐπιφερομένου
2705 1614 3029 1694 (φαίνεται
3074 1615 3172 1681 ὅτι

489 2035 550 2083 15

487 2543 554 2591 20

585 1715 686 1778 καὶ
727 1717 847 1779 τοῦ
891 1716 990 1796 ῆ)·
1039 1717 1139 1780 καὶ
1183 1717 1294 1796 ἐμέ
1336 1714 1494 1795 κάμέ
1508 1765 1524 1793 ,
1569 1716 1671 1779 καὶ
1714 1716 1963 1781 ἐκεῖνος
2005 1714 2321 1780 κάκεῖνος.
2406 1713 2515 1782 ὅτε
2558 1716 2775 1794 μέντοι
2821 1717 3173 1797 δίφθογγος

585 1815 982 1895 ἐπιφέρεται,
1042 1817 1387 1898 ἐκθλίβεται
1440 1819 1515 1882 τό
1561 1823 1603 1882 ἃ
1647 1818 1745 1882 καὶ
1788 1818 1864 1882 τὸ
1918 1820 1968 1900 i,
2024 1820 2126 1881 καὶ
2181 1815 2364 1896 εἶχον
2417 1816 2652 1898 κεῖχον.
2726 1817 2803 1884 τὸ
2859 1818 3016 1884 αὐτὸ
3074 1822 3176 1884 καὶ

586 1917 693 1981 ἐπὶ
734 1922 853 1982 τοῦ
900 1922 954 1982 ὃ.
1030 1918 1506 2000 ἐπιφερόμενον
1563 1921 1687 2001 γὰρ
1743 1921 1947 1998 μόνον
1992 1920 2069 1984 τὸ
2117 1923 2154 1984 ὃ
2201 1922 2416 1998 κρᾶςιν
2461 1923 2764 1997 ποιεῖται,
2825 1922 2929 1985 καὶ
2982 1921 3020 1985 6
3067 1922 3172 1986 ςός
3223 1938 3282 1979 ³0

588 2020 682 2100 χὼ
731 2019 859 2102 ςός,
905 2020 1004 2084 καὶ
1049 2019 1086 2083 6
1134 2019 1317 2087 οἶνος
1361 2021 1604 2101 χοῖνος,
1651 2024 1751 2087 καὶ
1795 2021 1832 2085 6
1880 2021 2070 2102 φίλος
2116 2022 2212 2100 χὼ
2259 2022 2467 2102 φίλος.
2530 2021 2710 2101 εἴπερ
2743 2021 2862 2088 οὖν
2906 2023 3177 2099 ἔγκειται

587 2123 663 2188 τὸ
710 2121 864 2199 εἶτα,
911 2121 991 2202 ἦν
1038 2122 1117 2189 ἂν
1164 2126 1400 2188 κεῖτα.»
1459 2125 1563 2188 καὶ
1605 2123 1698 2189 ἔτι
1742 2124 1811 2188 ἐν
1857 2130 1949 2207 τῷ
1996 2125 2143 2202 περὶ
2188 2123 2633 2204 ἐπιρρημάτων
2680 2125 2780 2188 καὶ
2823 2126 2898 2190 τὸ
2944 2126 3175 2203 δηλού-

587 2225 783 2304 μενόν
839 2245 989 2306 φηςι
1044 2224 1358 2304 μάχεςθαι.
1445 2225 1523 2288 «6
1590 2227 1705 2304 μὲν
1761 2226 1886 2304 γὰρ
1942 2223 2043 2289 καί
2101 2225 2446 2306 ςύνδεςμος
2501 2225 2608 2290 ἐπὶ
2662 2231 2793 2292 τῶν
2848 2228 3007 2292 κατὰ
3061 2229 3177 2292 τὸν
3215 2247 3314 2296 497

589 2326 790 2418 αὐτὸν
822 2327 1045 2406 καιρὸν
1078 2328 1757 2416 παραλαμβανομένων
1790 2327 1954 2392 ἐςτίν
1986 2325 2140 2408 (ὑφ’
2186 2327 2303 2393 ’ένα
2345 2325 2468 2407 γὰρ
2513 2330 2736 2407 καιρὸν
2782 2329 3177 2409 γραφόντων

588 2433 783 2493 τινῶν
821 2447 1033 2508 φαμεν
1066 2429 1653 2494 καὶΔιονύςιος
1697 2429 2000 2510 ἔγραφε
2045 2429 2166 2494 καὶ
2196 2427 2786 2510 Ἀπολλώνιος),
2833 2431 2931 2493 καὶ
2975 2434 3176 2509 δῆλον

591 2529 687 2594 ὅτι
732 2529 836 2594 διὰ
878 2534 1075 2600 τοῦτο
1120 2531 1223 2596 καὶ
1266 2530 1726 2614 ἀθροιςτικ<ός·
1774 2530 1811 2594 6
1857 2531 1930 2595 δὲ
1955 2530 2115 2595 -εῑτα
2153 2531 2437 2613 χρό>νου
2468 2532 2669 2611 τομὴν
2701 2530 3176 2608 ἐπαγγέλλεται.
3228 2562 3254 2602 5

590 2631 628 2698 6
659 2633 782 2712 γὰρ
815 2632 1025 2708 λέγων
1057 2632 1658 2716 Ἀριςτ<όφάνης
1703 2632 2132 2716 ἔγραψεν.)
2163 2631 2335 2698 εἶτα
2363 2620 2900 2699 Ἀπολλώνιος
2938 2634 3179 2701 τάξεώς

591 2735 716 2800 ἐςτι
771 2733 1331 2817 παραςτ<ατικός.»
1405 2734 1867 2817 προς>θείημεν
1926 2735 1995 2800 δ’
2050 2734 2130 2801 ἂν
2193 2734 2289 2800 ὅτι
2345 2735 2446 2800 καὶ
2503 2739 2641 2801 τοῖς
2696 2736 2855 2801 κατὰ
2910 2735 3177 2815 ἀριθμὸν

591 2838 1274 2916 παραλαμβανομένοις
1346 2838 1672 2921 ςύνεςτιν,
1758 2832 2264 2916 ’Ᾱρίςταρχος
2349 2842 2664 2918 πρῶτος
2740 2837 3175 2920 ἔγραψε<ν,

592 2936 806 3019 εἶτα)
863 2937 1248 3019 δεύτερος
1294 2939 1895 3037 Ἀριςτοφάνης,
1955 2938 2121 3004 εἶτα
2172 2939 2442 3019 τρίτος
2485 2940 2584 3003 καὶ
2626 2941 2706 3003 τὰ
2749 2939 2910 3017 ἑξῆς.
2980 2938 3034 3003 εἰ
3078 2940 3178 3003 καὶ
3231 2970 3280 3008 ιο

492 3051 558 3100 25
594 3041 667 3103 τὸ
714 3039 1013 3117 δεύτερός
1057 3060 1151 3104 τις
1196 3040 1539 3120 βαςτάξειε,
1585 3042 1758 3121 μένει
1802 3042 1877 3106 τὸ
1924 3042 1993 3106 ἐν
2039 3042 2306 3126 δευτέρᾳ
2352 3042 2520 3107 τάξει
2552 3040 2938 3121 νοούμενον,
2986 3039 3179 3119 Ἀρί-

594 3160 933 3220 ςταρχος
987 3146 1300 3220 πρῶτος
1352 3141 1739 3225 ἔγραψεν,
1795 3142 1962 3208 εἶτα
2018 3142 2477 3208 Διονύςιος.
2552 3142 2607 3207 εἰ
2660 3142 2874 3222 μέντοι
2918 3143 3035 3208 τὸν
3081 3141 3181 3207 καί

593 3244 1232 3324 παραλαμβάνοιμεν,
1290 3244 1729 3329 ἀμφό<τεροι>
1785 3243 2134 3323 γίγνονται.
2208 3244 2314 3309 διὰ
2369 3244 2621 3319 τούτων
2667 3243 2787 3310 οὖν
2844 3245 3179 3323 θεματικὸν

595 3346 713 3411 τὸν
760 3346 1109 3424 ςύνδεςμον
1156 3346 1582 3430 <ἐξε>δέχετο.
1629 3383 1711 3393 -
1769 3345 1908 3411 εἶτά
1954 3367 2135 3428 φηςι’
2184 3348 2421 3425 «χωρὶς
2466 3345 2520 3411 εἰ
2564 3348 2644 3425 μὴ
2691 3346 3097 3412 έπεκτέταται
3143 3345 3179 3411 6
3236 3380 3284 3417 15

594 3446 726 3524 καί,
776 3447 867 3511 ὡς
911 3446 948 3510 6
995 3448 1100 3525 δή,
1137 3449 1480 3529 ,ἀποβολῆς
1523 3451 1876 3529 γενομένης
1919 3452 2039 3514 τοῦ
2083 3451 2104 3514 ἰ
2149 3448 2248 3511 καὶ
2292 3448 2573 3524 εὐλόγου
2617 3448 2924 3514 ἑκτάςεως
2967 3452 3085 3514 τοῦ
3120 3452 3182 3529 ἇ,

494 3560 560 3607 30
597 3549 812 3614 καθότι
858 3550 960 3613 καὶ
1003 3550 1077 3614 τὸ
1123 3551 1421 3616 κλαίειν
1467 3552 1789 3616 κλάειν.»
1863 3551 1943 3630 ἦν
1988 3552 2056 3616 δ’
2100 3551 2180 3615 ἂν
2225 3553 2418 3614 τοῦτο
2463 3551 2771 3631 πιθανόν,
2820 3548 2873 3615 εἰ
2901 3549 3184 3616 πάντοτε

595 3652 737 3716 ἀντὶ
782 3655 898 3716 τοῦ
945 3652 1046 3716 καί
1089 3653 1614 3733 παρελαμβάνετο
1661 3652 1697 3718 6
1744 3657 1923 3718 κᾶτα.
1999 3654 2101 3717 καὶ
2155 3651 2450 3732 φαίνεται
2501 3650 2619 3734 ὅτι,
2665 3653 2755 3716 δι’
2802 3650 2881 3717 οὗ
2910 3653 3183 3736 ῄτήςατο

729 3854 947 3907 Ancvn.
1006 3860 1037 3907 5
1073 3853 1300 3924 Trypho
1333 3857 1575 3925 probare
1610 3855 1823 3920 studet,
1843 3855 1847 3861 '
1866 3860 2011 3909 κᾶτα
2033 3870 2145 3908 non
2171 3870 2238 3909 cx
2264 3855 2354 3908 καὶ
2380 3853 2505 3909 εἶτα
2530 3854 2742 3909 factum
2769 3872 2915 3922 esse,
2955 3853 3053 3909 scd
3081 3856 3184 3908 aut

594 3954 713 3994 csse
757 3937 1141 4008 primitivum,
1179 3968 1242 3979 -
1280 3947 1346 3995 28
1382 3942 1483 3994 aut
1516 3957 1585 3995 ex
1629 3940 1721 3995 καί
1757 3956 1859 4009 per
1896 3938 2181 4008 epectasin
2218 3941 2431 4004 ortum,
2477 3955 2778 4007 suppressa
2810 3941 2832 3995 ἰ
2866 3939 3076 4007 littera,
3116 3970 3182 3979 —

595 4029 654 4079 31
696 4039 866 4091 quam
911 4022 953 4076 ii
977 4028 1222 4093 ‘quoquc
1270 4026 1614 4081 subtractam
1663 4041 1782 4079 csse
1830 4026 2087 4092 censent,
2132 4023 2335 4093 quibus
2370 4023 2470 4078 illa
2506 4039 2572 4077 cx
2610 4026 2700 4077 καί
2749 4027 2874 4079 εἶτα
2909 4024 3181 4080 coaluisse

595 4107 835 4168 videtur,

730 4297 920 4353 D1scn.
960 4280 1183 4354 sempr..
1238 4305 1281 4357 l.
1319 4305 1370 4352 2.
1409 4297 1670 4352 lacunam
1708 4297 1855 4366 cxpl.
1893 4297 1929 4351 b
1994 4299 2003 4363 Ι
2067 4302 2116 4355 4,
2161 4296 2234 4349 ad
2270 4299 2439 4363 ηλθες
2475 4295 2773 4366 adscripsit
2808 4298 2878 4352 Α2
2912 4297 2969 4350 in
3006 4313 3184 4365 marg.

595 4401 737 4452 προς
774 4401 879 4438 τον
914 4387 1081 4438 ουδεν
1117 4400 1198 4439 εις
1233 4400 1444 4451 μαχην,
1481 4384 1546 4435 ut
1581 4398 1802 4436 versum
1839 4381 2131 4450 suppleret
2167 4385 2176 4447 Ι
2223 4385 2272 4440 6.
2306 4397 2392 4435 τω
2430 4397 2552 4435 ειτα
2587 4382 2630 4436 Α
2673 4388 2682 4448 Ι
2731 4389 2803 4438 13.
2845 4398 3185 4449 επιφερηται

595 4469 638 4523 Α
689 4469 699 4537 Ι
755 4473 834 4525 14.
875 4485 1290 4537 επιφερομενον
1327 4470 1459 4535 (non
1500 4483 1944 4534 επιφερομενου,
1984 4467 2134 4534 quod
2174 4482 2244 4520 ex
2279 4466 2329 4518 A
2364 4481 2423 4518 se
2461 4465 2702 4520 edidisse
2738 4464 2951 4519 indicat
2985 4465 3042 4530 b)
3078 4481 3184 4531 γαρ

596 4571 773 4619 μονον
810 4571 876 4608 το
914 4554 986 4618 Α,
1027 4555 1446 4621 ἐπιφερομένου
1482 4554 1588 4620 γὰρ
1626 4554 1802 4619 μόνου
1837 4555 1942 4606 τοῦ
1979 4551 2014 4604 b
2081 4553 2090 4619 Ι
2159 4556 2235 4606 15.
2271 4553 2355 4618 χὼ
2393 4552 2486 4605 ccc
2521 4550 2585 4616 b,
2622 4567 2783 4605 κοςος
2821 4552 2863 4604 Α
2927 4552 2937 4616 Ι
3003 4554 3083 4604 16.
3118 4551 3186 4602 τὸ

597 4640 743 4692 εἷται
777 4637 843 4704 b,
881 4655 948 4692 το
985 4656 1020 4707 η
1047 4641 1090 4693 Α
1123 4639 1131 4703 1
1167 4643 1243 4692 19.
1269 4654 1331 4693 ος
1369 4638 1459 4692 καὶ
1494 4638 1692 4707 δῆλον]
1736 4635 1831 4690 fol.
1873 4642 1966 4691 102
1995 4654 2043 4690 v.
2074 4638 2083 4703 Ι
2114 4642 2196 4692 20.
2224 4642 2307 4689 21.
2333 4642 2414 4690 22.
2442 4641 2660 4689 23-24.
2683 4634 2913 4688 lacunas
2937 4633 3083 4701 expl.
3110 4633 3145 4687 b
3175 4636 3180 4699 ᾗ
3250 4670 3257 4677 -

595 4727 676 4775 24.
704 4724 996 4778 Διονύςιος
1031 4738 1134 4790 pto
1173 4722 1579 4789 Ἀριςτοφάνης
1615 4720 1948 4775 HSchradcr
1978 4724 1987 4790 Ι
2019 4711 2191 4774 ‘Fors
2228 4722 2368 4790 (ἐφ’
2402 4721 2511 4789 οὗ)
2547 4718 2621 4774 εἰς
2662 4719 2748 4773 esfi
2782 4718 2932 4771 enim
2970 4717 3185 4786 aliquid

597 4805 830 4860 lacunae
867 4806 924 4859 in
961 4806 1102 4865 cod.’
1140 4806 1176 4861 b
1212 4806 1272 4859 in
1309 4823 1423 4861 var.
1448 4807 1597 4873 lect„
1638 4809 1728 4861 καὶ
1765 4804 1815 4860 εἰ
1847 4822 1951 4874 pro
1989 4806 2154 4861 εἶκαὶ
2190 4804 2397 4860 conicit
2420 4802 2779 4860 RSchnsidcr
2808 4803 2816 4868 Ι
2848 4808 2929 4860 27.
2954 4803 3185 4873 <τεροι>

599 4889 955 4945 RSchneider
983 4893 995 4961 Ι
1024 4897 1107 4948 28.
1143 4890 1404 4947 lacunam
1441 4892 1588 4963 expl.
1624 4893 1660 4947 b
1693 4898 1703 4960 ι
1733 4897 1815 4946 30.
1855 4896 2127 4947 πειθανον
2162 4893 2206 4945 Α
