3738 5530
565 326 1007 383 Commentarius
1044 326 1270 381 criticus
1298 327 1357 380 et
1382 325 1699 395 exegeticus
1726 324 1788 379 in
1814 323 2103 394 Apollonii
2130 322 2357 394 Dyscoli
2385 324 2596 394 scripta
2621 323 2853 377 minora.
2932 321 3055 388 191

450 496 580 556 adv.
606 496 1054 572 177,26--28;
1090 497 1244 571 synt.
1268 495 1508 569 333,26
1526 511 1681 571 sqq.;
1715 493 1908 553 Hei-‚I
1933 494 2195 570 498,21.
2242 493 2305 552 Π
2328 493 3061 569 102,11.103,19-32;

449 579 642 646 Lehrs
690 606 746 661 q.
774 605 821 645 e.
862 588 948 644 40
968 603 1125 662 sqq.;
1169 583 1311 643 Lob.
1351 584 1466 643 Eu.
1502 584 1566 643 Π
1614 586 1758 642 241.

631 675 777 751 180,
799 676 877 733 21
929 670 1018 733 ὼε
1073 670 1176 734 καὶ
1231 669 1337 733 ἐπὶ
1381 672 1499 734 τοῦ
1543 671 1663 733 νῦν
1708 703 1797 714 -
1845 673 1927 731 23
1975 666 2360 750 παράγεται]
2417 671 2564 731 haec
2616 671 2889 749 intellegi
2942 689 3062 731 non

447 781 618 841 posse
665 763 972 823 contendit
1014 762 1227 822 Matth.
1265 762 1298 821 I
1337 763 1436 821 53.
1530 756 1761 838 ‘Neque
1808 755 2007 837 enim',
2066 762 2290 836 inquit,
2338 757 2553 837 ‘video,
2599 760 2893 837 quomodo
2938 760 3061 819 illis

447 852 733 930 probetur
776 852 865 928 id,
912 851 1071 929 quod
1115 852 1180 910 in
1226 850 1707 911 antecedentibus
1752 850 2127 928 probandum
2172 853 2327 925 erat,
2375 844 2555 911 οἶκον
2602 847 2691 922 δέ,
2739 844 2944 924 ἀγρὸν
2988 845 3063 910 δέ

446 943 596 1002 duas
649 943 937 1002 orationis
989 943 1215 1018 partes,
1270 959 1390 1000 non
1445 940 1729 1000 adverbia
1782 957 1923 1000 esse.
2014 940 2172 999 Nam
2223 941 2289 998 in
2345 939 2827 999 antecedentibus
2872 956 3063 1015 neque

448 1031 522 1090 de
567 1031 848 1091 adverbio
894 1030 970 1090 ab
1016 1031 1204 1090 altero
1251 1029 1531 1089 adverbio
1578 1029 1846 1090 derivato
1894 1031 2111 1106 agitur,
2156 1048 2347 1105 neque
2384 1048 2455 1088 ex
2489 1028 2892 1106 Apolloniana
2927 1027 3062 1088 doc-

448 1123 609 1180 trina
653 1121 835 1180 verba
881 1114 1085 1194 ἀγρὸν
1132 1114 1221 1191 δέ,
1269 1114 1622 1193 Οὔλυμπον
1667 1115 1756 1190 δέ,
1804 1112 1987 1179 οἶκον
2032 1114 2106 1178 δέ
2148 1121 2456 1195 tamquam
2493 1118 2892 1179 derivationes
2928 1136 3062 1177 cum

450 1210 584 1269 aliis
640 1210 716 1270 ab
773 1208 1052 1270 adverbio
1106 1207 1226 1269 νῦν
1280 1208 1748 1268 derivationibus
1803 1210 2136 1284 comparari
2189 1211 2463 1285 possunt,
2524 1226 2656 1267 cum
2701 1208 2815 1284 Ap.
2862 1207 2973 1267 illa
3027 1227 3064 1267 a

450 1299 916 1360 derivationibus
954 1301 1236 1373 secernat,
1273 1300 1342 1369 ut
1374 1299 1519 1372 177,
1542 1299 1641 1357 31.
1692 1299 1793 1356 32.
1837 1298 1983 1371 179,
2004 1298 2061 1355 4.
2105 1299 2251 1373 203,
2274 1299 2353 1356 17
2377 1315 2503 1373 sqq.
2567 1296 2886 1357 Praeterea
2920 1292 3064 1357 νυνί

448 1389 725 1464 formam,
782 1407 961 1465 quam
1015 1388 1204 1447 solam
1260 1387 1460 1463 aliquo
1513 1389 1644 1445 iure
1689 1405 1726 1445 a
1770 1385 1890 1446 νῦν
1945 1387 2278 1446 derivatam
2331 1387 2525 1446 dicere
2578 1388 2803 1463 potuit,
2862 1386 3063 1463 potius

451 1474 901 1538 ἐπεκταθεῖεαν
958 1495 1138 1553 quam
1192 1475 1627 1552 παραχθεῖεαν
1686 1477 2127 1535 nominavisset.
2226 1475 2499 1553 Denique
2556 1475 2916 1535 monendum
2973 1477 3066 1534 est

449 1565 563 1644 Ap.
611 1585 842 1644 semper
886 1566 1081 1626 dicere
1126 1560 1518 1639 παράγεεθαι
1565 1559 1697 1625 ἀπό
1743 1580 1918 1626 τινοε
1965 1567 2070 1623 aut
2114 1559 2290 1640 παρά
2339 1581 2424 1638 τι,
2471 1583 2778 1643 nunquam
2823 1560 2929 1625 ἐπί
2973 1580 3061 1624 τι·

450 1651 604 1718 νοε’.
677 1657 751 1715 In
796 1656 1170 1716 enarratione
1206 1655 1351 1731 quid
1396 1654 1512 1714 sibi
1546 1654 1697 1714 velit
1730 1652 1844 1731 Ap.
1884 1656 2030 1714 satis
2068 1654 2452 1730 explanatum
2488 1658 2593 1714 est.
2668 1653 2839 1724 Quod
2882 1655 3062 1715 etiam

449 1746 666 1805 clarius
722 1765 791 1805 ex
846 1745 1128 1822 exemplis
1184 1747 1448 1822 apparet.
1542 1738 1763 1803 Οἷκοθι
1815 1743 1977 1803 idem
2031 1743 2329 1822 significat
2382 1744 2544 1820 quod
2600 1738 2673 1804 ἐν
2718 1738 2874 1824 οἴκῳ
2887 1790 2901 1816 ,
2960 1742 3061 1803 sed

451 1829 655 1895 οἴκοθι
700 1836 1023 1912 genuinum
1069 1834 1416 1894 adverbium
1462 1836 1580 1907 est,
1638 1850 1772 1892 cum
1818 1827 1893 1893 ἐν
1938 1827 2095 1914 οἴκῳ
2141 1834 2295 1893 duae
2338 1835 2626 1893 orationis
2679 1836 2881 1910 partes
2927 1834 3072 1907 sint,

449 1924 813 2001 praepositio
850 1942 984 1983 cum
1029 1925 1281 1983 nomine.
1354 1924 1486 1982 Iam
1521 1940 1743 1982 novum
1774 1922 2108 1999 exemplum
2146 1922 2331 1982 affert.
2405 1923 2477 1981 In
2513 1922 2633 1982 νῦν
2669 1923 2828 1981 enim
2863 1924 3065 2000 singu-

449 2013 574 2072 lare
628 2013 1020 2087 παραγωγῆε
1075 2031 1260 2090 genus
1315 2011 1528 2089 dispici
1584 2014 1798 2089 potest.
1892 2011 2085 2071 Attici
2141 2012 2419 2072 dixerunt
2470 2008 2653 2072 νυνδί
2682 2037 2767 2060 ---
2795 2009 2939 2071 νυνὶ
2991 2007 3065 2071 δέ

451 2094 781 2185 (Aristoph.
820 2103 928 2179 Eq.
973 2104 1171 2178 13573
1229 2101 1386 2160 Plut.
1430 2092 1657 2182 1033),
1716 2097 1979 2175 νυνμενί
2035 2093 2172 2183 (Av.
2213 2093 2372 2183 448)
2403 2127 2487 2150 =
2517 2098 2660 2161 νυνὶ
2714 2096 2854 2175 μέν,
2915 2116 3063 2161 νυν-

451 2188 598 2267 γαρί
626 2217 711 2239 =
741 2188 882 2251 νυνὶ
929 2187 1051 2265 γάρ
1100 2183 1296 2273 (Eust.
1332 2191 1403 2249 Il.
1444 2191 1549 2265 45,
1570 2183 1669 2272 3);
1711 2193 1777 2249 in
1820 2191 1915 2250 his
1960 2189 2141 2250 habes
2187 2209 2329 2250 sane
2375 2186 2788 2265 παραγωγήν,
2836 2190 2939 2250 sed
2985 2185 3065 2250 οὐ

451 2276 690 2341 ταύτὸν
737 2274 1109 2354 παράγεται,
1156 2300 1274 2340 non
1318 2279 1478 2339 idem
1522 2280 1846 2355 derivatur,
1891 2281 1929 2337 i.
1968 2299 2015 2338 e.
2055 2279 2215 2357 quod
2258 2300 2367 2356 per
2409 2298 2754 2359 paragogen
2796 2278 2916 2340 νῦν
2963 2277 3063 2337 ad-

449 2369 652 2430 verbio
697 2370 998 2447 suffigitur
1050 2388 1170 2429 non
1214 2369 1354 2428 ilico
1400 2368 1607 2428 eadem
1652 2368 1939 2429 orationis
1993 2387 2134 2446 pars
2180 2370 2385 2430 evadit
2428 2388 2579 2446 quae
2636 2372 2727 2429 est
2769 2367 2906 2440 νῦν,
2961 2367 3062 2427 sed

451 2455 524 2519 δέ
569 2456 684 2533 μέν
730 2455 854 2533 γάρ
899 2456 1146 2519 voculae
1191 2477 1309 2519 non
1356 2457 1634 2519 desinunt
1677 2475 1804 2518 esse
1849 2460 2307 2519 coniunctiones.
2393 2458 2561 2518 Idem
2594 2460 2787 2519 multo
2831 2458 3063 2517 facilius

451 2550 637 2609 statui
690 2551 891 2626 potest
934 2547 1008 2608 de
1053 2541 1233 2609 οἶκον
1279 2543 1352 2608 δέ
1398 2549 1547 2623 sim,
1604 2549 1669 2607 in
1716 2548 1933 2624 quibus
1976 2567 2051 2607 ne
2098 2551 2190 2607 est
2234 2548 2472 2625 quidem
2516 2544 2901 2624 παραγωγή,
2961 2546 3063 2607 sed

451 2639 747 2715 appositio
792 2638 1046 2697 duarum
1089 2656 1328 2714 vocum,
1388 2656 1639 2713 quarum
1684 2640 2000 2715 utramque
2045 2656 2219 2697 suum
2261 2638 2605 2697 merismum
2648 2655 2882 2698 servare
2927 2654 3064 2695 con-

449 2730 798 2788 sentaneum
841 2729 944 2787 est.

633 2819 777 2893 180,
801 2819 878 2876 21
930 2820 1067 2894 post
1112 2811 1317 2878 οἴκοθι
1370 2817 1683 2877 inserenda
1725 2835 1852 2877 esse
1901 2836 2051 2894 quae
2109 2835 2268 2877 nunc
2315 2818 2462 2894 181,
2483 2819 2567 2877 20
2613 2813 2930 2893 Διαφέρει
2974 2848 3064 2858 —-

454 2908 534 2966 23
584 2903 929 2981 (υνδέεμου
975 2906 1272 2985 leguntur,
1327 2906 1709 2984 comprobare
1763 2907 1964 2967 studet
2007 2907 2220 2966 Matth.
2266 2907 2298 2966 Ι
2345 2908 2449 2981 55,
2502 2926 2636 2967 cum
2690 2925 2881 2983 neque
2925 2925 3063 2983 pars

451 3015 654 3056 eorum
698 2998 845 3070 sint,
892 3015 1044 3071 quae
1095 2996 1240 3071 181,
1264 3000 1340 3054 11
1366 3014 1452 3071 sq.
1500 2999 1778 3056 secutura
1822 3014 1949 3056 esse
1993 2997 2442 3074 promittuntur,
2495 2998 2556 3055 et
2611 2996 3063 3074 explicationem

451 3088 725 3145 accentus
770 3085 1138 3144 locutionum
1174 3079 1355 3145 οἷκον
1401 3081 1475 3145 δέ
1516 3079 1868 3160 Οὔλυμπον
1905 3082 1978 3146 δέ
2020 3087 2166 3161 181,
2190 3087 2447 3146 13—15
2492 3089 2553 3145 et
2596 3086 2853 3145 24—31
2908 3084 3064 3144 male

449 3177 902 3251 interrumpant.
977 3173 1141 3244 Quae
1180 3177 1533 3252 argumenta
1567 3193 1725 3234 nunc
1758 3175 2030 3235 refellere
2071 3175 2450 3252 supersede03
2494 3194 2634 3234 nam
2678 3178 2743 3234 in
2789 3177 2874 3234 eis
2912 3192 3065 3250 quae

450 3267 779 3340 sequuntur
825 3262 1117 3339 quomodo
1163 3262 1472 3340 Apollonii
1515 3264 1845 3341 disputatio
1891 3265 2309 3343 progrediatur
2354 3264 2684 3341 apparebit.

634 3354 777 3428 180,
799 3354 882 3411 24
930 3347 1268 3428 ἐκφέρεται
1313 3353 1593 3431 Egenolff
1629 3353 1661 3412 I
1709 3355 1864 3430 844,
1912 3357 2097 3430 recte,
2142 3373 2281 3414 nam
2328 3354 2657 3414 subiectum
2701 3354 2854 3413 nihil
2898 3352 3064 3412 aliud

452 3461 576 3502 esse
621 3445 821 3520 potest
865 3443 981 3502 nisi
1025 3439 1102 3502 τὸ
1149 3436 1420 3503 οἶκονδέ.

633 3533 778 3608 180,
801 3532 881 3590 25
927 3526 1065 3609 ὅτε]
1114 3526 1269 3592 ὅθεν
1313 3532 1410 3592 vel
1454 3528 1658 3592 ὥετεῖ
1730 3532 2010 3611 Egenolff
2037 3532 2069 3591 I
2107 3534 2266 3609 8443
2313 3534 2666 3592 alterutrum
2702 3552 2909 3594 verum
2954 3534 3061 3593 est.

633 3621 779 3696 180,
801 3622 883 3679 29
930 3614 1098 3700 <ἂν>
1144 3616 1425 3696 ἀνθρώπ.
1472 3621 1684 3680 Matth.
1722 3622 1754 3681 Ι
1802 3624 1914 3698 74ς
1959 3642 2013 3681 v.
2054 3624 2361 3682 comment.
2410 3622 2483 3681 de
2528 3622 2642 3699 Ap.
2690 3624 2946 3683 consuet.
2982 3653 3058 3664 —

635 3800 781 3874 180,
802 3800 1062 3858 31--32
1110 3798 1440 3859 subiectum
1486 3799 1798 3860 verborum
1845 3795 2058 3875 ἔχουει
2104 3803 2166 3860 et
2211 3795 2321 3861 ὦει
2368 3803 2460 3860 est
2517 3796 2580 3861 οἱ
2624 3797 3063 3874 ευμπλεκτικοὶ

455 3883 783 3962 εύνδεεμοι
798 3935 812 3959 ,
857 3890 1064 3965 itaque
1110 3888 1470 3967 superfluum
1515 3892 1607 3949 est
1650 3889 1907 3949 Dronkii
1952 3889 2454 3965 additamentum3
2498 3909 2689 3966 neque
2733 3891 3062 3951 necessaria

453 3977 768 4127 Egenglffii
817 3970 877 4060 (Ι
924 3968 1081 4059 844)
1129 3979 1440 4038 correctio:
1497 3977 1738 4038 πτῶειν
1782 3973 2182 4059 <ὀνόματα>,
2237 3975 2400 4040 κατὰ
2444 3977 2811 4054 (υμπλοκὴν
2856 3995 3060 4055 παρα·

457 4065 620 4143 λαμβ
666 4068 896 4128 νεεθαι.

635 4158 781 4232 181,
809 4158 848 4214 2
896 4155 1081 4216 Lehrs
1127 4158 1190 4215 in
1234 4156 1392 4216 MRh
1443 4157 1612 4216 1843
1658 4178 1716 4234 p.
1758 4157 1903 4216 352.

635 4246 840 4321 181‚4
901 4245 1019 4305 τοῦ
1077 4241 1331 4324 πλέονι]
1391 4245 1509 4307 τοῦ
1563 4243 1768 4308 πλέον
1820 4248 1898 4325 τῇ
1954 4247 2138 4307 Lehrs
2191 4248 2256 4305 in
2300 4247 2499 4306 Anall.
2546 4247 2663 4306 litt.
2710 4246 2840 4306 Jen.
2892 4248 3060 4309 1879

452 4355 511 4412 p.
539 4336 697 4411 2243
743 4334 847 4395 sed
884 4335 953 4392 cf.
984 4354 1148 4412 pron.
1182 4337 1284 4410 37,
1309 4337 1391 4395 14
1434 4332 1629 4395 πάλιν
1666 4331 1790 4411 γὰρ
1826 4332 2070 4396 πλείων
2106 4333 2145 4410 ἡ
2185 4333 2484 4410 διαετολὴ
2531 4336 2649 4397 τοῦ
2695 4334 3060 4411 προεώπου.

634 4425 779 4499 181,
802 4425 839 4482 6
889 4419 967 4483 οὐ
1016 4422 1139 4498 μὴν
1173 4456 1262 4468 —-
1300 4426 1334 4483 7
1384 4421 1487 4484 καὶ
1532 4421 1649 4485 τὸν
1696 4418 1877 4485 οἶκον
1925 4420 2025 4503 δέ]
2074 4421 2169 4484 ‘In
2213 4422 2331 4486 τὸν
2377 4419 2558 4486 οἶκον
2606 4419 2721 4501 δέ’,
2765 4427 3062 4504 inquiunt,

376 4566 379 4569 ,
454 4506 595 4574 ‘non
642 4516 894 4591 augetur
940 4513 1192 4573 articulo
1239 4514 1469 4573 adiecto
1513 4517 1605 4574 vis
1653 4514 2038 4591 anaphorica,
2083 4514 2186 4574 sed
2231 4514 2434 4574 subest
2477 4517 2643 4575 notio
2689 4534 2929 4592 prorsus
2974 4515 3063 4574 di-

453 4621 650 4678 versa3
709 4603 947 4662 omnino
1003 4603 1160 4661 enim
1213 4621 1334 4662 non
1386 4604 1509 4662 iam
1563 4604 1935 4681 intellegitur
1980 4597 2249 4676 ὀἴκαδε,
2304 4600 2586 4680 domum',
2641 4605 2743 4664 sed
2790 4621 2946 4663 nunc
2990 4601 3063 4665 δέ

452 4694 542 4751 est
584 4692 882 4769 particula
927 4686 1342 4752 adversativa’.

637 4782 782 4856 181,
804 4784 1021 4841 9-10
1057 4779 1160 4841 καὶ
1196 4775 1391 4842 πάλιν
1428 4776 1805 4856 ἀντείχοντο
1827 4813 1917 4825 —-
1945 4777 2312 4861 εχημάτων]
2350 4784 2497 4842 haec
2522 4803 2791 4862 pugnare
2818 4800 2952 4842 cum
2979 4786 3063 4843 eis

454 4889 605 4947 quae
632 4870 995 4947 praecedunt
1022 4873 1219 4930 censet
1245 4870 1456 4930 Matth.
1476 4872 1509 4930 I
1538 4873 1641 4946 54,
1664 4876 1729 4948 13
1765 4891 1905 4932 nam
1932 4873 1996 4930 in
2023 4871 2295 4931 omnibus
2325 4891 2476 4949 quae
2509 4874 2654 4949 180,
2677 4873 3003 4948 23-181,
3023 4876 3061 4932 9

451 4958 525 5019 de
571 4960 1042 5020 adversariorum
1097 4961 1392 5020 sententia
1446 4960 1840 5037 disseruntur,
1900 4962 1973 5021 de
2019 4964 2364 5022 accentuum
2420 4962 2649 5040 legibus
2704 4964 3064 5023 mentionem
