3738 5530
566 273 1007 330 Commentarius
1036 274 1262 329 criticus
1290 276 1350 329 et
1375 273 1697 344 exegeticus
1726 273 1788 329 in
1814 271 2103 344 Apollonii
2128 232 2359 342 Dyscoli
2387 273 2600 343 scripta
2622 272 2855 329 minora.
2936 274 3062 339 129

639 445 781 519 105,
805 444 842 503 6
892 437 983 503 ‘Si
1026 462 1168 503 vero
1215 437 1491 507 ἄλλοθεν
1536 443 1788 520 opponit
1833 441 2113 504 adverbio
2153 436 2429 515 Ἰλιόθεν,
2479 436 2675 503 ἄλλος
2720 442 2956 503 videtur
3000 443 3065 502 in

453 534 873 610 pronominum
933 550 1244 593 numerum
1306 533 1605 609 retulisse,
1678 552 1749 592 ex
1810 552 1931 609 quo
1996 531 2368 593 eximendum
2432 550 2556 592 esse
2618 549 2800 608 supra
2862 531 3064 593 docuit

451 642 509 699 p.
552 623 655 697 32,
678 623 758 681 22
781 615 892 698 sq.'
939 620 1063 681 Ska
1106 621 1137 680 Ι
1185 623 1285 681 23.
1379 620 1465 681 Of.
1504 623 1658 698 synt.
1701 623 2150 697 249,1o—-14.
2235 619 2390 681 Mihi
2436 619 2559 681 ska
2604 640 2674 681 ex
2717 620 2829 698 Ap.
2868 620 3063 683 verbis

452 711 586 787 plus
633 713 853 771 eruisse
900 710 1136 771 videtur
1179 730 1360 787 quam
1403 730 1515 788 par
1559 713 1676 787 est3
1729 710 1879 771 nihil
1937 713 2141 775 monet
2183 710 2484 771 teehnieus
2530 710 2645 770 nisi
2689 710 2827 787 hoo,
2882 712 3064 771 etiam

452 800 735 860 adverbia
796 804 886 863 ita
945 803 1104 861 inter
1166 818 1227 860 se
1289 803 1422 877 ipsa
1484 800 1745 875 differre,
1807 802 1880 859 ut
1942 800 2225 861 differunt
2284 802 2529 860 nomina
2590 802 2652 859 et
2711 802 3065 877 pronomina

452 908 797 967 possessiva.

636 980 779 1055 105,
803 979 841 1037 8
891 974 1168 1058 ἐδείχθη]
1215 998 1381 1056 pron.
1426 980 1573 1056 104,
1597 980 1873 1039 18—20.

634 1067 781 1145 105,
804 1069 883 1127 16
934 1069 1006 1127 of.
1053 1067 1430 1129 RSchneider
1472 1067 1504 1126 I
1549 1069 1698 1129 4⁷4.

634 1158 779 1232 105,
804 1159 883 1216 19
942 1152 1109 1217 ἰδίαν
1162 1153 1502 1237 ποιότητα]
1550 1157 1623 1217 ef.
1671 1158 1708 1216 L
1750 1159 1787 1216 6
1834 1153 1913 1218 τὸ
1969 1152 2085 1231 μὲν
2141 1152 2456 1235 (Ἰλιόθεν)
2515 1153 2587 1217 ἐκ
2637 1152 2847 1218 τόπου
2904 1154 3063 1231 μετὰ

453 1241 795 1319 ἰδιότητος;
838 1245 1034 1304 DThr.
1068 1248 1169 1323 33,
1192 1248 1229 1305 6
1262 1243 1493 1323 Κύριον
1531 1244 1647 1321 μὲν
1683 1241 1803 1308 οὖν
1842 1243 1968 1307 ἐςτι
2005 1242 2082 1307 τὸ
2119 1243 2237 1321 τὴν
2274 1240 2443 1309 ἰδίαν
2480 1241 2701 1307 οὐςίαν
2739 1246 3060 1321 ςημαῖνον.

452 1336 730 1413 Egenolff
761 1335 817 1392 V
858 1337 982 1395 123
1032 1340 1093 1394 et
1135 1335 1254 1395 ind.

633 1425 778 1500 105,
801 1427 882 1483 22
923 1424 1045 1484 Ska
1070 1424 1102 1483 I
1133 1427 1214 1486 23
1236 1425 1305 1485 ol.
1353 1425 1678 1505 PrisQXII
1708 1427 1793 1487 20
1830 1444 1886 1502 p.
1920 1425 2125 1501 589,·5
2175 1418 2540 1486 ‘Possessiva
2582 1424 2826 1487 nomina
2862 1441 3061 1484 aseen-

452 1513 726 1573 dentibus
769 1533 892 1573 non
936 1515 1129 1574 solent
1174 1515 1446 1593 adiungi,
1500 1517 1570 1574 ut
1616 1509 1961 1576 ‘Hectoreus
2016 1508 2210 1591 pater’
2256 1533 2379 1573 non
2430 1514 2707 1591 dicimus,
2768 1508 3060 1574 ‘frater'

452 1621 620 1663 vero
656 1603 770 1663 vel
808 1597 1122 1663 ‘servus'
1160 1605 1436 1680 dicimus3
1472 1607 1826 1682 pronomina
1859 1621 2001 1663 vero
2040 1603 2462 1681 adiunguntur,
2499 1607 2573 1665 ut
2600 1598 2788 1663 ‘meus
2822 1597 3060 1681 pater'.'

452 1691 607 1751 Skae
655 1693 1062 1757 emendatione
1108 1693 1363 1769 probata
1396 1694 1677 1755 Hoersoh.
1708 1694 1835 1753 378
1876 1696 2015 1770 post
2057 1689 2159 1753 καὶ
2204 1690 2312 1753 ςός
2357 1692 2526 1753 addit
2559 1688 2873 1771 <οὐιςέτι>,
2920 1696 3064 1771 quia

450 1781 579 1841 fieri
625 1801 744 1843 non
787 1784 994 1859 possit,
1039 1784 1108 1842 ut
1151 1802 1220 1847 ex
1268 1777 1573 1857 ἀςύνηθες
1619 1783 1777 1859 quod
1822 1781 2124 1860 pmcoffit
2158 1781 2433 1841 eliciatur
2470 1777 2747 1856 ςύνηθες.
2822 1779 2953 1853 Qua
2989 1782 3061 1843 de

449 1890 514 1930 re
542 1874 603 1931 et
628 1870 906 1948 Egenolff
925 1870 1014 1930 IV
1043 1874 1127 1931 44
1166 1871 1404 1932 dubitat
1430 1876 1492 1932 et
1517 1873 1645 1949 ipse
1672 1871 1910 1946 dubit03
1946 1870 2021 1931 ad
2061 1873 2117 1946 7,
2140 1872 2240 1931 28.
2317 1870 2467 1931 Cum
2492 1871 2742 1949 vulgata
2767 1873 3064 1948 scriptura

451 1960 728 2019 convenit
754 1959 868 2019 EM
901 1962 1044 2034 775,
1068 1962 1149 2023 37
1190 1957 1528 2036 Ἀποροῦςι
1556 1957 1629 2022 δέ
1657 1977 1824 2021 τινες
1853 1956 2172 2032 λέγοντες.
2218 1956 2383 2020 διατί
2411 1955 2738 2021 Αἰάντειος
2775 1956 2913 2022 υἱός
2958 1957 3060 2021 λέ-

453 2065 647 2121 γεται,
694 2043 1023 2110 Αἰάντειος
1069 2048 1142 2111 δὲ
1188 2046 1473 2127 ἀδελφός
1521 2047 1599 2111 οὐ
1642 2046 1913 2121 λέγεται.
1989 2046 2104 2109 Καὶ
2138 2044 2305 2111 ἔςτιν
2344 2045 2561 2121 εἰπεῖν,
2609 2045 2708 2109 ὅτι
2746 2049 2878 2110 τῶν
2914 2066 3059 2126 κτη-

455 2138 645 2199 τικῶν
683 2132 1102 2213 ἀντωνυμιῶν
1139 2137 1242 2200 καὶ
1276 2136 1441 2215 πρὸς
1479 2136 1770 2214 μείζονας
1814 2133 2201 2214 λαμβάνεται
2246 2133 2286 2212 ἡ
2335 2135 2535 2214 ςχέςις
2580 2135 2684 2199 καὶ
2718 2135 2883 2213 πρὸς
2920 2134 3060 2201 ἴςον

452 2224 555 2291 καὶ
591 2224 755 2302 πρὸς
799 2222 1081 2301 ἥττονα.
1114 2275 1126 2287 .
1164 2260 1253 2271 -
1290 2225 1426 2289 Ἐπὶ
1472 2227 1544 2288 δὲ
1589 2228 1722 2289 τῶν
1768 2227 2079 2302 κτητικῶν
2115 2222 2459 2302 ὀνομάτων
2505 2224 2699 2288 οὐδέν
2744 2245 2802 2287 τι
2846 2229 3059 2290 τοιοῦ-

453 2333 567 2377 τον
610 2311 891 2391 εὕρηται·
967 2312 1067 2377 ἀεὶ
1110 2315 1235 2391 γὰρ
1282 2315 1445 2393 πρὸς
1488 2313 1733 2391 ἥττονα
1778 2314 1948 2379 θέλει
1996 2310 2159 2377 εἶναι
2202 2313 2242 2390 ἡ
2290 2314 2505 2391 ςχέςις,
2552 2314 2655 2377 καὶ
2700 2311 2851 2378 οὔτε
2897 2315 3061 2394 πρὸς

452 2401 724 2479 μείζονα,
772 2400 924 2466 οὔτε
962 2403 1124 2480 πρὸς
1159 2401 1317 2468 ἴςον.
1391 2403 1603 2468 οὐδεὶς
1639 2403 1763 2481 γὰρ
1811 2402 1983 2478 λέγει
2022 2401 2485 2481 Ἀριςτάρχειος
2525 2402 2735 2481 πατήρ
2772 2403 2812 2480 ἢ
2851 2402 3058 2483 φίλος,

451 2490 912 2569 Ἀριςτάρχειος
959 2492 1030 2555 δὲ
1077 2491 1277 2571 ἀγρός
1323 2492 1594 2567 λέγεται.
1668 2491 1919 2559 Τούτου
1960 2491 2145 2570 χάριν
2181 2490 2509 2556 Αἰάντειος
2547 2493 2662 2569 μὲν
2701 2491 2838 2556 υἱός
2881 2493 3057 2568 λέγε-

451 2600 568 2654 ται,
618 2579 835 2658 ἐπειδὴ
875 2581 1038 2659 πρὸς
1076 2580 1319 2657 ἥττονά
1356 2580 1521 2646 ἐςτιν
1556 2580 1596 2660 ἡ
1637 2581 1861 2658 ςχέςις·
1936 2579 2265 2645 Αἰάντειος
2310 2583 2383 2647 δὲ
2422 2578 2708 2660 ἀδελφός
2754 2581 2832 2644 οὐ
2881 2583 3057 2657 λέγε-

450 2687 578 2733 ται·
650 2669 814 2752 πρὸς
858 2668 997 2734 ἴςον
1043 2670 1165 2750 γὰρ
1212 2671 1252 2748 ἡ
1301 2671 1515 2749 ςχέςις.
1608 2672 1692 2733 Of.
1731 2672 2042 2735 Philemon
2094 2676 2235 2734 172.
2333 2672 2441 2737 Cui
2486 2676 2802 2751 praecepto
2848 2693 3058 2737 eonve—

449 2764 681 2822 nienter
716 2762 887 2823 docet
923 2762 1157 2823 Lobeck
1195 2764 1269 2823 ad
1307 2764 1660 2824 Buttmanni
1697 2784 1783 2842 gr.
1812 2783 1898 2842 gr.
1927 2762 1989 2826 Π
2018 2764 2166 2839 436,
2213 2765 2338 2826 eius
2375 2765 2608 2842 generis
2643 2767 3060 2841 patronymica

450 2871 568 2912 non
615 2853 893 2931 coniungi
936 2854 1055 2914 nisi
1101 2873 1234 2913 oum
1279 2854 1521 2915 vocibus
1573 2873 1726 2930 quae
1772 2847 2237 2913 ‘descendentes’
2284 2852 2631 2931 significent.

639 2942 718 3001 Ut
769 2944 1056 3002 adiectiva
1107 2945 1173 3002 in
1226 2941 1299 3004 οἳ
1354 2946 1531 3003 murm
1594 2945 2089 3011 immutationum,
2150 2945 2237 3002 ita
2291 2945 2627 3017 possessiva
2679 2960 2795 3017 per
2843 2960 3059 3018 ymera

447 3046 720 3090 meros
764 3049 937 3094 casus
980 3035 1288 3105 slectwnbur
1332 3033 1477 3108 105,
1501 3033 1778 3092 23—30.

633 3121 778 3194 105,
803 3122 882 3180 23
930 3117 1216 3202 τριγενῆ]
1263 3121 1340 3182 ad
1388 3123 1611 3198 11,29.

633 3209 775 3284 105,
799 3211 878 3268 26
927 3208 1003 3270 τὸ
1051 3212 1189 3269 ante
1236 3207 1410 3285 ἐμός,
1465 3211 1502 3268 l.
1553 3212 1633 3270 27
1683 3206 1759 3269 τὸ
1805 3213 1945 3269 ante
1991 3204 2321 3283 νωίτερος,
2377 3209 2417 3267 l.
2468 3211 2549 3270 29
2598 3206 2674 3272 τὸ
2722 3213 2862 3272 ante
2907 3207 3055 3286 ἡμέ-

453 3311 636 3371 τερος
680 3300 743 3356 in
788 3293 828 3373 ἡ
874 3302 1070 3358 mutat
1115 3299 1325 3359 Matth.
1365 3299 1427 3358 Π
1475 3300 1808 3374 630-31;
1854 3299 1932 3358 ad
1981 3301 2037 3372 7,
2061 3300 2160 3358 28.

633 3388 775 3462 105,
798 3389 877 3446 27
927 3385 1003 3448 τὸ
1050 3384 1262 3467 ἐντός]
1311 3390 1433 3449 soil.
1480 3386 1847 3463 πρόςωπον,
1895 3389 1932 3446 i.
1976 3407 2022 3447 e.
2070 3388 2422 3464 possessoris
2466 3405 2734 3465 persona.

633 3478 776 3551 105,
800 3478 880 3537 29
929 3473 1197 3557 εἴρηται]
1253 3497 1419 3555 pron.
1461 3479 1562 3553 92,
1584 3479 1640 3537 3.
1692 3479 1961 3553 102,10.
2054 3474 2244 3535 Schol.
2291 3476 2489 3535 D'rhn.
2529 3478 2633 3553 85,
2654 3479 2735 3537 29
2758 3497 2843 3554 sq.
2892 3478 3055 3557 Hilg.

632 3568 684 3623 2.
747 3565 994 3626 Formae
1038 3568 1504 3643 possessivorum
1561 3568 1917 3645 singillatim
1960 3568 2381 3626 enumerantur
2430 3567 2575 3641 105,
2598 3568 2923 3643 31—113,
2950 3570 3045 3628 16.

629 3672 686 3715 α.
733 3656 1050 3733 singularis
1101 3658 1669 3733 105,31-—111,4.

626 3744 709 3802 In
752 3746 1008 3805 secunda
1048 3762 1310 3820 persona
1353 3747 1554 3806 dorica
1610 3745 1804 3819 forma
1849 3748 1933 3804 est
1984 3739 2172 3805 τεός.
2263 3744 2559 3805 Homerus
2604 3748 2657 3805 et
2697 3746 2895 3819 forma
2940 3764 3056 3806 om-

450 3834 618 3892 nium
659 3851 775 3894 usu
819 3838 1042 3908 recepta
1088 3832 1456 3909 ςόςμὺὶὺιιν,
1504 3838 1558 3893 et
1598 3836 1799 3894 dorica
1843 3829 2030 3895 τεός.
2121 3831 2430 3894 Aeolenses
2470 3830 2641 3894 τέος
2687 3836 2905 3904 dionant,
2952 3837 3055 3895 sed

455 3923 627 3980 etiam
673 3919 823 3993 ςός;
869 3922 1076 3983 Boeoti
1118 3921 1280 3985 τιός
1327 3928 1378 3984 et
1414 3920 1583 3984 τεύς
1632 3924 2245 3999 105,31-106,12.

632 4013 777 4087 105,
799 4013 877 4070 31
937 4007 1119 4085 Ἐμός
1170 4015 1450 4088 formam,
1514 4031 1633 4090 qua
1686 4015 1748 4071 et
1801 4014 1985 4071 attica
2038 4014 2229 4071 utitur
2282 4012 2570 4072 dialectus
2626 4015 2686 4071 et
2740 4012 2940 4073 doriea
2996 4018 3056 4074 et

449 4101 644 4160 ionica
689 4101 750 4160 et
794 4102 1082 4179 vulgariS,
1141 4104 1265 4162 iam
1308 4121 1490 4179 supra
1536 4101 1726 4161 obiter
1768 4100 1973 4179 tetigit
2021 4102 2166 4176 102,
2187 4102 2245 4177 8,
2300 4102 2505 4177 itaque
2548 4101 2606 4159 h.
2648 4101 2687 4160 l.
2734 4121 2853 4162 non
2899 4122 3054 4163 oom-

450 4192 815 4250 memoravit.
910 4190 1023 4250 Sed
1075 4212 1149 4251 ne
1203 4212 1321 4252 uno
1367 4191 1607 4269 quidem
1658 4190 1838 4250 verbo
1885 4190 1957 4250 de
2000 4192 2258 4250 retracto
2306 4193 2551 4250 aeeentu
2597 4185 2749 4265 ἔμος
2796 4192 3056 4252 aeolicae

451 4281 691 4356 formae,
738 4280 904 4339 euius
945 4283 1251 4358 genetivus
1288 4281 1445 4340 infra
1485 4283 1630 4355 109,
1652 4282 1691 4339 4
1739 4280 2000 4355 affertur,
2045 4280 2101 4337 h.
2130 4280 2169 4338 1.
2207 4281 2564 4339 mentionem
2609 4279 2753 4354 fieri,
2800 4280 2862 4340 id
2912 4300 3054 4342 sane

449 4369 845 4429 memorabile.
892 4402 979 4411 —
1025 4365 1211 4448 Τεός]
1268 4390 1432 4446 pron.
1477 4372 1577 4445 75,
1600 4371 1654 4428 2.
1707 4371 1946 4444 107‚93
2008 4370 2163 4444 synt.
2214 4370 2359 4444 159,
2392 4369 2503 4443 163
2563 4366 2673 4427 AO
2718 4368 2751 4427 I
2795 4372 2954 4446 412,
2986 4373 3054 4446 93

451 4457 590 4516 Ahr.
638 4458 802 4517 diall.
850 4458 912 4517 Π
961 4459 1101 4518 262.

631 4550 834 4624 106,6
882 4543 1054 4626 τέοε]
1100 4548 1242 4607 Ahr.
1290 4547 1452 4608 diall.
1498 4548 1529 4606 I
1580 4549 1733 4623 1263
1789 4546 1925 4607 Mei.
1971 4545 2004 4604 I
2051 4547 2206 4626 1673
2252 4545 2625 4607 OHoffmann
2668 4546 2731 4607 H
2779 4550 2926 4608 562.

632 4638 774 4713 106,
799 4640 882 4698 10
927 4633 1387 4713 μεταβάλλουςι
1428 4633 1504 4697 τὸ
1549 4635 1585 4696 ἒ
1631 4632 1718 4697 εἰς
1762 4631 1811 4715 ἰ]
1861 4636 1933 4695 of.
1962 4654 2126 4713 pron.
2161 4637 2397 4713 98,22;
2440 4635 2583 4695 Ahr.
2612 4635 2779 4697 diall.
2807 4637 2839 4696 I
2871 4640 2971 4715 79,
2994 4640 3050 4697 4.

457 4725 614 4800 2083
656 4726 790 4785 Mei.
827 4726 859 4784 1
908 4729 1050 4786 274.

634 4817 776 4889 106,
800 4818 877 4875 11
916 4810 1183 4895 εἴρηται]
1222 4834 1387 4892 pron.
1412 4816 1512 4891 75,
1536 4818 1635 4876 10.
1691 4815 1970 4874 Formam
2007 4811 2150 4876 τεύς
2186 4816 2519 4876 boeotioam
2553 4835 2661 4877 nee
2696 4816 3055 4878 Ain-ensium

456 4919 933 4964 commemorasse
980 4923 1085 4964 nec
1127 4905 1486 4982 Meisterum,
1533 4923 1714 4982 supra
1758 4897 1865 4988 (ad
1915 4907 2016 4980 75,
2040 4897 2149 4986 10)
2195 4908 2413 4965 monui.

559 5011 833 5062 Apollonius
861 5013 1097 5064 Dyseolns.
1153 5014 1189 5054 1.
1219 5024 1271 5054 11.
2594 5010 2628 5061 9
