3738 5530
731 308 863 373 262
938 307 1380 364 Commentarius
1410 306 1637 363 criticus
1667 308 1726 362 et
1752 308 2075 379 exegeticus
2103 307 2164 363 in
2191 307 2482 378 Apollonii
2509 307 2740 379 Dyscoli
2768 309 2979 380 scripta
3003 309 3234 364 minora.

732 478 1019 540 adverbia
1061 477 1195 538 τῶν
1242 471 1562 552 ῥημάτων,
1611 479 1977 555 argumentis
2015 480 2077 537 et
2110 476 2444 540 rationibus
2490 479 2727 556 probet3
2771 480 2963 539 tribus
3008 481 3346 557 posteriori-

730 569 842 629 bus
896 567 1343 644 minoribusque
1397 566 1461 626 id
1516 570 1751 641 caveat,
1812 561 1911 626 ‘ne
1966 566 2098 644 quis
2158 586 2483 644 paucorum
2544 569 2960 629 adverbiorum
3016 589 3129 630 usu
3182 571 3349 631 verbi

735 657 1171 735 adpositionem
1216 657 1573 717 evitantium
1618 656 1925 716 debilitari
1967 657 2077 716 illa
2122 662 2476 736 argumenta
2521 653 2858 719 existimet'.
2943 658 3061 718 Sed
3104 660 3159 718 h.
3206 680 3349 736 quo·

734 767 849 824 que
890 749 929 806 1.
968 747 1160 824 legem
1207 745 1323 805 sibi
1366 746 1539 805 finxit
1574 746 1833 821 Dronke,
1879 765 2061 822 quam
2096 735 2160 806 in
2206 749 2536 825 praeceptis
2574 749 2973 826 exemplisque
3018 749 3350 827 digerendis

733 836 904 914 sequi
939 836 1179 895 deberet
1212 834 1594 911 Apollonius:
1642 836 1706 893 at
1741 854 1861 894 non
1897 838 1989 896 est
2024 840 2277 916 secutus,
2323 838 2427 896 sed
2470 838 2660 898 multo
2696 840 2984 898 maiorem
3017 839 3348 899 libertatem

734 927 852 986 sibi
903 925 1249 986 vindicavit.
1344 923 1474 994 Qua
1529 923 1768 1001 quidem
1821 943 1964 986 usus
2019 925 2381 987 definitionis
2436 930 2672 1004 partem
2726 927 3167 1003 κατηγοροῦεα
3217 929 3352 989 τῶν

737 1012 809 1076 ἐν
855 1014 990 1075 τοῖς
1035 1008 1302 1089 ῥήμαειν
1350 1009 1689 1086 ἐγκλίεεων
1734 1010 2017 1075 καθόλου
2063 1012 2102 1089 ἢ
2151 1015 2420 1090 μερικῶς
2464 1017 2622 1077 hunc
2667 1017 2732 1077 in
2775 1017 3020 1078 modum
3062 1018 3353 1078 illustrat:

734 1097 909 1187 1(=
928 1104 961 1162 I
986 1096 1121 1185 Dr.)
1169 1100 1561 1178 Κατηγορεῖν
1599 1102 1883 1163 adverbia
1917 1103 2051 1164 τῶν
2090 1100 2160 1165 ἐν
2204 1105 2342 1166 τοῖς
2388 1101 2653 1181 ῥήμαειν
2690 1102 3031 1178 ἐγκλίεεων
3076 1108 3172 1167 vel
3215 1108 3353 1167 inde

737 1196 1014 1271 apparet,
1068 1192 1229 1270 quod
1274 1195 1515 1252 nomina
1560 1194 1623 1252 et
1668 1193 1850 1253 verba
1896 1190 2369 1270 θεματικώτερα
2424 1192 2579 1272 μέρη
2634 1195 2753 1256 τοῦ
2809 1192 3012 1269 λόγου
3058 1200 3198 1258 sunt
3242 1199 3354 1275 vel,

738 1287 808 1343 ut
853 1285 941 1343 ait
974 1282 1333 1358 Priscianus,
1380 1301 1485 1342 eae
1532 1282 1818 1343 orationis
1863 1285 2085 1359 parteS,
2131 1285 2258 1344 sine
2295 1285 2509 1362 quibus
2556 1286 2725 1345 nulla
2769 1288 2961 1346 oratio
3008 1287 3352 1364 completur.

737 1372 923 1443 Quem
971 1371 1048 1431 ad
1103 1371 1346 1431 modum
1398 1373 1588 1450 igitur
1634 1371 1994 1432 adiectivum
2038 1372 2270 1451 indiget
2313 1376 2579 1451 nomine,
2637 1394 2852 1435 nomen
2899 1376 3192 1437 adiectivo
3235 1396 3354 1436 non

735 1462 993 1539 indiget:
1038 1463 1128 1520 ita
1164 1460 1410 1521 verbum
1446 1460 1685 1538 quidem
1720 1482 1828 1538 per
1864 1479 1927 1522 se
1963 1462 2147 1522 efficit
2183 1465 2559 1540 sententiam,
2605 1464 2952 1525 adverbium
2999 1485 3118 1525 non
3155 1466 3356 1525 efficit.

734 1552 799 1611 Π
845 1544 960 1634 (--
979 1542 1095 1633 VI)
1143 1550 1370 1609 Eadem
1414 1550 1510 1609 lex
1555 1553 1739 1610 etiam
1782 1550 1871 1610 ibi
1915 1552 2079 1611 valet
2122 1552 2228 1611 ubi
2273 1552 2620 1614 adverbium
2661 1573 2772 1632 per
2815 1573 2877 1614 se
2922 1556 3188 1632 positum
3233 1574 3358 1615 esse

736 1640 993 1717 videtur,
1045 1640 1214 1699 velut
1268 1639 1371 1699 ubi
1418 1641 1502 1699 eis
1548 1642 1654 1717 qui
1708 1640 1940 1716 aliquid
1990 1642 2363 1717 perfecerunt
2415 1639 2717 1704 κάλλιετα
2761 1645 2858 1704 vel
2901 1640 3126 1718 ἥδιετα
3171 1645 3358 1705 accla-

737 1748 986 1791 mamus.
1079 1728 1173 1788 Ibi
1228 1730 1388 1788 enim
1439 1747 1673 1806 semper
1725 1729 2200 1790 subaudiendum
2255 1734 2347 1791 est
2390 1732 2664 1809 verbum,
2723 1735 2760 1792 i.
2809 1754 2857 1794 e.
2906 1734 3360 1794 acclamationes

737 1820 891 1880 nihil
936 1821 1077 1879 sunt
1112 1819 1231 1879 nisi
1267 1818 1548 1878 adverbia
1583 1819 1778 1879 verbis
1822 1840 1863 1878 n
1877 1839 1962 1879 on
2009 1821 2300 1897 appositis
2339 1815 2421 1905 (v.
2452 1821 2624 1882 discr.
2654 1814 2904 1904 script).
2977 1823 3071 1882 ῙΠ
3109 1818 3226 1905 (=
3245 1816 3360 1906 IV)

740 1909 857 1969 Sed
912 1908 1129 1968 dixerit
1181 1908 1434 1968 fortasse
1490 1909 1817 1985 quispiam,
1872 1905 2036 1969 κατὰ
2089 1907 2206 1970 τὸν
2260 1910 2562 1972 τοιοῦτον
2617 1908 2820 1984 λόγον
2873 1931 2981 1972 nec
3038 1907 3210 1989 οἴμοι
3255 1932 3363 1972 nec

740 2000 897 2059 aliae
942 1998 1383 2058 interiectiones
1420 1999 1546 2057 eius
1592 1999 1824 2076 generis
1873 1998 2251 2059 adnumerari
2294 2019 2466 2077 posse
2505 2001 2815 2061 adverbiis.
2890 2001 2976 2061 At
3011 2003 3125 2062 iste
3165 1998 3363 2075 λόγος

741 2089 845 2166 qui
879 2086 1123 2147 tandem
1168 2088 1250 2148 sit
1284 2087 1490 2164 fugere
1526 2105 1588 2146 se
1625 2087 1773 2147 dicit
1808 2088 2065 2149 Dronke.
2142 2089 2254 2150 Est
2291 2093 2490 2150 autem
2527 2091 2648 2151 hic:
2695 2087 2996 2152 κάλλιετα
3030 2092 3134 2151 ubi
3172 2094 3363 2153 accla-

739 2196 998 2252 mamus,
1050 2177 1299 2236 verbum
1344 2176 1588 2253 aliquod
1635 2176 2048 2255 subaudimus3
2108 2173 2279 2255 οἴμοι
2332 2180 2726 2240 vociferantes
2779 2200 2898 2240 non
2957 2181 3362 2257 subaudimus,

740 2287 883 2327 nam
918 2266 1070 2326 talia
1107 2261 1172 2327 ἐξ
1212 2261 1642 2326 αὐτοπαθεὶαε
1684 2261 2175 2343 ἀναπέμπονται
2212 2262 2390 2351 (127,
2414 2262 2555 2351 12),
2597 2272 2803 2346 itaque
2848 2271 2964 2330 sibi
3006 2270 3367 2347 persuadeat

742 2358 997 2417 fortasse
1052 2356 1351 2432 quispiam
1407 2349 1579 2430 οἴμοι
1632 2358 1761 2416 sim.
1811 2356 2108 2417 adverbiis
2163 2377 2302 2418 non
2356 2376 2480 2419 esse
2527 2359 2857 2419 tribuenda.
2951 2359 3067 2420 Sed
3111 2361 3363 2421 fallitur.

742 2446 1111 2521 Quicumque
1168 2447 1326 2505 enim
1372 2446 1524 2505 tales
1570 2464 1742 2506 voces
1789 2447 1986 2523 qualis
2032 2449 2124 2507 est
2168 2442 2340 2523 οἴμοι
2385 2448 2636 2525 emittit,
2690 2449 3007 2509 confitetur
3050 2469 3113 2510 se
3159 2451 3368 2527 aliqua

740 2556 806 2596 re
862 2534 1139 2595 affectum
1194 2552 1346 2609 esse3
1401 2534 1560 2594 affici
1616 2538 1816 2595 autem
1872 2539 1964 2596 est
2015 2539 2173 2613 pati,
2228 2538 2427 2614 passio
2481 2558 2622 2599 vero
2674 2540 2952 2615 provenit
3005 2559 3076 2599 ex
3132 2542 3367 2600 actione

742 2643 895 2704 quae
939 2623 1098 2683 inest
1139 2624 1205 2682 in
1249 2623 1458 2701 verb03
1514 2643 1654 2702 ergo
1710 2618 1882 2701 οἴμοι
1927 2644 2162 2703 quoque
2208 2627 2462 2686 refertur
2507 2627 2584 2687 ad
2628 2628 2875 2688 verbum
2921 2629 3079 2705 quod
3124 2631 3188 2689 in
3235 2630 3367 2706 ipso

743 2709 914 2791 οἴμοι
959 2717 1269 2791 tamquam
1314 2714 1483 2791 latet,
1527 2714 1780 2791 ideoque
1829 2715 2127 2776 adverbiis
2174 2715 2681 2778 adnumerandum
2727 2722 2820 2779 est
2864 2710 2964 2801 (cf.
2995 2717 3366 2779 GFSchoem.

742 2806 773 2864 Ι
822 2807 859 2864 9
892 2830 977 2852 ==
1007 2822 1204 2880 opusc.
1244 2802 1333 2862 IV
1373 2806 1520 2880 229,
1541 2797 1672 2886 30).
1765 2803 1854 2863 IV
1896 2797 2010 2887 (=
2040 2798 2130 2889 H)
2180 2804 2401 2867 Contra
2445 2808 2550 2867 ubi
2594 2808 2841 2868 verbum
2884 2827 3077 2885 neque
3121 2810 3370 2886 ponitur

742 2912 935 2971 neque
990 2893 1372 2969 subauditur,
1433 2893 1520 2952 ibi
1583 2912 1724 2953 sane
1790 2894 2135 2955 adverbium
2191 2916 2325 2956 cum
2387 2898 2626 2956 nomine
2684 2900 3063 2958 coniunctum
3124 2898 3369 2975 plenam

745 2984 1102 3044 sententiam
1155 3002 1275 3043 non
1331 2981 1515 3042 efficit
1559 2978 1875 3061 (Τρύφων
1929 2980 2186 3063 καλῶς).
2277 2985 2555 3046 Efficitur
2608 2990 2811 3047 autem
2863 2987 2969 3046 ubi
3012 2988 3090 3046 ad
3149 3007 3365 3048 nomen

745 3072 973 3133 accedit
1016 3071 1290 3148 verbum,
1344 3072 1627 3132 adverbio
1673 3075 1919 3148 omiss03
1965 3074 2041 3134 ad
2086 3094 2301 3135 nomen
2345 3076 2608 3153 pertinet
2652 3079 2835 3137 etiam
2881 3077 3196 3151 articulus,
3243 3081 3368 3137 sive

744 3162 1134 3240 praeponitur
1187 3161 1313 3222 sive
1365 3163 1763 3239 postponitur.
1854 3163 1914 3221 V
1960 3156 2074 3246 (=
2093 3156 2189 3246 V)
2253 3164 2424 3234 Quod
2478 3165 2552 3225 de
2606 3161 2907 3227 κάλλιετα
2961 3168 3091 3227 sim.
3139 3166 3367 3226 dictum

747 3253 855 3327 est,
898 3251 1057 3311 idem
1102 3252 1266 3311 valet
1310 3251 1384 3311 de
1430 3251 1768 3311 affirmandi
1812 3254 2190 3331 negandique
2235 3255 2546 3332 particulis
2592 3251 2697 3316 ναί
2733 3259 2796 3316 et
2833 3250 2937 3316 οὔ;
2983 3256 3369 3333 proferuntur

747 3340 905 3400 enim
964 3343 1273 3417 tamquam
1328 3342 1759 3418 complementa
1811 3342 1979 3402 verbi
2035 3343 2193 3419 quod
2252 3347 2429 3404 antea
2485 3347 2923 3423 interrogantes
2981 3347 3368 3422 protulimus3

744 3450 887 3490 nam
939 3431 1338 3508 interroganti
1391 3426 1708 3505 ἔγραψας
1764 3433 2188 3509 respondemus
2244 3429 2347 3493 ναί
2401 3433 2498 3493 vel
2554 3428 2659 3505 οὔ,
2717 3436 2886 3511 quasi
2943 3434 3208 3494 dicamus
3265 3431 3370 3496 ναὶ

746 3516 1029 3595 ἔγραψα,
1079 3515 1198 3579 οὐκ
1243 3515 1517 3595 ἔγραψα.
1609 3520 1821 3597 Itaque
1867 3517 1974 3582 ναί
2019 3517 2098 3581 οὔ
2144 3523 2279 3599 ipsa
2324 3543 2557 3599 quoque
2604 3526 2830 3600 optimo
2877 3524 3004 3583 iure
3049 3527 3113 3583 in
3160 3524 3367 3584 adver-

744 3609 980 3669 biorum
1033 3628 1345 3669 numerum
1403 3611 1755 3669 referuntur.
1846 3610 1935 3668 VI
1982 3602 2097 3692 (==
2127 3604 2246 3693 ΠΙ)
2311 3611 2682 3672 Postremum
2741 3617 3157 3692 argumentum
3170 3660 3186 3690 ,
3251 3633 3368 3691 quo

747 3699 1031 3759 adverbia
1084 3698 1465 3774 κατηγορεῖν
1519 3698 1651 3758 τῶν
1700 3695 1770 3760 ἐν
1824 3699 1962 3760 τοῖς
2008 3695 2272 3775 ῥήμαειν
2330 3697 2671 3773 ἐγκλίεεων
2717 3703 3027 3779 efficiatur,
3073 3724 3144 3764 ex
3189 3705 3366 3764 collo-

746 3788 980 3849 catione
1035 3788 1350 3848 verborum
1407 3789 1649 3865 petitur.
1744 3788 2039 3859 Quoniam
2094 3792 2252 3849 enim
2306 3790 2653 3851 adverbium
2715 3793 2874 3852 inter
2928 3793 3250 3853 articulum
3308 3796 3370 3852 et

747 3897 961 3938 nomen
1007 3896 1128 3937 non
1182 3878 1335 3938 solet
1386 3877 1560 3955 poni,
1619 3878 1767 3938 satis
1824 3881 2077 3955 apparet
2130 3879 2282 3938 illud
2327 3900 2436 3940 nec
2480 3881 2722 3941 articuli
2766 3901 2875 3942 nec
2897 3884 3177 3943 nominis
3222 3901 3367 3958 esse,

749 3966 851 4026 sed
898 3968 1006 4025 aut
1051 3967 1232 4042 verbi,
1278 3970 1402 4042 aut,
1447 3966 1608 4044 quod
1652 3968 1791 4027 huic
1837 3972 2156 4046 cognatum
2202 3972 2310 4043 est,
2354 3970 2676 4048 participii.

927 4055 1038 4115 His
1076 4057 1359 4133 expositis
1404 4057 1551 4116 satis
1597 4057 1745 4116 mihi
1783 4057 2214 4119 demonstrasse
2261 4058 2483 4135 videor,
2529 4060 2796 4120 ordinem
2839 4079 3039 4121 rerum
3085 4064 3149 4122 et
3191 4080 3368 4141 argu·

750 4147 1082 4204 mentorum
1126 4145 1541 4223 perturbatum
1585 4165 1706 4206 non
1752 4165 1894 4207 esse.

2009 4271 2114 4331 VI.

928 4411 999 4470 In
1051 4414 1353 4489 postrema
1408 4414 1696 4489 epistulae
1760 4432 1903 4475 suae
1955 4418 2126 4492 parte
2181 4435 2280 4476 eos
2345 4417 2782 4494 epirrhematici
2845 4420 3005 4480 locos
3062 4422 3368 4480 enumerat

751 4499 1011 4573 Dronke,
1054 4500 1269 4577 quibus
1316 4502 1554 4562 eaedem
1598 4522 1692 4565 res
1737 4503 1829 4563 bis
1876 4507 2228 4565 tractantur.
2311 4505 2399 4566 Ac
2444 4507 2705 4585 primum
2751 4508 2994 4586 quidem
3040 4509 3113 4568 de
3160 4509 3366 4569 adver·

751 4588 866 4648 biis
902 4590 967 4647 in
1003 4587 1081 4650 δῦ
1120 4591 1467 4652 exeuntibus
1504 4612 1623 4652 non
1660 4594 1855 4654 solum
1891 4594 1981 4654 bis
2018 4596 2080 4652 in
2121 4595 2573 4671 epirrhematico
2610 4598 2944 4658 disseritur:
2986 4600 3363 4675 176,8-27

751 4680 813 4737 et
851 4679 996 4755 193,
1021 4681 1298 4756 20-29,
1344 4681 1448 4741 sed
1485 4685 1666 4741 etiam
1701 4685 1765 4742 in
1803 4702 1874 4742 ea
1911 4684 2343 4760 dissertatione,
2379 4705 2560 4761 quam
2594 4689 2919 4747 rectissime
2955 4689 3196 4765 syntaxi
3240 4691 3365 4747 vin-

752 4766 977 4827 dicavit
1003 4767 1402 4829 OSchneider:
1445 4774 1591 4847 207,
1613 4774 1845 4832 9—22.
1903 4772 2211 4833 Accedunt
2237 4773 2302 4832 hi
2328 4774 2471 4834 loci:
2512 4777 2658 4851 163,
2682 4778 2895 4836 7-13
2917 4803 3004 4826 =
3028 4780 3175 4853 192,
3198 4779 3366 4837 15-—

756 4857 902 4932 193,
923 4859 979 4916 4.
1023 4859 1169 4934 165,
1194 4861 1517 4936 20—169,
1537 4862 1615 4921 19
1639 4888 1724 4910 =
1749 4863 1894 4938 195,
1915 4864 2236 4938 23-196,
2258 4865 2356 4922 11.
2400 4865 2544 4940 163,
2563 4867 2889 4943 28-165,
2908 4869 2988 4926 19
3011 4893 3094 4914 --
3120 4869 3363 4941 194,22

761 4949 994 5023 -195,
1027 4949 1127 5008 22.
1228 4948 1344 5019 Qui
1403 4952 1637 5010 tantum
1703 4952 1934 5012 abesset
1995 4955 2068 5013 ut
2131 4952 2512 5013 offensionem
2574 4955 2889 5032 haberent,
2949 4960 3020 5017 ut
3080 4957 3365 5034 reliquiae
