3738 5530
707 331 840 396 232
914 329 1362 387 Commentarius
1390 331 1619 386 criticus
1646 331 1707 386 et
1733 329 2057 400 exegeticus
2083 331 2144 386 in
2172 330 2462 402 Apollonii
2489 329 2718 401 Dyscoli
2746 330 2960 401 scripta.
2985 331 3218 386 minora..

709 502 851 562 sunt
893 502 1170 579 longiora
1216 520 1397 578 quam
1440 519 1550 577 pro
1597 501 1794 577 spatio
1838 501 2110 575 lacunae,
2154 501 2384 561 conicio
2419 500 2604 561 fuisse
2641 501 2930 578 scriptum
2965 499 3083 561 τοῦ
3118 494 3336 577 <κοι>-

708 589 856 662 νοῦ,
912 593 950 650 i.
991 611 1038 650 e.
1095 593 1223 651 eius
1284 590 1719 650 coniunctionis
1780 610 1934 667 quae
1992 591 2044 650 si
2105 590 2295 651 solam
2353 591 2608 650 formam
2665 593 2900 667 specte-s
2959 589 3338 649 disiunctivis

712 680 1184 757 dubitativisque
1231 680 1543 741 sententiis
1589 681 1919 740 communis
1966 682 2073 755 est,
2119 682 2181 739 et
2223 679 2370 739 haec
2405 678 2523 740 τοῦ
2560 679 2782 741 κοινοῦ
2825 680 3108 740 adiecisse
3152 680 3337 756 scrip-

708 772 926 845 torem,
972 772 1044 829 ut
1087 768 1127 844 ἦ
1174 767 1247 844 n}
1295 764 1638 844 ςύνδεεμο(
1685 770 1789 846 qui
1834 772 1928 829 est
1971 764 2187 830 κοινός
2232 769 2357 844 vel,
2403 770 2474 827 ut
2519 770 2608 829 ait
2656 771 2803 846 229,
2828 773 2929 844 19,
2974 768 3202 829 κοινῶς
3250 763 3333 828 εἰ·

710 855 1028 934 λημμένοε
1084 854 1189 919 ἐπί
1242 874 1314 919 τε
1370 855 1750 922 διαζεύξεωε
1805 853 1910 919 ἐπί
1964 875 2035 919 τε
2083 855 2549 934 διαπορήεεωε,
2612 862 2951 937 opponatur
2994 858 3120 918 illis
3166 854 3336 935 (ἤτοι

714 940 869 1030 ἆρα)
914 949 1021 1026 qui
1064 968 1184 1008 non
1229 950 1373 1008 sunt
1416 944 1639 1009 κοινοί.

886 1031 3337 1114 Supradictwnestdpainfipunonbrmireindialectisauicaetval-

705 1130 869 1203 qao-i,
929 1131 1183 1188 transire
1233 1130 1303 1188 in
1356 1130 1571 1188 ceteri-9.
1664 1127 1796 1203 Qua
1841 1146 1912 1188 ex
1953 1146 2019 1187 re
2072 1128 2316 1202 quidam
2357 1131 2723 1201 pataverunt
2771 1128 2877 1187 hoc
2920 1128 3164 1196 elucere,
3215 1143 3336 1185 non

708 1219 829 1277 nisi
874 1216 1109 1292 lonqam
1144 1214 1186 1277 ἆ
1231 1218 1307 1277 ab
1344 1217 1592 1277 Ionibus
1634 1219 1704 1277 in
1738 1214 1778 1291 ἦ
1816 1219 2269 1292 transformari,·
2312 1233 2455 1291 quos
2497 1216 2636 1291 falli
2667 1217 2898 1292 Trypho
2942 1217 3338 1291 compluribus

713 1307 987 1381 amplis
1049 1307 1456 1381 comprobavit.
1562 1305 1680 1366 Sed
1740 1309 1938 1380 ipsam
2001 1300 2044 1366 ἄ
2052 1322 2089 1382 ρ
2103 1323 2144 1366 α
2207 1306 2561 1367 collectivam
2621 1307 2690 1366 in
2744 1300 2833 1381 ἦρ
2847 1323 2889 1367 α
2951 1308 3205 1367 transire
3266 1323 3338 1365 cx

713 1397 1043 1457 Homericis
1091 1396 1230 1457 loeis
1276 1400 1525 1471 apparit
1571 1397 1718 1472 227,
1741 1397 2070 1471 21—228‚
2094 1397 2193 1455 10.

896 1504 1043 1579 227,
1068 1505 1146 1562 21
1212 1496 1482 1582 εἴρηται]
1546 1504 1693 1579 223,
1724 1503 2005 1579 24-25,
2067 1503 2170 1579 qui
2230 1503 2394 1563 locus
2455 1501 2693 1581 flagitat
2749 1504 2819 1561 ut
2876 1496 3134 1581 <κοινῆε
3192 1497 3339 1581 καὶ)

716 1591 1002 1667 addatur,
1047 1594 1119 1652 cf.
1158 1591 1535 1652 RSchneider
1570 1591 1633 1651 H
1673 1593 1773 1651 14.

900 1701 1048 1776 227,
1071 1701 1153 1759 22
1202 1694 1334 1779 ἐπί]
1384 1693 1456 1759 ἐκ
1498 1699 1779 1779 Egenolff
1817 1699 1849 1757 I
1897 1701 2045 1776 847,
2102 1693 2233 1760 ἀπό
2279 1698 2463 1758 Lehrs
2517 1697 2582 1757 in
2627 1698 2780 1758 Anu.
2825 1699 2946 1758 litt.
2990 1698 3123 1758 Jen.
3165 1699 3335 1757 1879

716 1810 772 1867 p.
816 1791 961 1849 224.
1052 1789 1180 1849 Aut
1225 1783 1295 1849 ἐκ
1349 1788 1723 1849 scribendum
1770 1791 1927 1863 erat,
1981 1791 2052 1848 ut
2093 1808 2261 1865 pron.
2306 1790 2408 1863 17,
2429 1789 2530 1847 24.
2580 1789 2683 1864 68,
2705 1789 2817 1864 213
2871 1791 3025 1865 synt.
3069 1788 3215 1862 116,
3237 1789 3338 1862 25,

718 1879 826 1938 aut
868 1873 975 1939 διά
1021 1881 1092 1938 ut
1133 1898 1302 1955 pron.
1336 1879 1560 1952 71,31.

896 1970 1044 2043 227,
1067 1970 1149 2027 24
1196 1967 1478 2046 Egenolff
1505 1967 1538 2025 I
1577 1969 1703 2027 847
1743 1962 1967 2028 καθότι
2013 1962 2171 2046 ὃ<ε>
2217 1961 2289 2027 ἐν
2338 1964 2561 2042 βραχεῖ
2604 1966 2698 2046 τῷ
2735 1963 2779 2027 ἇ
2814 1961 3165 2040 λεγόμενος
3214 1960 3339 2040 ἄρα

718 2052 1185 2128 ςυλλογιςτικός
1232 2053 1359 2117 ἐστι
1406 2052 1804 2132 καλούμενος
1848 2052 1890 2130 ἢ
1938 2051 2331 2132 ἐπιφορικόε,
2380 2051 2459 2116 οὐ
2508 2055 2898 2130 μετατιθεῖει,
2947 2075 3099 2134 quae
3144 2075 3337 2116 emen-

717 2145 883 2205 datio
928 2146 1337 2206 Bekkerianse
1380 2145 1772 2223 praeferenda
1814 2145 2070 2207 videtur.
2118 2177 2206 2186 —
2253 2144 2342 2205 Of.
2380 2145 2531 2205 coni.
2573 2146 2721 2220 258,
2744 2147 2843 2205 13.

897 2238 1042 2311 227,
1068 2238 1148 2295 26
1199 2230 1346 2296 ‹bct-:i
1389 2237 1429 2295 i.
1469 2254 1523 2313 q.
1572 2232 1662 2296 ὡ(
1707 2237 1779 2295 cf.
1819 2236 1968 2295 coni.
2011 2236 2251 2311 224‚5;
2295 2236 2606 2295 comment.
2644 2233 2717 2295 de
2761 2235 2875 2312 Ap.
2914 2237 3174 2295 consuet.

897 2326 1044 2402 228,
1067 2326 1104 2384 6
1154 2320 1275 2386 οὐκ
1321 2319 1494 2403 ἀ<πὸ
1538 2324 1658 2386 τοῦ
1705 2320 2193 2404 διαπορητικοῦ]
2239 2325 2437 2384 mente
2483 2324 2880 2402 supplendum
2926 2327 3041 2384 est:
3089 2320 3220 2385 ἀπὸ
3267 2321 3338 2385 δὲ

723 2413 840 2475 τοῦ
888 2413 1379 2487 (υλλογιετικοῦ.
1470 2413 1776 2475 Lacunam
1823 2413 2086 2491 explevit
2127 2413 2184 2473 b.

892 2513 961 2603 b)
1009 2523 1103 2582 Dc
1148 2521 1304 2596 μῶν
1340 2522 1676 2596 particulae
1718 2524 1918 2597 forma
1963 2526 2016 2582 et
2056 2524 2288 2582 notione
2336 2522 2484 2597 228,
2507 2523 2831 2598 11-229,
2852 2523 2953 2581 22.

896 2607 1077 2671 Μῶν
1130 2629 1251 2671 non
1302 2629 1372 2672 ex
1426 2608 1516 2686 μὴ
1573 2606 1711 2672 οὖν
1757 2613 2075 2684 conflatum
2119 2630 2256 2680 esse,
2301 2616 2367 2670 at
2410 2612 2762 2685 quibusdam
2801 2611 3059 2686 placuit,
3110 2612 3339 2687 Trypho

706 2704 977 2778 primwm
1018 2703 1250 2762 notione
1286 2701 1682 2762 demonstrare
1724 2702 1931 2762 studet.
2004 2699 2071 2776 a)
2109 2702 2279 2761 Fieri
2321 2718 2442 2761 non
2476 2718 2652 2776 posse
2693 2704 2763 2760 ut
2805 2697 2895 2777 μή
2933 2692 3336 2784 (adverbium)

716 2792 1140 2852 dehortativum
1184 2810 1318 2852 cum
1361 2794 1760 2852 coniunctione
1804 2792 2098 2852 collectiva
2140 2794 2229 2852 ita
2281 2795 2677 2866 componatur,
2729 2794 2797 2850 ut
2839 2792 3169 2852 dubitativa
3212 2810 3339 2851 eva·

716 2882 846 2951 dat,
901 2883 1044 2956 quia
1087 2883 1317 2941 mtcrsit
1360 2881 1589 2956 aliquid
1632 2885 1785 2942 mter
1829 2882 2094 2957 colliqere
2147 2885 2199 2941 et
2242 2881 2528 2942 dubitare.
2619 2878 2682 2954 b)
2729 2882 2960 2941 Deinde
3010 2876 3147 2941 οὖν
3184 2885 3339 2955 post-

706 2973 875 3045 poni,
922 2970 1077 3045 μῶν
1112 2973 1423 3045 praeponi.
1494 2969 1698 3031 Altero
1744 2971 1864 3032 loco
1899 2972 2131 3047 Trypho
2175 2971 2247 3030 dc
2289 2972 2488 3045 forma
2529 2974 2749 3030 monet.-
2793 2968 2851 3044 c)
2887 2972 2955 3030 in
2996 2970 3340 3046 synaloephe

717 3058 756 3119 ῡ
791 3062 1089 3134 supprimi
1121 3078 1243 3120 non
1276 3059 1459 3121 solere
1499 3061 1943 3135 228‚11—l9.
2013 3059 2098 3121 cf.
2128 3059 2269 3120 Her.
2297 3060 2329 3118 Ι
2359 3059 2507 3135 516,
2529 3061 2608 3119 21
2643 3051 2759 3141 (=
2778 3059 2872 3118 Jo.
2902 3060 3069 3120 Alex.
3101 3061 3205 3134 40,
3228 3053 3337 3140 26)

718 3144 792 3208 Ὁ
837 3147 976 3222 μῶν
1022 3143 1171 3223 παρ’
1217 3144 1576 3223 Ἀθηναῖοι(
1622 3145 2074 3225 διαπορητικὸ(
2121 3145 2216 3208 ὢν
2262 3147 2666 3223 περιεπᾶται·
2741 3142 2874 3209 ἀπὸ
2921 3144 3045 3223 γὰρ
3090 3148 3209 3209 τοῦ
3257 3146 3335 3224 μή

717 3234 821 3298 καὶ
865 3237 984 3298 τοῦ
1032 3232 1153 3298 οὖν
1191 3234 1521 3310 (ύγκειται,
1571 3235 2045 3315 Δωρικώτερον
2081 3234 2421 3313 mandene
2467 3238 2579 3312 τῆς
2616 3235 2696 3298 ὅῡ
2733 3234 3099 3313 διφθόγγου
3137 3232 3228 3298 εἰς
3263 3234 3336 3298 τὸ

718 3326 792 3399 ὦ,
839 3323 957 3401 τὴν
1003 3325 1077 3387 δὲ
1122 3322 1243 3388 οὖν
1286 3322 1551 3403 εἴπομεν
1598 3326 2031 3403 περιεπᾶεθαι.
2095 3328 2212 3387 ΕΜ
2253 3328 2400 3402 596,
2421 3330 2504 3386 24
2546 3323 2734 3387 Μῶν·
2799 3321 3336 3406 <δι>απορη[μα]-

719 3412 891 3477 τικό(
928 3413 1056 3477 ἐστι
1093 3413 1451 3492 (ύνδεεμοε,
1499 3411 1642 3478 ἀντὶ
1676 3417 1795 3479 τοῦ
1834 3411 1987 3492 ἄρα·
2062 3413 2361 3492 ευνετέθη
2400 3414 2474 3477 δὲ
2511 3412 2643 3477 ἀπὸ
2688 3415 2806 3477 τοῦ
2845 3413 2926 3491 μή
2976 3410 3335 3491 ἀπαγορευ-

719 3505 897 3567 τικοῡ
959 3503 1061 3567 καὶ
1118 3505 1238 3567 τοῦ
1299 3501 1417 3568 οὖν
1473 3503 1847 3582 ςυνδέςμου·
1938 3504 2041 3567 καὶ
2098 3502 2358 3577 ἐγένετο
2416 3503 2498 3581 μὴ
2557 3499 2692 3577 οὖν,
2755 3500 3051 3586 ἀποβολῇ
3109 3505 3229 3567 τοῦ
3281 3504 3335 3580 ἦ,

724 3594 912 3670 μοῦν·
986 3592 1090 3657 καὶ
1135 3597 1343 3676 τροπῇ
1391 3592 1655 3676 Δωρικῇ
1702 3595 1820 3657 τοῦ
1855 3594 1938 3657 ὦ
1977 3590 2068 3658 εἰ(
2114 3592 2168 3656 ὦ
2214 3591 2457 3667 γίνεται
2503 3594 2666 3670 μῶν·
2741 3591 2843 3655 διὸ
2889 3592 2994 3655 καὶ
3039 3594 3335 3669 περιεπᾱ-

720 3702 839 3746 ται.
894 3685 1002 3747 EG
1041 3686 1280 3762 402,5;
1325 3684 1496 3746 Phot.
1536 3684 1674 3745 Lex.
1716 3687 1953 3762 284,3;
1996 3685 2136 3745 Hes,
2176 3684 2340 3744 Suid.
2379 3703 2424 3744 s,
2453 3705 2538 3760 v.;
2581 3684 2725 3745 Lob.
2763 3684 2879 3743 En.
2917 3684 2981 3743 H
3020 3686 3165 3745 103.

903 3794 1151 3868 228,11
1202 3809 1398 3853 τινων
1443 3787 1860 3872 <ὑπενοήθη>
1907 3788 1997 3853 ὡς
2040 3791 2228 3852 Lehrs
2271 3793 2335 3851 in
2371 3791 2525 3851 Anu.
2563 3792 2680 3852 litt
2719 3791 2850 3852 Jen.
2886 3792 3055 3852 1879
3103 3812 3163 3869 p.
3198 3794 3337 3853 224.

903 3884 1154 3958 228,18
1204 3881 1277 3942 de
1313 3882 1532 3943 Velsen
1579 3882 1822 3959 Trypho
1873 3883 1974 3942 37.
2056 3880 2242 3942 Lehrs
2287 3883 2351 3941 in
2395 3881 2552 3941 Ann.
2590 3882 2712 3943 litt.
2746 3881 2878 3941 Jen.
2913 3883 3083 3942 1879
3122 3902 3181 3959 p.
3215 3883 3337 3941 224

725 3966 815 4033 ὡς
861 3967 993 4045 ἔχει
1037 3969 1114 4033 τό
1160 3972 1257 4032 vel
1302 3966 1447 4033 οἷον
1492 3968 1587 4033 τό.

897 4067 993 4137 Ad
1039 4070 1114 4160 c).
1180 4078 1437 4153 Quidam
1480 4079 1919 4149 contenderunt,
1953 4082 2199 4154 propter
2242 4080 2658 4152 cacophoniam
2700 4075 2740 4138 ῦ
2784 4095 3166 4153 suppressam
3208 4095 3337 4139 csse.

720 4168 923 4227 Potius
966 4169 1339 4228 statuendum
1384 4173 1491 4238 est,
1534 4171 1603 4228 in
1647 4171 1958 4242 composito
2001 4186 2122 4229 non
2167 4163 2305 4229 οὖν
2348 4169 2452 4229 sed
2497 4163 2600 4228 ὧν
2644 4170 2903 4228 ionicum
2946 4168 3038 4228 vel
3081 4169 3338 4228 dor-imm

720 4256 810 4316 vel
863 4257 1147 4317 acolicwm
1202 4260 1406 4318 inesse.
1495 4258 1621 4319 Nec
1676 4261 1898 4318 mirum
1955 4258 2220 4318 doricam
2274 4261 2531 4332 formam
2587 4275 2913 4328 occurrere,
2968 4276 3114 4319 nam
3172 4260 3337 4318 ctiam

722 4340 1048 4421 θάτερον
1092 4364 1213 4406 non
1258 4366 1326 4407 ex
1372 4343 1455 4407 τὸ
1504 4343 1773 4423 ἕτερον
1819 4351 2013 4408 orbum
2057 4353 2156 4418 est,
2198 4349 2302 4410 sed
2347 4365 2418 4409 ex
2461 4344 2546 4409 τό
2594 4351 2648 4409 ct
2690 4348 2895 4409 dorica
2929 4350 3128 4423 forma
3173 4342 3331 4408 ἅτε-

723 4451 862 4511 ρον
913 4437 1408 4511 228,19—229,
1429 4438 1486 4496 8.

902 4526 1153 4601 228,22
1202 4526 1346 4585 Ahr.
1384 4525 1548 4586 diall.
1584 4525 1649 4585 H
1696 4528 1798 4602 93,
1819 4527 1877 4586 5.

903 4615 1050 4688 228,
1073 4614 1156 4674 25
1204 4614 1346 4675 Lob.
1387 4616 1464 4674 ad
1509 4614 1729 4693 Phryn.
1770 4618 1918 4676 428.

908 4706 1054 4780 229,
1077 4704 1113 4763 5
1171 4705 1722 4783 Etymologicorum
1775 4704 2191 4766 testimonium
2243 4704 2456 4780 Lentz,
2514 4724 2878 4784 quamquam
2932 4705 3062 4783 ipse
3119 4707 3331 4765 fatetur

724 4792 1031 4852 simillima
1074 4792 1289 4854 habere
1334 4794 1747 4872 Apollonium,
1802 4798 2003 4855 tumen
2051 4794 2209 4872 quod
2253 4795 2545 4856 concisius
2600 4796 2682 4856 sit
2725 4798 2788 4855 et
2831 4798 3140 4873 praeterea
3184 4791 3328 4871 quod

725 4882 971 4959 spiritus
1008 4883 1370 4944 mentionem
1396 4885 1598 4960 faciat,
1635 4884 1979 4944 Herodiano
2007 4903 2113 4945 suo
2144 4886 2413 4963 assignat
2437 4884 2502 4944 H
2531 4886 2747 4960 344,9.
2814 4884 3019 4944 Thom.
3041 4884 3118 4943 M.
3141 4885 3325 4959 27,13

723 4971 989 5033 Ritschl:
1050 4967 1343 5047 ‘'Arepoc,
1401 4970 1480 5034 οὐ
1535 4968 1830 5050 θάτεροε·
1926 4970 2251 5051 βάρβαρον
2306 4969 2455 5050 γάρ·
2550 4969 2605 5034 εἰ
2659 4971 2764 5034 καὶ
2821 4970 3184 5050 Λυκόφρων
3235 4965 3328 5034 καί
