3738 5530
590 348 717 414 246
1539 346 1719 400 ΠΕΡΙ
1755 346 2234 401 ΣΤΝΔΕΣΜΩΝ.

1603 469 1647 507 p.
1673 457 1767 507 ωε,
1795 458 1820 497 a
1847 477 1895 485 -
1924 456 2015 506 διε,
2046 456 2093 496 ιι
2118 455 2149 495 b

848 552 1191 631 Ὃδυςςῆος
1235 552 1307 617 δέ
1353 572 1483 616 που
1528 549 1681 629 εὐνή
1729 549 1805 632 (π
1850 549 1962 634 34)

594 657 1269 737 παραπληρωματικῷ·
1314 654 1415 717 καὶ
1460 654 1534 718 τὸ
1581 655 1727 730 νῦν,
1775 651 1926 715 ἀλλ’
1971 650 2183 717 οὐκέτι
2228 651 2299 718 ἐν
2342 657 2434 732 τῷ

849 756 950 820 καί
995 756 1073 820 νύ
1118 774 1226 820 κεν
1274 756 1339 837 (δ
1384 753 1569 839 363)·
3239 768 3265 808 5

597 859 674 923 τὸ
730 858 947 937 μέντοι
1006 856 1187 921 ὅπως
1245 858 1347 921 καὶ
1399 857 1480 921 τὰ
1534 857 1787 921 τούτοις
1844 857 2065 938 ὅμοια,
2122 856 2213 922 ὡς
2263 854 2619 938 πρόκειται,
2676 855 2876 920 ταύτά
2921 856 3071 921 εἰςιν
3117 856 3187 921 ἐν

532 981 563 1029 5
599 961 969 1039 ἐπιρρήμαςι
1024 960 1126 1023 καὶ
1180 959 1603 1039 ςυνδέςμοις.»
1657 994 1728 1004 -
1788 958 1954 1022 Ἐςτι
2011 959 2082 1022 δὲ
2137 957 2370 1034 εἰπεῖν,
2429 956 2519 1022 ὡς
2572 958 2648 1022 τὸ
2706 959 2821 1038 μὲν
2878 961 2996 1023 νῦν
3043 956 3190 1022 οὐδ’

600 1061 772 1127 ὅλως
817 1061 1173 1141 ὁμοφωνεῖ,
1220 1060 1350 1138 εἴγε
1384 1059 1660 1125 πάντοτε
1706 1061 1822 1140 μὲν
1866 1060 1942 1124 τὸ
1987 1060 2299 1140 ἐπίρρημα
2341 1061 2447 1125 διὰ
2487 1058 2627 1136 δύο,
2674 1057 2712 1123 ὁ
2745 1059 2815 1124 δὲ
2846 1059 3191 1139 ςύνδεςμος

602 1164 680 1228 ού
728 1164 1013 1227 πάντως·
1061 1163 1162 1226 καὶ
1208 1162 1262 1227 εἰ
1306 1167 1523 1243 τοῦτο,
1572 1160 1651 1224 οὐ
1696 1161 1958 1225 πάντως
2004 1161 2362 1241 ὀμοφωνεῖ.
2413 1199 2487 1207 -
2538 1161 2692 1226 ἀλλ’
2739 1160 2891 1226 οὐδὲ
2936 1161 3012 1225 τὸ
3059 1162 3189 1226 πού
3245 1176 3294 1215 10

602 1264 944 1344 ςύνδεςμός
1011 1264 1137 1328 ἐςτι
1208 1263 1904 1343 παραπληρωματικός·
1982 1264 2063 1327 οὐ
2127 1263 2252 1342 γὰρ
2318 1263 2395 1340 δή
2467 1284 2541 1340 γε
2606 1264 2684 1327 τὰ
2747 1262 3195 1328 πλεονάςαντα

602 1368 791 1446 μόρια
835 1366 904 1430 ἐν
953 1365 1130 1449 λόγῳ
1175 1365 1506 1444 ςύνδεςμοι
1549 1366 2224 1445 παραπληρωματικοί.
2297 1364 2440 1430 ἰδοὺ
2494 1367 2620 1445 γὰρ
2665 1365 2766 1429 καὶ
2810 1363 2975 1428 ἄλλα
3019 1364 3190 1443 ἐπιρ-

503 1487 567 1535 10
604 1469 849 1549 ρήματα
904 1469 1240 1547 παρέλκει,
1299 1468 1399 1531 καὶ
1459 1466 1538 1531 οὐ
1599 1467 1857 1532 πάντως
1903 1468 2269 1548 ςύνδεςμοι·
2325 1468 2429 1532 ἐπὶ
2472 1469 2588 1548 μὲν
2632 1471 2749 1532 τοῦ
2796 1467 2935 1548 βίου
2981 1466 3021 1545 ὅ
3036 1487 3195 1531 (τις

602 1571 819 1635 Θέλει
864 1569 1258 1648 ύπαγέτω,
1307 1567 1406 1633 καὶ
1451 1568 1542 1632 ἔτι
1585 1570 1759 1649 παρὰ
1803 1574 1897 1652 τῷ
1941 1574 2171 1652 ποιητῇ

860 1672 951 1736 ὡς
995 1671 1062 1735 δ’
1105 1671 1209 1734 ὅτ’
1255 1671 1324 1735 ἐν
1372 1670 1634 1754 οὐρανῷ
1682 1669 1878 1750 ἄςτρα
1922 1672 2197 1752 φαεινήν
2244 1669 2327 1754 (Θ
2370 1671 2552 1753 555),
3247 1685 3296 1722 ¹5

859 1774 913 1838 εἰ
959 1773 1027 1838 δ’
1070 1771 1185 1848 ἄγε
1229 1776 1347 1838 νῦν
1394 1773 1542 1853 φίλε
1588 1773 1784 1852 Φοῖβε
1833 1773 1923 1853 (Π
1954 1771 2152 1858 667),

1584 1873 1664 1938 οὐ
1709 1873 1782 1937 ςύ
1825 1875 1897 1950 γ’
1945 1873 2166 1939 ἔπειτα

510 1992 573 2041 15
864 1976 1110 2041 Τυδέος
1155 1974 1424 2051 ἔκγονός
1471 1975 1595 2039 ἐςςι
1642 1976 1715 2059 (Ε
1760 1975 1945 2060 813),

865 2099 963 2143 ςοι
1007 2079 1077 2143 δ’
1122 2076 1308 2142 οὔπω
1353 2077 1523 2157 μάλα
1566 2078 1778 2156 πάγχυ
1823 2079 1962 2142 θεοὶ
2004 2077 2276 2156 μάκαρες
2322 2053 2613 2144 κοτέουςι
2661 2078 2745 2160 (Ξ
2796 2076 2962 2162 143).

608 2184 767 2250 κατὰ
811 2185 1005 2247 τοῦτο
1053 2178 1172 2244 οὖν
1216 2180 1629 2246 πλεοναζέτω
1677 2199 1776 2243 και
1821 2180 1981 2263 <τό>
3247 2192 3298 2230 20

1096 2285 1216 2346 νῦν
1262 2279 1321 2345 εἴ
1364 2281 1419 2346 τί
1463 2301 1594 2347 που
1638 2280 1797 2359 ἔςτι,
1844 2281 2057 2345 πίθοιό
2101 2301 2206 2360 μοι
2250 2281 2315 2365 (δ
2368 2278 2513 2363 193)

508 2466 575 2514 20
608 2371 712 2436 καὶ
1357 2450 1696 2528 Ὀδυςςῆος
1741 2451 1811 2514 δέ
1856 2470 1987 2515 που
2032 2450 2186 2534 εὐνή
2233 2451 2309 2534 (π
2352 2449 2492 2530 34),

609 2557 711 2622 καὶ
766 2553 885 2619 ὅςα
941 2553 1067 2618 ἐςτὶ
1121 2554 1399 2615 τοιαῦτα.
1475 2552 1629 2616 ἀλλ’
1672 2552 1727 2618 εἰ
1771 2553 1874 2616 καὶ
1918 2551 2263 2631 ςύνδεςμός
2320 2550 2444 2616 ἑςτι
2498 2552 2574 2615 τὸ
2630 2552 2793 2628 πού,
2852 2550 2996 2615 ἰδοὺ
3050 2549 3199 2631 ὁμό-
3254 2563 3303 2601 ²5

611 2675 843 2737 φωνον
889 2652 1261 2734 ἐπιρρήματι
1306 2653 1376 2718 ἐν
1421 2660 1514 2738 τῷ

867 2755 925 2822 εἴ
969 2778 1100 2822 που
1143 2755 1548 2836 ,ἑςαθρήςειεν
1594 2754 1665 2841 (Γ
1707 2753 1877 2837 450).

613 2861 819 2938 ὅνπερ
863 2860 988 2937 γὰρ
1031 2858 1278 2936 τρόπον
1323 2859 1460 2922 τοῖς
1505 2854 1725 2922 ἄλλοις
1770 2858 2038 2938 πύςμαςι
2084 2856 2494 2937 παράκεινται
2538 2854 2819 2935 ἀόριςτοι
2851 2858 3202 2938 προφοραί,

513 2973 579 3021 25
613 2963 690 3027 τὸ
736 2961 938 3025 πλέον
984 2959 1055 3025 ἐν
1101 2959 1364 3038 χρόνοις
1408 2959 1585 3024 δυςιν
1631 2959 1966 3035 ἐγκλιτικαὶ
2010 2963 2414 3043 καθεςτῶςαι,
2471 2962 2636 3023 πῶς
2688 2958 2957 3040 ἦλθεν;
3017 2958 3204 3038 ἦλθέ

614 3084 810 3129 πως·
869 3063 982 3125 τίς
1026 3059 1404 3140 ἔγραψεν;
1476 3060 1766 3141 ἔγραψέ
1808 3080 1960 3125 τις·
2015 3061 2201 3125 πότε
2246 3061 2516 3141 ἧλθενς
2587 3058 2770 3138 ἦλθέ
2816 3081 3039 3125 ποτε·
3087 3062 3203 3126 τὸν
3258 3071 3309 3110 ³0

615 3165 816 3229 αὐτὸν
861 3162 1110 3242 τρόπον
1155 3164 1256 3227 καὶ
1296 3169 1388 3247 τῷ
1432 3167 1561 3227 ποῦ
1606 3164 2044 3241 παρακείςεται
2089 3161 2438 3237 ἐγκλιτικόν
2484 3161 2783 3240 ἀόριςτον
2828 3163 2903 3227 τὸ
2949 3161 3095 3227 πού.

789 3266 1051 3343 Χάριν.
1125 3265 1329 3330 Δοκεῖ
1381 3262 1779 3344 ἰςοδυναμεῖν
1835 3264 2159 3347 ςυνοέςμω
2211 3271 2302 3345 1·sp
2368 3263 2582 3340 ἕνεκα,
2649 3263 2876 3342 χάριν
2934 3263 3062 3327 Απ
3079 3266 3203 3329 ολ
3242 3275 3340 3322 514

618 3369 909 3433 λωνίου
956 3364 1142 3430 ἕνεκα
1172 3367 1632 3430 Ἀπολλωνίου.
1696 3366 1845 3445 φηςὶ
1891 3367 1963 3429 δὲ
2007 3365 2107 3428 καὶ
2152 3365 2190 3429 ὁ
2222 3365 2506 3444 Τρύφων
2539 3362 2628 3447 (p.
2661 3364 2746 3426 42
2782 3363 3065 3444 Velsen),
3115 3366 3205 3430 ὡς

519 3481 584 3527 30
623 3469 856 3534 ἀὲνεκα
885 3468 1123 3533 τούτου
1154 3467 1229 3532 τὸ
1274 3469 1389 3545 μὲν
1435 3465 1645 3546 ὄνομα
1688 3469 1789 3532 καὶ
1835 3466 2113 3545 χάριτα
2159 3467 2407 3544 λέγεται
2453 3467 2551 3529 καὶ
2596 3467 2852 3549 χάριν,
2898 3468 2972 3531 τὸ
3018 3468 3090 3532 δὲ
3120 3467 3208 3531 εἰς

618 3571 917 3648 τοιαύτην
953 3570 1239 3635 ς’ύνταξιν
1263 3570 1684 3649 παραληφθὲν
1731 3569 1821 3635 ὡς
1866 3567 2008 3634 ἀντὶ
2052 3569 2398 3645 ςυνδέςμου
2443 3568 2587 3632 καθ’
2631 3568 2746 3632 ἕνα
2790 3570 3208 3649 ςχηματιςμὸν
3260 3594 3285 3633 5

621 3672 1197 3751 παραλαμβάνεται,
1222 3670 1383 3750 ὅπερ
1406 3669 1754 3749 παρείπετο
1781 3670 2200 3750 ςυνδέςμοις».
2230 3671 2358 3733 Ἐτι
2381 3671 2598 3749 μέντοι
2623 3671 2815 3750 φηςὶν
2839 3670 2877 3734 ὁ
2904 3670 3206 3752 Τρύφων,

623 3774 714 3838 ὡς
759 3776 935 3853 παρὰ
978 3774 1096 3838 τὸν
1140 3772 1478 3852 Εὐριπίδην
1526 3773 1625 3835 καὶ
1681 3773 1772 3839 ἔτι
1829 3773 2050 3837 ἄλλοις
2094 3775 2385 3853 ποιηταῖς
2438 3771 2818 3852 ὀνοματικῆς
2858 3773 3210 3837 ςυντάξεως

624 3878 867 3957 ἔτυχεν.
942 3877 1012 3940 ἐν
1056 3877 1172 3953 μὲν
1217 3875 1340 3953 γὰρ
1390 3875 1686 3953 Κρήςςαις
1733 3873 1836 3958 (fr.
1884 3873 2012 3938 469
2056 3872 2339 3938 Dindorf
2379 3873 2633 3957 Nauck)

761 4063 972 4117 Anava.
1032 4060 1245 4115 5Nam
1281 4076 1352 4113 ne
1388 4058 1601 4114 formae
1639 4059 1869 4127 quidem
1906 4060 2250 4114 conveniunt
2273 4077 2465 4114 monos
2507 4060 2810 4122 llaborum;
2849 4077 2960 4114 που
2997 4059 3212 4114 encliti-

624 4147 749 4184 cum
796 4129 983 4208 potius
1029 4145 1131 4198 pro
1181 4144 1314 4182 voce
1350 4127 1647 4181 indefinita
1679 4126 2003 4181 habendum
2042 4134 2141 4183 est
2190 4159 2253 4167 —
2299 4133 2365 4181 28
2411 4129 2453 4181 Χ
2493 4145 2584 4195 ριν
2619 4127 2885 4181 dubitant
2918 4130 3106 4181 utrum
3144 4126 3218 4181 sit

624 4197 941 4253 coniunctio
979 4215 1050 4250 an
1088 4195 1436 4250 accusativus
1472 4194 1825 4248 substantivi

767 4367 954 4420 Discit.
989 4382 1203 4419 ‚1808112'12
1280 4370 1323 4418 1.
1363 4380 1464 4431 ενη
1503 4366 1587 4429 A¹,
1625 4383 1657 4418 υ
1692 4380 1863 4433 supra
1898 4365 2121 4435 scripsit
2156 4366 2223 4419 A²
2252 4368 2262 4430 Ι
2293 4372 2340 4423 3.
2382 4367 2470 4419 καί
2508 4367 2575 4420 νύ
2612 4382 2711 4420 κεν
2746 4364 2808 4430 b,
2847 4381 3082 4420 κενυκεν
3119 4362 3163 4417 A
3204 4368 3213 4428 Ι

625 4442 672 4491 6.
693 4433 820 4504 δύο]
845 4432 1191 4488 addendum
1212 4432 1494 4486 videtur*
1460 4440 1514 4485 ν’
1544 4433 1618 4486 b
1604 4450 1662 4485 m
1687 4449 1803 4485 var.
1827 4432 1954 4486 lect
1989 4438 1999 4500 Ι
2032 4439 2078 4486 7.
2096 4440 2179 4487 21.
2198 4439 2281 4489 27.
2301 4434 2370 4487 τὸ
2391 4434 2560 4487 ποθὶ)
2593 4435 2601 4499 Ι
2637 4440 2753 4486 10-
2772 4440 2849 4486 11.
2877 4433 2933 4485 in
2957 4432 3043 4485 his
3066 4434 3216 4486 ὅςτις

626 4505 780 4558 θέλει
803 4503 1074 4566 ὑπαγέτω
1141 4500 1438 4555 articulam
1475 4500 1723 4568 aliquam
1760 4500 1954 4554 deesse
1992 4504 2184 4556 censet
2206 4500 2564 4555 RSchneider
2595 4506 2603 4565 Ι
2639 4507 2716 4580 16.
2751 4504 2833 4557 (οὶ
2858 4500 3135 4555 Homerus
3159 4499 3213 4564 b,

628 4589 692 4626 ςυ
717 4573 761 4625 Α
792 4573 802 4637 Ι
836 4577 913 4624 17.
939 4520 1169 4650 (dog,
1207 4585 1315 4623 om.
1336 4572 1378 4624 A
1411 4575 1418 4629 Ι
1454 4575 1532 4623 18.
1555 4574 1772 4624 πειθοιο
1794 4572 1835 4622 Α
1869 4572 1878 4633 l
1909 4575 1990 4623 25.
2030 4569 2308 4623 ‘Fortasse
2343 4570 2552 4624 τόνοις’
2578 4570 2616 4623 b
2651 4569 2710 4622 in
2736 4585 2854 4627 var
2878 4568 3027 4634 lect,
3065 4566 3215 4637 quod

627 4654 730 4772 gro
758 4641 985 4706 χρόνοις
1010 4610 1178 4691 sorib'i
1202 4636 1349 4690 velle
1374 4636 1598 4690 videtur
1626 4644 1633 4699 1
1666 4644 1746 4691 27.
1772 4642 1856 4704 τῷ
1885 4636 2255 4701 RSchneid0r‚
2279 4639 2349 4691 τὸ
2376 4638 2468 4691 Ab
2501 4645 2508 4693 Ι
2538 4655 2605 4691 το
2626 4640 2700 4701 A,
2725 4643 2810 4704 τῷ
2835 4635 2872 4690 b
2904 4640 2912 4701 Ι
2943 4642 3025 4690 ‘28-
3051 4638 3218 4692 ἕνεκα

703 4708 983 4772 εινεκαΑΙ
1013 4712 1095 4759 33.
1117 4723 1232 4772 παρ
1235 4722 1269 4757 α
1287 4721 1391 4758 τον
1413 4707 1685 4782 ευριπιδιν
1705 4705 1822 4758 est'
1807 4722 1865 4756 ln
1893 4707 1954 4768 A,
1975 4706 2041 4759 ui,
2058 4721 2159 4759 τον
2179 4706 2461 4772 ευριπιδιν
2479 4706 2591 4757 sint
2611 4702 2825 4772 primae
2850 4720 3016 4758 voees
3039 4703 3097 4757 in
3124 4703 3218 4756 sol.

634 4780 731 4827 109
754 4791 798 4827 r.
813 4775 1006 4842 ,παρὰ
1033 4723 1350 4895 [Εὐριπίδε]
1379 4771 1415 4825 b
1452 4772 1511 4825 in
1535 4773 1722 4835 textu,
1759 4772 1817 4825 in
1843 4789 1962 4826 var.
1990 4773 2116 4826 lect.
2141 4772 2353 4826 addens
2371 4771 2573 4826 codex
2597 4772 2806 4826 habere
2831 4771 3058 4825 videtur
3079 4788 3177 4837 ευρ
3180 4787 3221 4824 ι·

633 4843 829 4908 πιδιν’,
868 4843 1170 4910 παραπολὺ
1207 4842 1267 4894 ἐν
1343 4840 1568 4909 ύριπίδῃ
1605 4840 1647 4894 1·
1646 4840 1842 4906 JBast,
1882 4842 2036 4908 παρὰ
2069 4846 2154 4908 τῷ
2192 4841 2456 4908 Εὐριπίδῃ
2495 4839 2719 4909 GUhlig
2754 4838 3169 4893 CWaehsmuth
