<?xml version="1.0" encoding="UTF-8"?>
<!DOCTYPE html PUBLIC "-//W3C//DTD XHTML 1.0 Transitional//EN"
    "http://www.w3.org/TR/xhtml1/DTD/xhtml1-transitional.dtd">
<html xmlns="http://www.w3.org/1999/xhtml" xml:lang="en" lang="en">
 <head>
  <title>
</title>
<meta http-equiv="Content-Type" content="text/html;charset=utf-8" />
  <meta name='ocr-system' content='tesseract 3.04.00' />
  <meta name='ocr-capabilities' content='ocr_page ocr_carea ocr_par ocr_line ocrx_word'/>
</head>
<body>
  <div class='ocr_page' id='page_1' title='image "./grammaticigraec00unkngoog_0122.png"; bbox 0 0 3738 5530; ppageno 0'>
   <div class='ocr_carea' id='block_1_1' title="bbox 508 296 3408 2545">
    <p class='ocr_par' dir='ltr' id='par_1_1' title="bbox 594 296 2339 481">
     <span class='ocr_line' id='line_1_1' title="bbox 594 296 2245 389; baseline -0.002 -12"><span class='ocrx_word' id='word_1_1' title='bbox 594 325 719 389; x_wconf 84' lang='lat'>104</span> <span class='ocrx_word' id='word_1_2' title='bbox 1068 296 1077 303; x_wconf 76' lang='grc'><strong>’</strong></span> <span class='ocrx_word' id='word_1_3' title='bbox 1517 323 1700 376; x_wconf 76' lang='lat' dir='ltr'>unm</span> <span class='ocrx_word' id='word_1_4' title='bbox 1737 322 2245 375; x_wconf 68' lang='grc' dir='ltr'><strong>ΑΝΤΩΝΤΜῙΑΣ.</strong></span> 
     </span>
     <span class='ocr_line' id='line_1_2' title="bbox 1439 430 2339 481; baseline -0.001 -10"><span class='ocrx_word' id='word_1_5' title='bbox 1439 430 2339 481; x_wconf 71' lang='lat' dir='ltr'>p.132(³ss)A6—1ss(394)csb</span> 
     </span>
    </p>

    <p class='ocr_par' dir='ltr' id='par_1_2' title="bbox 590 524 3268 913">
     <span class='ocr_line' id='line_1_3' title="bbox 761 524 3185 605; baseline -0.003 -8"><span class='ocrx_word' id='word_1_6' title='bbox 761 531 978 597; x_wconf 85' lang='grc' dir='ltr'>Ἄξιον</span> <span class='ocrx_word' id='word_1_7' title='bbox 1026 527 1406 593; x_wconf 83' lang='grc' dir='ltr'>ἐπιςτάςεως</span> <span class='ocrx_word' id='word_1_8' title='bbox 1451 525 1689 602; x_wconf 79' lang='grc' dir='ltr'>ἐκεῖνο,</span> <span class='ocrx_word' id='word_1_9' title='bbox 1747 524 2092 605; x_wconf 87' lang='grc' dir='ltr'>ὁτιδήποτε</span> <span class='ocrx_word' id='word_1_10' title='bbox 2150 525 2231 589; x_wconf 88' lang='grc' dir='ltr'>τὰ</span> <span class='ocrx_word' id='word_1_11' title='bbox 2275 526 2392 603; x_wconf 78' lang='grc' dir='ltr'>μὲν</span> <span class='ocrx_word' id='word_1_12' title='bbox 2437 524 2682 604; x_wconf 82' lang='grc' dir='ltr'>ῥήματα</span> <span class='ocrx_word' id='word_1_13' title='bbox 2726 524 3071 603; x_wconf 88' lang='grc' dir='ltr'>κινούμενα</span> <span class='ocrx_word' id='word_1_14' title='bbox 3114 525 3185 590; x_wconf 83' lang='grc' dir='ltr'>ἐν</span> 
     </span>
     <span class='ocr_line' id='line_1_4' title="bbox 594 625 3187 711; baseline -0.001 -17"><span class='ocrx_word' id='word_1_15' title='bbox 594 632 969 711; x_wconf 85' lang='grc' dir='ltr'>προςώποις</span> <span class='ocrx_word' id='word_1_16' title='bbox 1013 631 1174 694; x_wconf 83' lang='grc' dir='ltr'>κατὰ</span> <span class='ocrx_word' id='word_1_17' title='bbox 1216 630 1292 693; x_wconf 88' lang='grc' dir='ltr'>τὸ</span> <span class='ocrx_word' id='word_1_18' title='bbox 1336 628 1523 692; x_wconf 95' lang='grc' dir='ltr'>τέλος</span> <span class='ocrx_word' id='word_1_19' title='bbox 1568 629 1862 710; x_wconf 87' lang='grc' dir='ltr'>κινεῖται,</span> <span class='ocrx_word' id='word_1_20' title='bbox 1907 627 1973 692; x_wconf 83' lang='grc' dir='ltr'>αἱ</span> <span class='ocrx_word' id='word_1_21' title='bbox 2017 628 2088 690; x_wconf 84' lang='grc' dir='ltr'>δὲ</span> <span class='ocrx_word' id='word_1_22' title='bbox 2134 625 2524 705; x_wconf 87' lang='grc' dir='ltr'>ἀντωνυμίαι</span> <span class='ocrx_word' id='word_1_23' title='bbox 2556 625 2785 699; x_wconf 84' lang='grc' dir='ltr'>οὐκέτι,</span> <span class='ocrx_word' id='word_1_24' title='bbox 2835 626 2999 692; x_wconf 87' lang='grc' dir='ltr'>ἀλλὰ</span> <span class='ocrx_word' id='word_1_25' title='bbox 3028 627 3187 691; x_wconf 84' lang='grc' dir='ltr'>κατὰ</span> 
     </span>
     <span class='ocr_line' id='line_1_5' title="bbox 590 726 3186 812; baseline -0.002 -14"><span class='ocrx_word' id='word_1_26' title='bbox 590 732 666 798; x_wconf 86' lang='grc' dir='ltr'>τὸ</span> <span class='ocrx_word' id='word_1_27' title='bbox 721 731 950 812; x_wconf 84' lang='grc' dir='ltr'>ἄρχον.</span> <span class='ocrx_word' id='word_1_28' title='bbox 1056 731 1169 795; x_wconf 86' lang='grc' dir='ltr'>Καὶ</span> <span class='ocrx_word' id='word_1_29' title='bbox 1220 728 1374 794; x_wconf 87' lang='grc' dir='ltr'>ἴςως</span> <span class='ocrx_word' id='word_1_30' title='bbox 1427 748 1524 792; x_wconf 92' lang='grc' dir='ltr'>τις</span> <span class='ocrx_word' id='word_1_31' title='bbox 1579 727 1855 807; x_wconf 87' lang='grc' dir='ltr'>οἰήςεται</span> <span class='ocrx_word' id='word_1_32' title='bbox 1912 730 2031 793; x_wconf 87' lang='grc' dir='ltr'>τὸν</span> <span class='ocrx_word' id='word_1_33' title='bbox 2076 728 2277 804; x_wconf 84' lang='grc' dir='ltr'>λόγον</span> <span class='ocrx_word' id='word_1_34' title='bbox 2322 728 2617 808; x_wconf 86' lang='grc' dir='ltr'>περιςςὸν</span> <span class='ocrx_word' id='word_1_35' title='bbox 2665 726 2861 805; x_wconf 82' lang='grc' dir='ltr'>εἶναι,</span> <span class='ocrx_word' id='word_1_36' title='bbox 2917 727 3186 807; x_wconf 83' lang='grc' dir='ltr'>φάςκων</span> 
     </span>
     <span class='ocr_line' id='line_1_6' title="bbox 598 829 3268 913; baseline -0.002 -15"><span class='ocrx_word' id='word_1_37' title='bbox 598 834 675 898; x_wconf 87' lang='grc' dir='ltr'>τὰ</span> <span class='ocrx_word' id='word_1_38' title='bbox 731 835 847 912; x_wconf 83' lang='grc' dir='ltr'>μὲν</span> <span class='ocrx_word' id='word_1_39' title='bbox 905 833 1151 913; x_wconf 82' lang='grc' dir='ltr'>ῥήματα</span> <span class='ocrx_word' id='word_1_40' title='bbox 1207 829 1409 913; x_wconf 82' lang='grc' dir='ltr'>εἶναι,</span> <span class='ocrx_word' id='word_1_41' title='bbox 1473 831 1590 895; x_wconf 86' lang='grc' dir='ltr'>τὰς</span> <span class='ocrx_word' id='word_1_42' title='bbox 1643 831 1715 894; x_wconf 77' lang='grc' dir='ltr'>δὲ</span> <span class='ocrx_word' id='word_1_43' title='bbox 1771 829 2193 909; x_wconf 87' lang='grc' dir='ltr'>ἀντωνυμίας.</span> <span class='ocrx_word' id='word_1_44' title='bbox 2303 830 2496 895; x_wconf 85' lang='grc' dir='ltr'>Ἀλλὰ</span> <span class='ocrx_word' id='word_1_45' title='bbox 2549 831 2771 895; x_wconf 84' lang='grc' dir='ltr'>κοινὸν</span> <span class='ocrx_word' id='word_1_46' title='bbox 2828 830 3044 907; x_wconf 87' lang='grc' dir='ltr'>ἔχουςι</span> <span class='ocrx_word' id='word_1_47' title='bbox 3108 830 3185 893; x_wconf 89' lang='grc' dir='ltr'>τὸ</span> <span class='ocrx_word' id='word_1_48' title='bbox 3223 847 3268 900; x_wconf 87' lang='grc' dir='ltr'>Β</span> 
     </span>
    </p>

    <p class='ocr_par' dir='ltr' id='par_1_3' title="bbox 528 931 3194 1423">
     <span class='ocr_line' id='line_1_7' title="bbox 528 931 3190 1016; baseline -0.002 -15"><span class='ocrx_word' id='word_1_49' title='bbox 528 954 561 1003; x_wconf 80' lang='lat'><strong>5</strong></span> <span class='ocrx_word' id='word_1_50' title='bbox 595 936 952 1016; x_wconf 72' lang='grc' dir='ltr'>πρόςωπον</span> <span class='ocrx_word' id='word_1_51' title='bbox 1010 935 1284 1012; x_wconf 84' lang='grc' dir='ltr'>δηλοῦν,</span> <span class='ocrx_word' id='word_1_52' title='bbox 1342 932 1445 997; x_wconf 87' lang='grc' dir='ltr'>καὶ</span> <span class='ocrx_word' id='word_1_53' title='bbox 1499 933 1592 997; x_wconf 90' lang='grc' dir='ltr'>ἔτι</span> <span class='ocrx_word' id='word_1_54' title='bbox 1649 933 1825 1011; x_wconf 89' lang='grc' dir='ltr'>μένει</span> <span class='ocrx_word' id='word_1_55' title='bbox 1880 932 1920 1010; x_wconf 89' lang='grc' dir='ltr'>ἡ</span> <span class='ocrx_word' id='word_1_56' title='bbox 1976 932 2244 1011; x_wconf 84' lang='grc' dir='ltr'>Ζήτηςις.</span> <span class='ocrx_word' id='word_1_57' title='bbox 2342 932 2565 997; x_wconf 86' lang='grc' dir='ltr'>ἔπειτα</span> <span class='ocrx_word' id='word_1_58' title='bbox 2615 932 2656 1010; x_wconf 88' lang='grc' dir='ltr'>ἡ</span> <span class='ocrx_word' id='word_1_59' title='bbox 2710 932 2946 1011; x_wconf 88' lang='grc' dir='ltr'>μετοχὴ</span> <span class='ocrx_word' id='word_1_60' title='bbox 3008 932 3109 996; x_wconf 88' lang='grc' dir='ltr'>καὶ</span> <span class='ocrx_word' id='word_1_61' title='bbox 3149 931 3190 1009; x_wconf 88' lang='grc' dir='ltr'>ἡ</span> 
     </span>
     <span class='ocr_line' id='line_1_8' title="bbox 597 1033 3190 1117; baseline -0.002 -15"><span class='ocrx_word' id='word_1_62' title='bbox 597 1039 847 1117; x_wconf 84' lang='grc' dir='ltr'>κτητικὴ</span> <span class='ocrx_word' id='word_1_63' title='bbox 904 1034 1274 1115; x_wconf 85' lang='grc' dir='ltr'>ἀντωνυμία</span> <span class='ocrx_word' id='word_1_64' title='bbox 1328 1034 1400 1099; x_wconf 82' lang='grc' dir='ltr'>ἐν</span> <span class='ocrx_word' id='word_1_65' title='bbox 1458 1034 1633 1110; x_wconf 84' lang='grc' dir='ltr'>γένει</span> <span class='ocrx_word' id='word_1_66' title='bbox 1690 1035 1790 1098; x_wconf 82' lang='grc' dir='ltr'>καὶ</span> <span class='ocrx_word' id='word_1_67' title='bbox 1848 1033 2087 1099; x_wconf 86' lang='grc' dir='ltr'>πτώςει</span> <span class='ocrx_word' id='word_1_68' title='bbox 2140 1034 2508 1112; x_wconf 78' lang='grc' dir='ltr'>κινούμεναι</span> <span class='ocrx_word' id='word_1_69' title='bbox 2553 1034 2713 1098; x_wconf 84' lang='grc' dir='ltr'>κατὰ</span> <span class='ocrx_word' id='word_1_70' title='bbox 2755 1035 2831 1100; x_wconf 89' lang='grc' dir='ltr'>τὸ</span> <span class='ocrx_word' id='word_1_71' title='bbox 2875 1034 3061 1098; x_wconf 90' lang='grc' dir='ltr'>τέλος</span> <span class='ocrx_word' id='word_1_72' title='bbox 3104 1054 3190 1097; x_wconf 84' lang='grc' dir='ltr'>κι-</span> 
     </span>
     <span class='ocr_line' id='line_1_9' title="bbox 596 1135 3190 1221; baseline -0.003 -17"><span class='ocrx_word' id='word_1_73' title='bbox 596 1142 894 1221; x_wconf 82' lang='grc' dir='ltr'>νοῦνται,</span> <span class='ocrx_word' id='word_1_74' title='bbox 941 1138 1225 1217; x_wconf 89' lang='grc' dir='ltr'>καθάπερ</span> <span class='ocrx_word' id='word_1_75' title='bbox 1270 1137 1368 1202; x_wconf 87' lang='grc' dir='ltr'>καὶ</span> <span class='ocrx_word' id='word_1_76' title='bbox 1398 1136 1479 1201; x_wconf 86' lang='grc' dir='ltr'>τὰ</span> <span class='ocrx_word' id='word_1_77' title='bbox 1509 1135 1828 1215; x_wconf 77' lang='grc' dir='ltr'>ὀνόματα,</span> <span class='ocrx_word' id='word_1_78' title='bbox 1874 1137 1978 1200; x_wconf 83' lang='grc' dir='ltr'>καὶ</span> <span class='ocrx_word' id='word_1_79' title='bbox 2008 1136 2090 1202; x_wconf 84' lang='grc' dir='ltr'>οὐ</span> <span class='ocrx_word' id='word_1_80' title='bbox 2121 1138 2450 1219; x_wconf 80' lang='grc' dir='ltr'>διήλλαξε,</span> <span class='ocrx_word' id='word_1_81' title='bbox 2497 1136 2783 1217; x_wconf 91' lang='grc' dir='ltr'>διάφορα</span> <span class='ocrx_word' id='word_1_82' title='bbox 2813 1141 3190 1201; x_wconf 88' lang='grc' dir='ltr'>καθεςτῶτα.</span> 
     </span>
     <span class='ocr_line' id='line_1_10' title="bbox 598 1236 3193 1320; baseline -0.003 -13"><span class='ocrx_word' id='word_1_83' title='bbox 598 1241 872 1307; x_wconf 86' lang='grc' dir='ltr'>Λεκτέον</span> <span class='ocrx_word' id='word_1_84' title='bbox 932 1239 1051 1306; x_wconf 85' lang='grc' dir='ltr'>οὖν</span> <span class='ocrx_word' id='word_1_85' title='bbox 1110 1238 1202 1305; x_wconf 84' lang='grc' dir='ltr'>ὡς</span> <span class='ocrx_word' id='word_1_86' title='bbox 1256 1241 1540 1320; x_wconf 87' lang='grc' dir='ltr'>φυςικῶς</span> <span class='ocrx_word' id='word_1_87' title='bbox 1582 1240 1660 1303; x_wconf 89' lang='grc' dir='ltr'>τὸ</span> <span class='ocrx_word' id='word_1_88' title='bbox 1705 1243 2007 1303; x_wconf 82' lang='grc' dir='ltr'>τοιοῦτον</span> <span class='ocrx_word' id='word_1_89' title='bbox 2053 1237 2458 1317; x_wconf 86' lang='grc' dir='ltr'>ἀπετελέςθη.</span> <span class='ocrx_word' id='word_1_90' title='bbox 2558 1239 2620 1303; x_wconf 84' lang='grc' dir='ltr'>αἱ</span> <span class='ocrx_word' id='word_1_91' title='bbox 2671 1239 2940 1303; x_wconf 88' lang='grc' dir='ltr'>πτώςεις</span> <span class='ocrx_word' id='word_1_92' title='bbox 2984 1236 3056 1301; x_wconf 80' lang='grc' dir='ltr'>ἐν</span> <span class='ocrx_word' id='word_1_93' title='bbox 3101 1243 3193 1319; x_wconf 83' lang='grc' dir='ltr'>τῷ</span> 
     </span>
     <span class='ocr_line' id='line_1_11' title="bbox 598 1339 3194 1423; baseline -0.001 -17"><span class='ocrx_word' id='word_1_94' title='bbox 598 1344 765 1407; x_wconf 88' lang='grc' dir='ltr'>τέλει</span> <span class='ocrx_word' id='word_1_95' title='bbox 808 1345 1165 1423; x_wconf 83' lang='grc' dir='ltr'>κινοῦνται,</span> <span class='ocrx_word' id='word_1_96' title='bbox 1209 1342 1315 1406; x_wconf 84' lang='grc' dir='ltr'>καὶ</span> <span class='ocrx_word' id='word_1_97' title='bbox 1356 1346 1551 1406; x_wconf 82' lang='grc' dir='ltr'>τοῦτο</span> <span class='ocrx_word' id='word_1_98' title='bbox 1596 1339 1990 1406; x_wconf 84' lang='grc' dir='ltr'>ἀποδείξεως</span> <span class='ocrx_word' id='word_1_99' title='bbox 2022 1340 2104 1404; x_wconf 84' lang='grc' dir='ltr'>οὐ</span> <span class='ocrx_word' id='word_1_100' title='bbox 2133 1342 2359 1405; x_wconf 85' lang='grc' dir='ltr'>δεῖται·</span> <span class='ocrx_word' id='word_1_101' title='bbox 2404 1344 2642 1406; x_wconf 87' lang='grc' dir='ltr'>πτῶςιν</span> <span class='ocrx_word' id='word_1_102' title='bbox 2683 1342 2756 1405; x_wconf 78' lang='grc' dir='ltr'>δὲ</span> <span class='ocrx_word' id='word_1_103' title='bbox 2787 1341 3194 1419; x_wconf 80' lang='grc' dir='ltr'>ἐπιδέχονται</span> 
     </span>
    </p>

    <p class='ocr_par' dir='ltr' id='par_1_4' title="bbox 508 1441 3275 1934">
     <span class='ocr_line' id='line_1_12' title="bbox 508 1441 3275 1523; baseline -0.001 -13"><span class='ocrx_word' id='word_1_104' title='bbox 508 1463 568 1510; x_wconf 92' lang='grc' dir='ltr'>ιο</span> <span class='ocrx_word' id='word_1_105' title='bbox 604 1445 668 1510; x_wconf 73' lang='grc' dir='ltr'>αἱ</span> <span class='ocrx_word' id='word_1_106' title='bbox 735 1444 1154 1521; x_wconf 88' lang='grc' dir='ltr'>ἀντωνυμίαι·</span> <span class='ocrx_word' id='word_1_107' title='bbox 1224 1442 1598 1523; x_wconf 84' lang='grc' dir='ltr'>ὀφείλουςιν</span> <span class='ocrx_word' id='word_1_108' title='bbox 1664 1441 1793 1521; x_wconf 87' lang='grc' dir='ltr'>ἄρα</span> <span class='ocrx_word' id='word_1_109' title='bbox 1850 1442 2010 1507; x_wconf 86' lang='grc' dir='ltr'>κατὰ</span> <span class='ocrx_word' id='word_1_110' title='bbox 2064 1442 2142 1506; x_wconf 88' lang='grc' dir='ltr'>τὸ</span> <span class='ocrx_word' id='word_1_111' title='bbox 2198 1443 2387 1508; x_wconf 89' lang='grc' dir='ltr'>τέλος</span> <span class='ocrx_word' id='word_1_112' title='bbox 2442 1445 2759 1507; x_wconf 88' lang='grc' dir='ltr'>κινεῑςθαι.</span> <span class='ocrx_word' id='word_1_113' title='bbox 2866 1441 3030 1521; x_wconf 88' lang='grc' dir='ltr'>ὅπερ</span> <span class='ocrx_word' id='word_1_114' title='bbox 3096 1442 3198 1508; x_wconf 87' lang='grc' dir='ltr'>καὶ</span> <span class='ocrx_word' id='word_1_115' title='bbox 3234 1460 3275 1515; x_wconf 87' lang='lat' dir='ltr'>c</span> 
     </span>
     <span class='ocr_line' id='line_1_13' title="bbox 603 1543 3195 1627; baseline -0.001 -16"><span class='ocrx_word' id='word_1_116' title='bbox 603 1548 1101 1626; x_wconf 84' lang='grc' dir='ltr'>παρακολουθεῖ.</span> <span class='ocrx_word' id='word_1_117' title='bbox 1162 1544 1332 1610; x_wconf 86' lang='grc' dir='ltr'>ἀλλὰ</span> <span class='ocrx_word' id='word_1_118' title='bbox 1363 1546 1485 1625; x_wconf 88' lang='grc' dir='ltr'>μὴν</span> <span class='ocrx_word' id='word_1_119' title='bbox 1518 1543 1572 1608; x_wconf 84' lang='grc' dir='ltr'>εἰ</span> <span class='ocrx_word' id='word_1_120' title='bbox 1602 1545 1704 1609; x_wconf 85' lang='grc' dir='ltr'>καὶ</span> <span class='ocrx_word' id='word_1_121' title='bbox 1731 1545 1893 1615; x_wconf 82' lang='grc' dir='ltr'>κατὰ</span> <span class='ocrx_word' id='word_1_122' title='bbox 1922 1544 1998 1608; x_wconf 90' lang='grc' dir='ltr'>τὸ</span> <span class='ocrx_word' id='word_1_123' title='bbox 2030 1544 2217 1609; x_wconf 92' lang='grc' dir='ltr'>τέλος</span> <span class='ocrx_word' id='word_1_124' title='bbox 2248 1544 2320 1609; x_wconf 82' lang='grc' dir='ltr'>ἐν</span> <span class='ocrx_word' id='word_1_125' title='bbox 2350 1546 2723 1624; x_wconf 85' lang='grc' dir='ltr'>προςώποις</span> <span class='ocrx_word' id='word_1_126' title='bbox 2754 1544 3195 1627; x_wconf 84' lang='grc' dir='ltr'>ἐκινοῦντ&lt;ο&gt;,</span> 
     </span>
     <span class='ocr_line' id='line_1_14' title="bbox 602 1646 3197 1730; baseline -0.002 -15"><span class='ocrx_word' id='word_1_127' title='bbox 602 1649 802 1730; x_wconf 79' lang='grc' dir='ltr'>ςαφὲς</span> <span class='ocrx_word' id='word_1_128' title='bbox 848 1646 946 1712; x_wconf 87' lang='grc' dir='ltr'>ὅτι</span> <span class='ocrx_word' id='word_1_129' title='bbox 989 1647 1551 1727; x_wconf 90' lang='grc' dir='ltr'>παρηκολούθηςεν</span> <span class='ocrx_word' id='word_1_130' title='bbox 1598 1646 1678 1711; x_wconf 88' lang='grc' dir='ltr'>ἂν</span> <span class='ocrx_word' id='word_1_131' title='bbox 1724 1646 2137 1725; x_wconf 86' lang='grc' dir='ltr'>ςυγχύνεςθαι</span> <span class='ocrx_word' id='word_1_132' title='bbox 2180 1649 2296 1726; x_wconf 91' lang='grc' dir='ltr'>τὴν</span> <span class='ocrx_word' id='word_1_133' title='bbox 2340 1648 2660 1730; x_wconf 85' lang='grc' dir='ltr'>π&lt;τῶςιν&gt;</span> <span class='ocrx_word' id='word_1_134' title='bbox 2704 1647 2811 1711; x_wconf 85' lang='grc' dir='ltr'>διὰ</span> <span class='ocrx_word' id='word_1_135' title='bbox 2853 1649 2969 1726; x_wconf 86' lang='grc' dir='ltr'>τὴν</span> <span class='ocrx_word' id='word_1_136' title='bbox 3012 1646 3197 1725; x_wconf 88' lang='grc' dir='ltr'>μετά-</span> 
     </span>
     <span class='ocr_line' id='line_1_15' title="bbox 603 1747 3198 1828; baseline -0.001 -13"><span class='ocrx_word' id='word_1_137' title='bbox 603 1756 772 1816; x_wconf 91' lang='grc' dir='ltr'>θεςιν</span> <span class='ocrx_word' id='word_1_138' title='bbox 831 1751 947 1828; x_wconf 91' lang='grc' dir='ltr'>τὴν</span> <span class='ocrx_word' id='word_1_139' title='bbox 1014 1750 1084 1814; x_wconf 84' lang='grc' dir='ltr'>ἐκ</span> <span class='ocrx_word' id='word_1_140' title='bbox 1145 1752 1265 1813; x_wconf 86' lang='grc' dir='ltr'>τοῦ</span> <span class='ocrx_word' id='word_1_141' title='bbox 1331 1749 1708 1827; x_wconf 86' lang='grc' dir='ltr'>προςώπου.</span> <span class='ocrx_word' id='word_1_142' title='bbox 1816 1750 2388 1827; x_wconf 88' lang='grc' dir='ltr'>προνοητικώτατα</span> <span class='ocrx_word' id='word_1_143' title='bbox 2453 1749 2580 1828; x_wconf 85' lang='grc' dir='ltr'>ἄρα</span> <span class='ocrx_word' id='word_1_144' title='bbox 2635 1751 2794 1814; x_wconf 86' lang='grc' dir='ltr'>κατὰ</span> <span class='ocrx_word' id='word_1_145' title='bbox 2857 1750 2935 1812; x_wconf 87' lang='grc' dir='ltr'>τὸ</span> <span class='ocrx_word' id='word_1_146' title='bbox 2995 1747 3198 1827; x_wconf 86' lang='grc' dir='ltr'>ἄρχον</span> 
     </span>
     <span class='ocr_line' id='line_1_16' title="bbox 605 1849 3200 1934; baseline -0.001 -17"><span class='ocrx_word' id='word_1_147' title='bbox 605 1855 895 1929; x_wconf 85' lang='grc' dir='ltr'>κινεῖται,</span> <span class='ocrx_word' id='word_1_148' title='bbox 949 1849 1060 1916; x_wconf 82' lang='grc' dir='ltr'>ἵνα</span> <span class='ocrx_word' id='word_1_149' title='bbox 1118 1850 1439 1929; x_wconf 87' lang='grc' dir='ltr'>ἄχραντος</span> <span class='ocrx_word' id='word_1_150' title='bbox 1493 1851 1533 1929; x_wconf 89' lang='grc' dir='ltr'>ἡ</span> <span class='ocrx_word' id='word_1_151' title='bbox 1578 1856 1832 1915; x_wconf 86' lang='grc' dir='ltr'>πτῶςις-</span> <span class='ocrx_word' id='word_1_152' title='bbox 1856 1851 2059 1934; x_wconf 87' lang='grc' dir='ltr'>μείνῃ.</span> <span class='ocrx_word' id='word_1_153' title='bbox 2113 1852 2237 1917; x_wconf 71' lang='grc' dir='ltr'>,τὰ</span> <span class='ocrx_word' id='word_1_154' title='bbox 2280 1851 2496 1929; x_wconf 84' lang='grc' dir='ltr'>μέντοι</span> <span class='ocrx_word' id='word_1_155' title='bbox 2542 1851 2817 1933; x_wconf 82' lang='grc' dir='ltr'>ῥήματα,</span> <span class='ocrx_word' id='word_1_156' title='bbox 2878 1851 2998 1916; x_wconf 84' lang='grc' dir='ltr'>οὐκ</span> <span class='ocrx_word' id='word_1_157' title='bbox 3040 1850 3200 1915; x_wconf 88' lang='grc' dir='ltr'>ὄντα</span> 
     </span>
    </p>

    <p class='ocr_par' dir='ltr' id='par_1_5' title="bbox 518 1951 3215 2135">
     <span class='ocr_line' id='line_1_17' title="bbox 518 1951 3215 2032; baseline -0 -15"><span class='ocrx_word' id='word_1_158' title='bbox 518 1969 579 2017; x_wconf 84' lang='lat'>15</span> <span class='ocrx_word' id='word_1_159' title='bbox 616 1954 868 2020; x_wconf 84' lang='grc' dir='ltr'>δεκτικὰ</span> <span class='ocrx_word' id='word_1_160' title='bbox 922 1952 1228 2017; x_wconf 87' lang='grc' dir='ltr'>πτώςεως</span> <span class='ocrx_word' id='word_1_161' title='bbox 1283 1952 1323 2031; x_wconf 86' lang='grc' dir='ltr'>ἢ</span> <span class='ocrx_word' id='word_1_162' title='bbox 1368 1952 1569 2031; x_wconf 91' lang='grc' dir='ltr'>μόνης</span> <span class='ocrx_word' id='word_1_163' title='bbox 1615 1951 1890 2030; x_wconf 85' lang='grc' dir='ltr'>εὐθείας,</span> <span class='ocrx_word' id='word_1_164' title='bbox 1948 1951 2294 2018; x_wconf 86' lang='grc' dir='ltr'>ἀκωλύτως</span> <span class='ocrx_word' id='word_1_165' title='bbox 2340 1954 2417 2019; x_wconf 87' lang='grc' dir='ltr'>τὸ</span> <span class='ocrx_word' id='word_1_166' title='bbox 2461 1954 2647 2018; x_wconf 88' lang='grc' dir='ltr'>τέλος</span> <span class='ocrx_word' id='word_1_167' title='bbox 2693 1952 2879 2018; x_wconf 86' lang='grc' dir='ltr'>ἐκίνει</span> <span class='ocrx_word' id='word_1_168' title='bbox 2924 1954 2996 2018; x_wconf 77' lang='grc' dir='ltr'>ἐν</span> <span class='ocrx_word' id='word_1_169' title='bbox 3041 1973 3215 2032; x_wconf 67' lang='grc' dir='ltr'>προ-4</span> 
     </span>
     <span class='ocr_line' id='line_1_18' title="bbox 607 2053 2369 2135; baseline -0.002 -14"><span class='ocrx_word' id='word_1_170' title='bbox 607 2056 877 2131; x_wconf 89' lang='grc' dir='ltr'>ςώποις,</span> <span class='ocrx_word' id='word_1_171' title='bbox 924 2054 1065 2119; x_wconf 84' lang='grc' dir='ltr'>ἐπεὶ</span> <span class='ocrx_word' id='word_1_172' title='bbox 1109 2053 1320 2120; x_wconf 85' lang='grc' dir='ltr'>οὐκέτι</span> <span class='ocrx_word' id='word_1_173' title='bbox 1367 2053 1448 2117; x_wconf 85' lang='grc' dir='ltr'>τὰ</span> <span class='ocrx_word' id='word_1_174' title='bbox 1489 2056 1601 2131; x_wconf 87' lang='grc' dir='ltr'>τῆς</span> <span class='ocrx_word' id='word_1_175' title='bbox 1643 2055 1947 2119; x_wconf 87' lang='grc' dir='ltr'>πτώςεως</span> <span class='ocrx_word' id='word_1_176' title='bbox 1993 2053 2369 2135; x_wconf 87' lang='grc' dir='ltr'>ἀμφήριςτα.</span> 
     </span>
    </p>

    <p class='ocr_par' dir='ltr' id='par_1_6' title="bbox 608 2155 3408 2443">
     <span class='ocr_line' id='line_1_19' title="bbox 779 2155 3408 2236; baseline 0.001 -14"><span class='ocrx_word' id='word_1_177' title='bbox 779 2156 1181 2222; x_wconf 89' lang='grc' dir='ltr'>Νοείςθωςαν</span> <span class='ocrx_word' id='word_1_178' title='bbox 1227 2155 1347 2221; x_wconf 84' lang='grc' dir='ltr'>οὖν</span> <span class='ocrx_word' id='word_1_179' title='bbox 1392 2155 1586 2220; x_wconf 90' lang='grc' dir='ltr'>πάλιν</span> <span class='ocrx_word' id='word_1_180' title='bbox 1632 2155 1696 2221; x_wconf 83' lang='grc' dir='ltr'>αἱ</span> <span class='ocrx_word' id='word_1_181' title='bbox 1740 2158 2154 2235; x_wconf 87' lang='grc' dir='ltr'>πληθυντικαὶ</span> <span class='ocrx_word' id='word_1_182' title='bbox 2195 2163 2328 2223; x_wconf 85' lang='grc' dir='ltr'>τῶν</span> <span class='ocrx_word' id='word_1_183' title='bbox 2373 2160 2710 2236; x_wconf 86' lang='grc' dir='ltr'>κτητικῶν,</span> <span class='ocrx_word' id='word_1_184' title='bbox 2755 2156 2824 2221; x_wconf 85' lang='grc' dir='ltr'>αἵ</span> <span class='ocrx_word' id='word_1_185' title='bbox 2865 2177 2934 2221; x_wconf 97' lang='grc' dir='ltr'>τε</span> <span class='ocrx_word' id='word_1_186' title='bbox 2979 2156 3201 2232; x_wconf 85' lang='grc' dir='ltr'>δυῑκαί,</span> <span class='ocrx_word' id='word_1_187' title='bbox 3241 2174 3408 2228; x_wconf 83' lang='lat' dir='ltr'><strong>133A</strong></span> 
     </span>
     <span class='ocr_line' id='line_1_20' title="bbox 608 2257 3316 2339; baseline -0.001 -14"><span class='ocrx_word' id='word_1_188' title='bbox 608 2262 680 2328; x_wconf 81' lang='grc' dir='ltr'>ἐν</span> <span class='ocrx_word' id='word_1_189' title='bbox 726 2258 1032 2338; x_wconf 88' lang='grc' dir='ltr'>ςυλλήψει</span> <span class='ocrx_word' id='word_1_190' title='bbox 1076 2263 1455 2323; x_wconf 84' lang='grc' dir='ltr'>καθεςτῶςαι</span> <span class='ocrx_word' id='word_1_191' title='bbox 1500 2257 1767 2337; x_wconf 86' lang='grc' dir='ltr'>πρώτου</span> <span class='ocrx_word' id='word_1_192' title='bbox 1812 2260 1915 2323; x_wconf 90' lang='grc' dir='ltr'>καὶ</span> <span class='ocrx_word' id='word_1_193' title='bbox 1958 2259 2267 2338; x_wconf 84' lang='grc' dir='ltr'>δευτέρου</span> <span class='ocrx_word' id='word_1_194' title='bbox 2311 2260 2350 2337; x_wconf 86' lang='grc' dir='ltr'>ἢ</span> <span class='ocrx_word' id='word_1_195' title='bbox 2395 2261 2497 2323; x_wconf 86' lang='grc' dir='ltr'>καὶ</span> <span class='ocrx_word' id='word_1_196' title='bbox 2539 2259 2783 2338; x_wconf 86' lang='grc' dir='ltr'>τρίτου,</span> <span class='ocrx_word' id='word_1_197' title='bbox 2840 2258 3059 2323; x_wconf 88' lang='grc' dir='ltr'>καθότι</span> <span class='ocrx_word' id='word_1_198' title='bbox 3105 2259 3204 2322; x_wconf 88' lang='grc' dir='ltr'>καὶ</span> <span class='ocrx_word' id='word_1_199' title='bbox 3307 2328 3316 2339; x_wconf 56' lang='lat'>‚</span> 
     </span>
     <span class='ocr_line' id='line_1_21' title="bbox 611 2359 3202 2443; baseline -0.002 -17"><span class='ocrx_word' id='word_1_200' title='bbox 611 2362 674 2427; x_wconf 83' lang='grc' dir='ltr'>αἱ</span> <span class='ocrx_word' id='word_1_201' title='bbox 716 2361 1131 2440; x_wconf 89' lang='grc' dir='ltr'>πρωτότυποι</span> <span class='ocrx_word' id='word_1_202' title='bbox 1174 2359 1561 2437; x_wconf 84' lang='grc' dir='ltr'>ἐδείχθηςαν.</span> <span class='ocrx_word' id='word_1_203' title='bbox 1647 2360 1954 2439; x_wconf 86' lang='grc' dir='ltr'>ἡμέτερος</span> <span class='ocrx_word' id='word_1_204' title='bbox 1997 2361 2122 2440; x_wconf 87' lang='grc' dir='ltr'>γὰρ</span> <span class='ocrx_word' id='word_1_205' title='bbox 2167 2360 2206 2425; x_wconf 87' lang='grc' dir='ltr'>ὁ</span> <span class='ocrx_word' id='word_1_206' title='bbox 2252 2361 2405 2441; x_wconf 82' lang='grc' dir='ltr'>ἐμὸς</span> <span class='ocrx_word' id='word_1_207' title='bbox 2448 2363 2551 2426; x_wconf 86' lang='grc' dir='ltr'>καὶ</span> <span class='ocrx_word' id='word_1_208' title='bbox 2581 2361 2687 2426; x_wconf 87' lang='grc' dir='ltr'>ςὸς</span> <span class='ocrx_word' id='word_1_209' title='bbox 2733 2360 2865 2443; x_wconf 85' lang='grc' dir='ltr'>καί,</span> <span class='ocrx_word' id='word_1_210' title='bbox 2908 2359 2964 2424; x_wconf 86' lang='grc' dir='ltr'>εἰ</span> <span class='ocrx_word' id='word_1_211' title='bbox 3004 2360 3202 2438; x_wconf 85' lang='grc' dir='ltr'>τύχοι,</span> 
     </span>
    </p>

    <p class='ocr_par' dir='ltr' id='par_1_7' title="bbox 510 2460 2872 2545">
     <span class='ocr_line' id='line_1_22' title="bbox 510 2460 2872 2545; baseline 0 -20"><span class='ocrx_word' id='word_1_212' title='bbox 510 2478 579 2527; x_wconf 80' lang='lat'>20</span> <span class='ocrx_word' id='word_1_213' title='bbox 623 2462 827 2529; x_wconf 88' lang='grc' dir='ltr'>ἄλλου</span> <span class='ocrx_word' id='word_1_214' title='bbox 868 2483 1015 2528; x_wconf 90' lang='grc' dir='ltr'>του·</span> <span class='ocrx_word' id='word_1_215' title='bbox 1065 2461 1164 2525; x_wconf 87' lang='grc' dir='ltr'>καὶ</span> <span class='ocrx_word' id='word_1_216' title='bbox 1208 2461 1518 2539; x_wconf 88' lang='grc' dir='ltr'>νωίτερος</span> <span class='ocrx_word' id='word_1_217' title='bbox 1563 2460 1602 2525; x_wconf 87' lang='grc' dir='ltr'>ὁ</span> <span class='ocrx_word' id='word_1_218' title='bbox 1649 2460 1801 2540; x_wconf 83' lang='grc' dir='ltr'>ἐμὸς</span> <span class='ocrx_word' id='word_1_219' title='bbox 1845 2464 1949 2526; x_wconf 86' lang='grc' dir='ltr'>καὶ</span> <span class='ocrx_word' id='word_1_220' title='bbox 1992 2462 2132 2545; x_wconf 88' lang='grc' dir='ltr'>ςός,</span> <span class='ocrx_word' id='word_1_221' title='bbox 2176 2463 2216 2540; x_wconf 86' lang='grc' dir='ltr'>ἢ</span> <span class='ocrx_word' id='word_1_222' title='bbox 2261 2462 2414 2541; x_wconf 84' lang='grc' dir='ltr'>ἐμὸς</span> <span class='ocrx_word' id='word_1_223' title='bbox 2457 2464 2559 2528; x_wconf 91' lang='grc' dir='ltr'>καὶ</span> <span class='ocrx_word' id='word_1_224' title='bbox 2603 2462 2872 2528; x_wconf 84' lang='grc' dir='ltr'>ἐκείνου.</span> 
     </span>
    </p>
   </div>
   <div class='ocr_carea' id='block_1_2' title="bbox 789 2561 3205 2644">
    <p class='ocr_par' dir='ltr' id='par_1_8' title="bbox 789 2561 3205 2644">
     <span class='ocr_line' id='line_1_23' title="bbox 789 2561 3205 2644; baseline -0.001 -16"><span class='ocrx_word' id='word_1_225' title='bbox 789 2565 1020 2629; x_wconf 89' lang='grc' dir='ltr'>Κοινὸν</span> <span class='ocrx_word' id='word_1_226' title='bbox 1066 2564 1180 2641; x_wconf 77' lang='grc' dir='ltr'>μὲν</span> <span class='ocrx_word' id='word_1_227' title='bbox 1227 2564 1482 2641; x_wconf 78' lang='grc' dir='ltr'>ἔχοοςιν</span> <span class='ocrx_word' id='word_1_228' title='bbox 1538 2562 1603 2627; x_wconf 84' lang='grc' dir='ltr'>αἱ</span> <span class='ocrx_word' id='word_1_229' title='bbox 1645 2566 1924 2641; x_wconf 82' lang='grc' dir='ltr'>κτητικαὶ</span> <span class='ocrx_word' id='word_1_230' title='bbox 1982 2562 2369 2642; x_wconf 89' lang='grc' dir='ltr'>ἀντωνυμίαι</span> <span class='ocrx_word' id='word_1_231' title='bbox 2427 2566 2592 2644; x_wconf 89' lang='grc' dir='ltr'>πρὸς</span> <span class='ocrx_word' id='word_1_232' title='bbox 2635 2565 2714 2629; x_wconf 87' lang='grc' dir='ltr'>τὰ</span> <span class='ocrx_word' id='word_1_233' title='bbox 2757 2565 3012 2642; x_wconf 80' lang='grc' dir='ltr'>κτητικὰ</span> <span class='ocrx_word' id='word_1_234' title='bbox 3056 2561 3205 2627; x_wconf 85' lang='grc' dir='ltr'>ὀνό-</span> 
     </span>
    </p>
   </div>
   <div class='ocr_carea' id='block_1_3' title="bbox 696 2671 847 2677">
    <p class='ocr_par' dir='ltr' id='par_1_9' title="bbox 696 2671 847 2677">
     <span class='ocr_line' id='line_1_24' title="bbox 696 2671 847 2677; baseline 0 0"><span class='ocrx_word' id='word_1_235' title='bbox 696 2671 847 2677; x_wconf 95' lang='lat' dir='ltr'> </span> 
     </span>
    </p>
   </div>
   <div class='ocr_carea' id='block_1_4' title="bbox 615 2711 3214 3541">
    <p class='ocr_par' dir='ltr' id='par_1_10' title="bbox 615 2711 3214 3541">
     <span class='ocr_line' id='line_1_25' title="bbox 750 2711 3208 2778; baseline -0 -10"><span class='ocrx_word' id='word_1_236' title='bbox 750 2716 968 2769; x_wconf 75' lang='lat' dir='ltr'>Anovu.</span> <span class='ocrx_word' id='word_1_237' title='bbox 1037 2720 1061 2767; x_wconf 88' lang='lat'>1</span> <span class='ocrx_word' id='word_1_238' title='bbox 1089 2711 1347 2767; x_wconf 88' lang='lat' dir='ltr'>Personis</span> <span class='ocrx_word' id='word_1_239' title='bbox 1372 2714 1723 2768; x_wconf 75' lang='lat' dir='ltr'>variantibus</span> <span class='ocrx_word' id='word_1_240' title='bbox 1757 2713 2055 2770; x_wconf 89' lang='lat' dir='ltr'>verborum</span> <span class='ocrx_word' id='word_1_241' title='bbox 2091 2714 2246 2778; x_wconf 87' lang='lat' dir='ltr'>fines,</span> <span class='ocrx_word' id='word_1_242' title='bbox 2283 2714 2449 2769; x_wconf 84' lang='lat' dir='ltr'>initia</span> <span class='ocrx_word' id='word_1_243' title='bbox 2520 2714 2873 2769; x_wconf 87' lang='lat' dir='ltr'>ronominum</span> <span class='ocrx_word' id='word_1_244' title='bbox 2899 2715 3208 2773; x_wconf 85' lang='lat' dir='ltr'>mutantur.</span> 
     </span>
     <span class='ocr_line' id='line_1_26' title="bbox 615 2780 3212 2857; baseline -0 -20"><span class='ocrx_word' id='word_1_245' title='bbox 615 2784 785 2838; x_wconf 88' lang='lat' dir='ltr'>Cuius</span> <span class='ocrx_word' id='word_1_246' title='bbox 819 2783 899 2836; x_wconf 79' lang='lat' dir='ltr'>rei</span> <span class='ocrx_word' id='word_1_247' title='bbox 934 2783 1076 2836; x_wconf 83' lang='lat' dir='ltr'>haee</span> <span class='ocrx_word' id='word_1_248' title='bbox 1112 2782 1201 2835; x_wconf 89' lang='lat' dir='ltr'>est</span> <span class='ocrx_word' id='word_1_249' title='bbox 1234 2796 1417 2857; x_wconf 70' lang='lat' dir='ltr'>eausa.</span> <span class='ocrx_word' id='word_1_250' title='bbox 1475 2780 1820 2835; x_wconf 84' lang='lat' dir='ltr'>Pronomina</span> <span class='ocrx_word' id='word_1_251' title='bbox 1852 2799 2083 2838; x_wconf 84' lang='lat' dir='ltr'>neeesse</span> <span class='ocrx_word' id='word_1_252' title='bbox 2117 2785 2207 2838; x_wconf 85' lang='lat' dir='ltr'>est</span> <span class='ocrx_word' id='word_1_253' title='bbox 2240 2784 2326 2836; x_wconf 86' lang='lat' dir='ltr'>uti</span> <span class='ocrx_word' id='word_1_254' title='bbox 2362 2784 2480 2838; x_wconf 81' lang='lat' dir='ltr'>easi</span> <span class='ocrx_word' id='word_1_255' title='bbox 2522 2800 2613 2850; x_wconf 87' lang='lat' dir='ltr'>us,</span> <span class='ocrx_word' id='word_1_256' title='bbox 2690 2784 2748 2836; x_wconf 90' lang='lat' dir='ltr'>ui</span> <span class='ocrx_word' id='word_1_257' title='bbox 2783 2785 2984 2852; x_wconf 87' lang='lat' dir='ltr'>suapte</span> <span class='ocrx_word' id='word_1_258' title='bbox 3008 2783 3212 2836; x_wconf 83' lang='lat' dir='ltr'>natura</span> 
     </span>
     <span class='ocr_line' id='line_1_27' title="bbox 616 2847 3212 2929; baseline -0 -25"><span class='ocrx_word' id='word_1_259' title='bbox 616 2850 754 2904; x_wconf 88' lang='lat' dir='ltr'>fines</span> <span class='ocrx_word' id='word_1_260' title='bbox 808 2865 1008 2927; x_wconf 49' lang='lat' dir='ltr'>eorum.</span> <span class='ocrx_word' id='word_1_261' title='bbox 1054 2848 1159 2902; x_wconf 93' lang='lat' dir='ltr'>sibi</span> <span class='ocrx_word' id='word_1_262' title='bbox 1214 2847 1600 2916; x_wconf 79' lang='lat' dir='ltr'>vindicarunt3</span> <span class='ocrx_word' id='word_1_263' title='bbox 1654 2849 1796 2903; x_wconf 88' lang='lat' dir='ltr'>nihil</span> <span class='ocrx_word' id='word_1_264' title='bbox 1847 2850 2024 2929; x_wconf 81' lang='lat' dir='ltr'>igitur</span> <span class='ocrx_word' id='word_1_265' title='bbox 2078 2850 2150 2904; x_wconf 83' lang='lat' dir='ltr'>ad</span> <span class='ocrx_word' id='word_1_266' title='bbox 2194 2867 2462 2920; x_wconf 88' lang='lat' dir='ltr'>personas</span> <span class='ocrx_word' id='word_1_267' title='bbox 2514 2851 2662 2929; x_wconf 66' lang='lat' dir='ltr'>signi</span> <span class='ocrx_word' id='word_1_268' title='bbox 2704 2850 2912 2929; x_wconf 60' lang='lat' dir='ltr'>(pandas</span> <span class='ocrx_word' id='word_1_269' title='bbox 2956 2851 3212 2928; x_wconf 66' lang='lat' dir='ltr'>superest</span> 
     </span>
     <span class='ocr_line' id='line_1_28' title="bbox 615 2914 3212 3063; baseline -0.001 -22"><span class='ocrx_word' id='word_1_270' title='bbox 615 2914 1919 3063; x_wconf 43' lang='lat' dir='ltr'>{mamma}fflssssdxssssssffsossi</span> <span class='ocrx_word' id='word_1_271' title='bbox 1931 2919 2420 3051; x_wconf 48' lang='grc' dir='ltr'>Ιὲηὲἓὲῗῗιῗέἰὶέῗ</span> <span class='ocrx_word' id='word_1_272' title='bbox 2453 2920 3024 3040; x_wconf 49' lang='grc' dir='ltr'>ἓὲᾞὲἔιζὲἐῖιῗὲ</span> <span class='ocrx_word' id='word_1_273' title='bbox 3053 2916 3212 3038; x_wconf 62' lang='lat'>3²:¹33}</span> 
     </span>
     <span class='ocr_line' id='line_1_29' title="bbox 616 3051 3213 3123; baseline -0.001 -16"><span class='ocrx_word' id='word_1_274' title='bbox 616 3056 788 3112; x_wconf 84' lang='lat' dir='ltr'>tetur.</span> <span class='ocrx_word' id='word_1_275' title='bbox 840 3077 903 3092; x_wconf 61' lang='lat'>—-⁴</span> <span class='ocrx_word' id='word_1_276' title='bbox 953 3058 1013 3105; x_wconf 78' lang='lat'>17</span> <span class='ocrx_word' id='word_1_277' title='bbox 1058 3051 1138 3105; x_wconf 87' lang='lat' dir='ltr'>Ut</span> <span class='ocrx_word' id='word_1_278' title='bbox 1179 3051 1586 3121; x_wconf 85' lang='lat' dir='ltr'>personahum‚</span> <span class='ocrx_word' id='word_1_279' title='bbox 1634 3054 1716 3106; x_wconf 86' lang='lat' dir='ltr'>ita</span> <span class='ocrx_word' id='word_1_280' title='bbox 1759 3054 2200 3122; x_wconf 75' lang='lat' dir='ltr'>possessivorum</span> <span class='ocrx_word' id='word_1_281' title='bbox 2249 3054 2445 3108; x_wconf 86' lang='lat' dir='ltr'>duales</span> <span class='ocrx_word' id='word_1_282' title='bbox 2489 3054 2848 3123; x_wconf 82' lang='lat' dir='ltr'>pluralesque</span> <span class='ocrx_word' id='word_1_283' title='bbox 2896 3052 3213 3122; x_wconf 82' lang='lat' dir='ltr'>complures</span> 
     </span>
     <span class='ocr_line' id='line_1_30' title="bbox 617 3119 3210 3191; baseline -0.001 -15"><span class='ocrx_word' id='word_1_284' title='bbox 617 3137 885 3191; x_wconf 78' lang='lat' dir='ltr'>personas</span> <span class='ocrx_word' id='word_1_285' title='bbox 929 3119 1407 3188; x_wconf 69' lang='lat' dir='ltr'>complectuntur-3</span> <span class='ocrx_word' id='word_1_286' title='bbox 1457 3124 1517 3174; x_wconf 88' lang='lat' dir='ltr'>et</span> <span class='ocrx_word' id='word_1_287' title='bbox 1562 3122 1621 3175; x_wconf 90' lang='lat' dir='ltr'>in</span> <span class='ocrx_word' id='word_1_288' title='bbox 1665 3122 1850 3190; x_wconf 85' lang='lat' dir='ltr'>prima</span> <span class='ocrx_word' id='word_1_289' title='bbox 1896 3121 2128 3190; x_wconf 89' lang='lat' dir='ltr'>quidem</span> <span class='ocrx_word' id='word_1_290' title='bbox 2174 3122 2346 3176; x_wconf 82' lang='lat' dir='ltr'>etiam</span> <span class='ocrx_word' id='word_1_291' title='bbox 2391 3124 2697 3175; x_wconf 85' lang='lat' dir='ltr'>secundam</span> <span class='ocrx_word' id='word_1_292' title='bbox 2743 3121 2835 3175; x_wconf 91' lang='lat' dir='ltr'>vel</span> <span class='ocrx_word' id='word_1_293' title='bbox 2881 3121 3052 3174; x_wconf 79' lang='lat' dir='ltr'>etiam</span> <span class='ocrx_word' id='word_1_294' title='bbox 3097 3123 3210 3174; x_wconf 86' lang='lat' dir='ltr'>ter-</span> 
     </span>
     <span class='ocr_line' id='line_1_31' title="bbox 618 3187 3213 3259; baseline -0 -16"><span class='ocrx_word' id='word_1_295' title='bbox 618 3190 758 3243; x_wconf 82' lang='lat' dir='ltr'><strong>tiam</strong></span> <span class='ocrx_word' id='word_1_296' title='bbox 804 3187 1114 3243; x_wconf 77' lang='lat' dir='ltr'>continent.</span> <span class='ocrx_word' id='word_1_297' title='bbox 1165 3217 1229 3227; x_wconf 92' lang='lat'><em>-</em></span> <span class='ocrx_word' id='word_1_298' title='bbox 1283 3194 1345 3241; x_wconf 78' lang='lat'>21</span> <span class='ocrx_word' id='word_1_299' title='bbox 1398 3189 1460 3241; x_wconf 90' lang='lat' dir='ltr'>In</span> <span class='ocrx_word' id='word_1_300' title='bbox 1504 3189 1835 3259; x_wconf 81' lang='lat' dir='ltr'>possessivis</span> <span class='ocrx_word' id='word_1_301' title='bbox 1882 3195 1942 3243; x_wconf 87' lang='lat' dir='ltr'>et</span> <span class='ocrx_word' id='word_1_302' title='bbox 1993 3190 2421 3258; x_wconf 84' lang='lat' dir='ltr'>pronominibus</span> <span class='ocrx_word' id='word_1_303' title='bbox 2469 3194 2530 3244; x_wconf 89' lang='lat' dir='ltr'>et</span> <span class='ocrx_word' id='word_1_304' title='bbox 2571 3189 2888 3243; x_wconf 87' lang='lat' dir='ltr'>nominibus</span> <span class='ocrx_word' id='word_1_305' title='bbox 2940 3188 3213 3258; x_wconf 83' lang='lat' dir='ltr'>possessio</span> 
     </span>
     <span class='ocr_line' id='line_1_32' title="bbox 618 3254 3212 3327; baseline -0 -16"><span class='ocrx_word' id='word_1_306' title='bbox 618 3257 981 3317; x_wconf 64' lang='lat' dir='ltr'>subauditurg</span> <span class='ocrx_word' id='word_1_307' title='bbox 1014 3254 1165 3309; x_wconf 83' lang='lat' dir='ltr'>inest</span> <span class='ocrx_word' id='word_1_308' title='bbox 1201 3257 1260 3309; x_wconf 88' lang='lat' dir='ltr'>et</span> <span class='ocrx_word' id='word_1_309' title='bbox 1292 3257 1631 3325; x_wconf 87' lang='lat' dir='ltr'>possessoris</span> <span class='ocrx_word' id='word_1_310' title='bbox 1667 3260 1728 3310; x_wconf 87' lang='lat' dir='ltr'>et</span> <span class='ocrx_word' id='word_1_311' title='bbox 1750 3257 2114 3326; x_wconf 84' lang='lat' dir='ltr'>possessionis</span> <span class='ocrx_word' id='word_1_312' title='bbox 2139 3273 2403 3325; x_wconf 77' lang='lat' dir='ltr'>persona3</span> <span class='ocrx_word' id='word_1_313' title='bbox 2443 3274 2544 3327; x_wconf 88' lang='lat' dir='ltr'>pro</span> <span class='ocrx_word' id='word_1_314' title='bbox 2569 3258 2638 3310; x_wconf 89' lang='lat' dir='ltr'>iis</span> <span class='ocrx_word' id='word_1_315' title='bbox 2661 3256 3021 3311; x_wconf 67' lang='lat' dir='ltr'>substituitur</span> <span class='ocrx_word' id='word_1_316' title='bbox 3043 3272 3212 3327; x_wconf 81' lang='lat' dir='ltr'>gene·</span> 
     </span>
     <span class='ocr_line' id='line_1_33' title="bbox 621 3322 3214 3393; baseline -0.001 -15"><span class='ocrx_word' id='word_1_317' title='bbox 621 3326 770 3379; x_wconf 86' lang='lat' dir='ltr'>tivus</span> <span class='ocrx_word' id='word_1_318' title='bbox 813 3322 1146 3393; x_wconf 87' lang='lat' dir='ltr'>possessoris</span> <span class='ocrx_word' id='word_1_319' title='bbox 1189 3340 1318 3376; x_wconf 85' lang='lat' dir='ltr'>cum</span> <span class='ocrx_word' id='word_1_320' title='bbox 1362 3325 1726 3393; x_wconf 88' lang='lat' dir='ltr'>possessione.</span> <span class='ocrx_word' id='word_1_321' title='bbox 1798 3323 1900 3377; x_wconf 90' lang='lat' dir='ltr'>His</span> <span class='ocrx_word' id='word_1_322' title='bbox 1945 3342 2080 3379; x_wconf 90' lang='lat' dir='ltr'>vero</span> <span class='ocrx_word' id='word_1_323' title='bbox 2128 3327 2295 3378; x_wconf 86' lang='lat' dir='ltr'>rebus</span> <span class='ocrx_word' id='word_1_324' title='bbox 2339 3326 2489 3380; x_wconf 89' lang='lat' dir='ltr'>inter</span> <span class='ocrx_word' id='word_1_325' title='bbox 2533 3341 2593 3379; x_wconf 89' lang='lat' dir='ltr'>se</span> <span class='ocrx_word' id='word_1_326' title='bbox 2639 3323 2930 3378; x_wconf 84' lang='lat' dir='ltr'>differunt:</span> <span class='ocrx_word' id='word_1_327' title='bbox 2981 3325 3027 3391; x_wconf 91' lang='lat'>1)</span> <span class='ocrx_word' id='word_1_328' title='bbox 3065 3323 3214 3392; x_wconf 89' lang='lat' dir='ltr'>quod</span> 
     </span>
     <span class='ocr_line' id='line_1_34' title="bbox 621 3390 3214 3462; baseline -0.001 -15"><span class='ocrx_word' id='word_1_329' title='bbox 621 3391 955 3462; x_wconf 85' lang='lat' dir='ltr'>pronomina</span> <span class='ocrx_word' id='word_1_330' title='bbox 988 3390 1304 3460; x_wconf 86' lang='lat' dir='ltr'>quemlibet</span> <span class='ocrx_word' id='word_1_331' title='bbox 1344 3407 1743 3460; x_wconf 87' lang='lat' dir='ltr'>possessorem,</span> <span class='ocrx_word' id='word_1_332' title='bbox 1783 3392 2016 3446; x_wconf 77' lang='lat' dir='ltr'>nomina</span> <span class='ocrx_word' id='word_1_333' title='bbox 2049 3392 2332 3446; x_wconf 87' lang='lat' dir='ltr'>interdum</span> <span class='ocrx_word' id='word_1_334' title='bbox 2367 3397 2584 3447; x_wconf 88' lang='lat' dir='ltr'>certum</span> <span class='ocrx_word' id='word_1_335' title='bbox 2620 3392 2903 3461; x_wconf 85' lang='lat' dir='ltr'>quendam</span> <span class='ocrx_word' id='word_1_336' title='bbox 2937 3392 3214 3454; x_wconf 76' lang='lat' dir='ltr'>indicant3</span> 
     </span>
     <span class='ocr_line' id='line_1_35' title="bbox 622 3458 3209 3541; baseline -0 -27"><span class='ocrx_word' id='word_1_337' title='bbox 622 3464 669 3530; x_wconf 82' lang='lat'>2)</span> <span class='ocrx_word' id='word_1_338' title='bbox 704 3460 857 3541; x_wconf 76' lang='lat' dir='ltr'>quod</span> <span class='ocrx_word' id='word_1_339' title='bbox 900 3459 961 3513; x_wconf 91' lang='lat' dir='ltr'>in</span> <span class='ocrx_word' id='word_1_340' title='bbox 995 3458 1316 3512; x_wconf 87' lang='lat' dir='ltr'>nominibus</span> <span class='ocrx_word' id='word_1_341' title='bbox 1359 3460 1685 3528; x_wconf 83' lang='lat' dir='ltr'>possessivis</span> <span class='ocrx_word' id='word_1_342' title='bbox 1722 3476 1946 3529; x_wconf 87' lang='lat' dir='ltr'>semper</span> <span class='ocrx_word' id='word_1_343' title='bbox 1981 3461 2125 3514; x_wconf 88' lang='lat' dir='ltr'>duae</span> <span class='ocrx_word' id='word_1_344' title='bbox 2171 3460 2366 3514; x_wconf 87' lang='lat' dir='ltr'>insunt</span> <span class='ocrx_word' id='word_1_345' title='bbox 2397 3461 2601 3515; x_wconf 79' lang='lat' dir='ltr'>tertiae</span> <span class='ocrx_word' id='word_1_346' title='bbox 2636 3476 2937 3530; x_wconf 87' lang='lat' dir='ltr'>personae,</span> <span class='ocrx_word' id='word_1_347' title='bbox 2983 3460 3044 3513; x_wconf 93' lang='lat' dir='ltr'>in</span> <span class='ocrx_word' id='word_1_348' title='bbox 3083 3475 3209 3528; x_wconf 88' lang='lat' dir='ltr'>pro-</span> 
     </span>
    </p>
   </div>
   <div class='ocr_carea' id='block_1_5' title="bbox 622 3527 3298 3666">
    <p class='ocr_par' dir='ltr' id='par_1_11' title="bbox 622 3527 3298 3666">
     <span class='ocr_line' id='line_1_36' title="bbox 623 3527 3298 3598; baseline -0.001 -16"><span class='ocrx_word' id='word_1_349' title='bbox 623 3528 947 3582; x_wconf 79' lang='lat' dir='ltr'>nominibus</span> <span class='ocrx_word' id='word_1_350' title='bbox 979 3542 1092 3580; x_wconf 90' lang='lat' dir='ltr'>non</span> <span class='ocrx_word' id='word_1_351' title='bbox 1128 3543 1377 3595; x_wconf 87' lang='lat' dir='ltr'>semper;</span> <span class='ocrx_word' id='word_1_352' title='bbox 1421 3529 1467 3595; x_wconf 82' lang='lat' dir='ltr'>s)</span> <span class='ocrx_word' id='word_1_353' title='bbox 1504 3528 1657 3594; x_wconf 86' lang='lat' dir='ltr'>quod</span> <span class='ocrx_word' id='word_1_354' title='bbox 1691 3528 1751 3580; x_wconf 93' lang='lat' dir='ltr'>in</span> <span class='ocrx_word' id='word_1_355' title='bbox 1798 3528 2124 3596; x_wconf 85' lang='lat' dir='ltr'>possessivis</span> <span class='ocrx_word' id='word_1_356' title='bbox 2161 3528 2233 3582; x_wconf 83' lang='lat' dir='ltr'>ab</span> <span class='ocrx_word' id='word_1_357' title='bbox 2270 3527 2628 3598; x_wconf 79' lang='lat' dir='ltr'>appellativis</span> <span class='ocrx_word' id='word_1_358' title='bbox 2663 3528 2872 3593; x_wconf 83' lang='lat' dir='ltr'>ductis,</span> <span class='ocrx_word' id='word_1_359' title='bbox 2921 3529 3063 3593; x_wconf 83' lang='lat' dir='ltr'>quot</span> <span class='ocrx_word' id='word_1_360' title='bbox 3105 3527 3217 3581; x_wconf 89' lang='lat' dir='ltr'>sint</span> <span class='ocrx_word' id='word_1_361' title='bbox 3290 3549 3298 3556; x_wconf 91' lang='lat'><strong>·</strong></span> 
     </span>
     <span class='ocr_line' id='line_1_37' title="bbox 622 3595 2392 3666; baseline -0.002 -15"><span class='ocrx_word' id='word_1_362' title='bbox 622 3611 988 3666; x_wconf 77' lang='lat' dir='ltr'>possessores,</span> <span class='ocrx_word' id='word_1_363' title='bbox 1024 3595 1343 3664; x_wconf 83' lang='lat' dir='ltr'>ignoratur,</span> <span class='ocrx_word' id='word_1_364' title='bbox 1380 3611 1493 3648; x_wconf 93' lang='lat' dir='ltr'>non</span> <span class='ocrx_word' id='word_1_365' title='bbox 1528 3596 1820 3666; x_wconf 83' lang='lat' dir='ltr'>ignoratur</span> <span class='ocrx_word' id='word_1_366' title='bbox 1854 3597 1914 3649; x_wconf 91' lang='lat' dir='ltr'>in</span> <span class='ocrx_word' id='word_1_367' title='bbox 1948 3596 2392 3664; x_wconf 88' lang='lat' dir='ltr'>pronominibus,</span> 
     </span>
    </p>
   </div>
   <div class='ocr_carea' id='block_1_6' title="bbox 744 3685 1031 3694">
    <p class='ocr_par' dir='ltr' id='par_1_12' title="bbox 744 3685 1031 3694">
     <span class='ocr_line' id='line_1_38' title="bbox 744 3685 1031 3694; baseline 0 1836"><span class='ocrx_word' id='word_1_368' title='bbox 744 3685 1031 3694; x_wconf 95' lang='lat' dir='ltr'> </span> 
     </span>
    </p>
   </div>
   <div class='ocr_carea' id='block_1_7' title="bbox 618 3727 3223 4474">
    <p class='ocr_par' dir='ltr' id='par_1_13' title="bbox 618 3727 3223 4474">
     <span class='ocr_line' id='line_1_39' title="bbox 761 3727 3219 3800; baseline 0 -17"><span class='ocrx_word' id='word_1_369' title='bbox 761 3729 986 3783; x_wconf 78' lang='lat' dir='ltr'>Tssm.</span> <span class='ocrx_word' id='word_1_370' title='bbox 1057 3735 1120 3781; x_wconf 80' lang='lat'>21</span> <span class='ocrx_word' id='word_1_371' title='bbox 1157 3727 1327 3782; x_wconf 80' lang='lat' dir='ltr'>Prisc.</span> <span class='ocrx_word' id='word_1_372' title='bbox 1364 3728 1471 3783; x_wconf 88' lang='lat' dir='ltr'>XII</span> <span class='ocrx_word' id='word_1_373' title='bbox 1506 3736 1573 3784; x_wconf 82' lang='lat'>20</span> <span class='ocrx_word' id='word_1_374' title='bbox 1658 3770 1672 3784; x_wconf 94' lang='lat'><strong>.</strong></span> <span class='ocrx_word' id='word_1_375' title='bbox 1707 3735 1833 3794; x_wconf 79' lang='lat'><strong>588,</strong></span> <span class='ocrx_word' id='word_1_376' title='bbox 1878 3735 1939 3783; x_wconf 86' lang='lat'>16</span> <span class='ocrx_word' id='word_1_377' title='bbox 1988 3730 2285 3786; x_wconf 78' lang='lat' dir='ltr'>Commune</span> <span class='ocrx_word' id='word_1_378' title='bbox 2326 3732 2522 3786; x_wconf 75' lang='lat' dir='ltr'>habent</span> <span class='ocrx_word' id='word_1_379' title='bbox 2550 3731 2854 3800; x_wconf 82' lang='lat' dir='ltr'>possessiva</span> <span class='ocrx_word' id='word_1_380' title='bbox 2887 3731 3219 3797; x_wconf 76' lang='lat' dir='ltr'>pronomina</span> 
     </span>
     <span class='ocr_line' id='line_1_40' title="bbox 626 3797 3217 3867; baseline -0.001 -13"><span class='ocrx_word' id='word_1_381' title='bbox 626 3815 748 3854; x_wconf 81' lang='lat' dir='ltr'>cum</span> <span class='ocrx_word' id='word_1_382' title='bbox 776 3797 1095 3865; x_wconf 77' lang='lat' dir='ltr'>possessivis</span> <span class='ocrx_word' id='word_1_383' title='bbox 1129 3797 1468 3862; x_wconf 74' lang='lat' dir='ltr'>nominibus,</span> <span class='ocrx_word' id='word_1_384' title='bbox 1686 3799 1749 3852; x_wconf 89' lang='lat' dir='ltr'>in</span> <span class='ocrx_word' id='word_1_385' title='bbox 1784 3799 2037 3867; x_wconf 76' lang='lat' dir='ltr'>utrisque</span> <span class='ocrx_word' id='word_1_386' title='bbox 2066 3800 2330 3866; x_wconf 79' lang='lat' dir='ltr'>possessio</span> <span class='ocrx_word' id='word_1_387' title='bbox 2364 3799 2718 3864; x_wconf 77' lang='lat' dir='ltr'>subauditur,</span> <span class='ocrx_word' id='word_1_388' title='bbox 2755 3798 2900 3867; x_wconf 76' lang='lat' dir='ltr'>qnod</span> <span class='ocrx_word' id='word_1_389' title='bbox 2935 3797 3099 3853; x_wconf 87' lang='lat' dir='ltr'>binae</span> <span class='ocrx_word' id='word_1_390' title='bbox 3129 3799 3217 3852; x_wconf 88' lang='lat' dir='ltr'>in·</span> 
     </span>
     <span class='ocr_line' id='line_1_41' title="bbox 627 3865 3217 3936; baseline -0.001 -14"><span class='ocrx_word' id='word_1_391' title='bbox 627 3867 966 3936; x_wconf 74' lang='lat' dir='ltr'>telleqnntur</span> <span class='ocrx_word' id='word_1_392' title='bbox 991 3879 1292 3934; x_wconf 85' lang='lat' dir='ltr'>personae,</span> <span class='ocrx_word' id='word_1_393' title='bbox 1338 3865 1486 3933; x_wconf 79' lang='lat' dir='ltr'>quod</span> <span class='ocrx_word' id='word_1_394' title='bbox 1528 3867 1593 3920; x_wconf 88' lang='lat' dir='ltr'>in</span> <span class='ocrx_word' id='word_1_395' title='bbox 1636 3866 1911 3935; x_wconf 72' lang='lat' dir='ltr'>yenetivos</span> <span class='ocrx_word' id='word_1_396' title='bbox 1948 3866 2366 3934; x_wconf 61' lang='lat' dir='ltr'>primitivorum</span> <span class='ocrx_word' id='word_1_397' title='bbox 2409 3867 2667 3922; x_wconf 82' lang='lat' dir='ltr'>similiter</span> <span class='ocrx_word' id='word_1_398' title='bbox 2709 3866 3061 3921; x_wconf 72' lang='lat' dir='ltr'>resolvuntur</span> <span class='ocrx_word' id='word_1_399' title='bbox 3095 3882 3217 3921; x_wconf 79' lang='lat' dir='ltr'>cnm</span> 
     </span>
     <span class='ocr_line' id='line_1_42' title="bbox 618 3933 3216 4003; baseline -0.001 -15"><span class='ocrx_word' id='word_1_400' title='bbox 618 3935 959 4003; x_wconf 85' lang='lat' dir='ltr'>possessione</span> <span class='ocrx_word' id='word_1_401' title='bbox 965 3952 989 3998; x_wconf 91' lang='lat'><em>;</em></span> <span class='ocrx_word' id='word_1_402' title='bbox 1039 3949 1152 3986; x_wconf 88' lang='lat' dir='ltr'>non</span> <span class='ocrx_word' id='word_1_403' title='bbox 1203 3948 1510 4001; x_wconf 76' lang='lat' dir='ltr'>commune,</span> <span class='ocrx_word' id='word_1_404' title='bbox 1564 3933 1711 4003; x_wconf 74' lang='lat' dir='ltr'>qnod</span> <span class='ocrx_word' id='word_1_405' title='bbox 1754 3936 2092 4001; x_wconf 78' lang='lat' dir='ltr'>pronomina</span> <span class='ocrx_word' id='word_1_406' title='bbox 2134 3936 2444 4002; x_wconf 83' lang='lat' dir='ltr'>possessiva</span> <span class='ocrx_word' id='word_1_407' title='bbox 2495 3936 2672 3989; x_wconf 86' lang='lat' dir='ltr'>omnis</span> <span class='ocrx_word' id='word_1_408' title='bbox 2720 3939 2851 3988; x_wconf 80' lang='lat' dir='ltr'>swnt</span> <span class='ocrx_word' id='word_1_409' title='bbox 2903 3934 3216 3988; x_wconf 79' lang='lat' dir='ltr'>eommunia</span> 
     </span>
     <span class='ocr_line' id='line_1_43' title="bbox 626 4001 3218 4071; baseline -0.001 -14"><span class='ocrx_word' id='word_1_410' title='bbox 626 4001 961 4071; x_wconf 71' lang='lat' dir='ltr'>possessoris,</span> <span class='ocrx_word' id='word_1_411' title='bbox 996 4001 1226 4054; x_wconf 85' lang='lat' dir='ltr'>nomina</span> <span class='ocrx_word' id='word_1_412' title='bbox 1258 4016 1383 4055; x_wconf 85' lang='lat' dir='ltr'>vero</span> <span class='ocrx_word' id='word_1_413' title='bbox 1418 4003 1725 4069; x_wconf 80' lang='lat' dir='ltr'>possessiva</span> <span class='ocrx_word' id='word_1_414' title='bbox 1759 4017 1875 4056; x_wconf 90' lang='lat' dir='ltr'>non</span> <span class='ocrx_word' id='word_1_415' title='bbox 1907 4003 2084 4057; x_wconf 86' lang='lat' dir='ltr'>omnis</span> <span class='ocrx_word' id='word_1_416' title='bbox 2117 4046 2131 4059; x_wconf 88' lang='lat'><strong>.</strong></span> <span class='ocrx_word' id='word_1_417' title='bbox 2171 4044 2211 4067; x_wconf 82' lang='grc'>.,</span> <span class='ocrx_word' id='word_1_418' title='bbox 2258 4009 2308 4058; x_wconf 84' lang='lat' dir='ltr'>et</span> <span class='ocrx_word' id='word_1_419' title='bbox 2377 4003 2489 4057; x_wconf 77' lang='lat' dir='ltr'>uod</span> <span class='ocrx_word' id='word_1_420' title='bbox 2519 4001 2750 4056; x_wconf 85' lang='lat' dir='ltr'>nomina</span> <span class='ocrx_word' id='word_1_421' title='bbox 2783 4002 2982 4056; x_wconf 82' lang='lat' dir='ltr'>tertiae</span> <span class='ocrx_word' id='word_1_422' title='bbox 3008 4001 3218 4056; x_wconf 80' lang='lat' dir='ltr'>intelle-</span> 
     </span>
     <span class='ocr_line' id='line_1_44' title="bbox 628 4069 3220 4139; baseline -0.001 -14"><span class='ocrx_word' id='word_1_423' title='bbox 628 4075 841 4139; x_wconf 68' lang='lat' dir='ltr'>ywnwr</span> <span class='ocrx_word' id='word_1_424' title='bbox 863 4083 1153 4136; x_wconf 82' lang='lat' dir='ltr'>personae,</span> <span class='ocrx_word' id='word_1_425' title='bbox 1189 4069 1306 4123; x_wconf 85' lang='lat' dir='ltr'>nisi</span> <span class='ocrx_word' id='word_1_426' title='bbox 1328 4069 1718 4138; x_wconf 72' lang='lat' dir='ltr'>adinnyantwr</span> <span class='ocrx_word' id='word_1_427' title='bbox 1739 4070 1919 4125; x_wconf 84' lang='lat' dir='ltr'>verbis</span> <span class='ocrx_word' id='word_1_428' title='bbox 1939 4071 2268 4126; x_wconf 81' lang='lat' dir='ltr'>sustantivis</span> <span class='ocrx_word' id='word_1_429' title='bbox 2293 4086 2328 4125; x_wconf 81' lang='grc' dir='ltr'>υ</span> <span class='ocrx_word' id='word_1_430' title='bbox 2412 4071 2693 4135; x_wconf 71' lang='lat' dir='ltr'>vocativis,</span> <span class='ocrx_word' id='word_1_431' title='bbox 2722 4071 3062 4138; x_wconf 79' lang='lat' dir='ltr'>pronomina</span> <span class='ocrx_word' id='word_1_432' title='bbox 3095 4084 3220 4124; x_wconf 78' lang='lat' dir='ltr'>vero</span> 
     </span>
     <span class='ocr_line' id='line_1_45' title="bbox 630 4136 3222 4206; baseline -0 -14"><span class='ocrx_word' id='word_1_433' title='bbox 630 4143 683 4192; x_wconf 84' lang='lat' dir='ltr'>et</span> <span class='ocrx_word' id='word_1_434' title='bbox 717 4137 937 4205; x_wconf 82' lang='lat' dir='ltr'>primae</span> <span class='ocrx_word' id='word_1_435' title='bbox 980 4141 1031 4191; x_wconf 78' lang='lat' dir='ltr'>et</span> <span class='ocrx_word' id='word_1_436' title='bbox 1072 4136 1346 4191; x_wconf 77' lang='lat' dir='ltr'>secwndae</span> <span class='ocrx_word' id='word_1_437' title='bbox 1386 4137 1757 4192; x_wconf 73' lang='lat' dir='ltr'>inveniwntur</span> <span class='ocrx_word' id='word_1_438' title='bbox 1839 4153 2078 4193; x_wconf 84' lang='lat' dir='ltr'>ersonae.</span> <span class='ocrx_word' id='word_1_439' title='bbox 2150 4138 2443 4193; x_wconf 71' lang='lat' dir='ltr'>dubitatur</span> <span class='ocrx_word' id='word_1_440' title='bbox 2485 4154 2750 4193; x_wconf 81' lang='lat' dir='ltr'>numerus</span> <span class='ocrx_word' id='word_1_441' title='bbox 2786 4138 3113 4206; x_wconf 75' lang='lat' dir='ltr'>possessoris</span> <span class='ocrx_word' id='word_1_442' title='bbox 3157 4137 3222 4191; x_wconf 84' lang='lat' dir='ltr'>in</span> 
     </span>
     <span class='ocr_line' id='line_1_46' title="bbox 628 4204 3223 4274; baseline -0 -16"><span class='ocrx_word' id='word_1_443' title='bbox 628 4204 946 4259; x_wconf 73' lang='lat' dir='ltr'>nominibus</span> <span class='ocrx_word' id='word_1_444' title='bbox 972 4204 1321 4271; x_wconf 83' lang='lat' dir='ltr'>possessivis,</span> <span class='ocrx_word' id='word_1_445' title='bbox 1359 4221 1500 4273; x_wconf 78' lang='lat' dir='ltr'>quae</span> <span class='ocrx_word' id='word_1_446' title='bbox 1535 4206 1608 4260; x_wconf 88' lang='lat' dir='ltr'>ab</span> <span class='ocrx_word' id='word_1_447' title='bbox 1639 4223 1675 4259; x_wconf 87' lang='lat' dir='ltr'>a</span> <span class='ocrx_word' id='word_1_448' title='bbox 1756 4222 1784 4260; x_wconf 85' lang='lat' dir='ltr'>e</span> <span class='ocrx_word' id='word_1_449' title='bbox 1806 4206 1998 4260; x_wconf 83' lang='lat' dir='ltr'>lativis</span> <span class='ocrx_word' id='word_1_450' title='bbox 2030 4207 2390 4271; x_wconf 69' lang='lat' dir='ltr'>derivantur.</span> <span class='ocrx_word' id='word_1_451' title='bbox 2429 4248 2441 4259; x_wconf 91' lang='lat'>.</span> <span class='ocrx_word' id='word_1_452' title='bbox 2481 4246 2496 4261; x_wconf 89' lang='lat'>.</span> <span class='ocrx_word' id='word_1_453' title='bbox 2541 4207 2606 4260; x_wconf 90' lang='lat' dir='ltr'>in</span> <span class='ocrx_word' id='word_1_454' title='bbox 2640 4206 3062 4274; x_wconf 80' lang='lat' dir='ltr'>pronominibus</span> <span class='ocrx_word' id='word_1_455' title='bbox 3098 4220 3223 4260; x_wconf 77' lang='lat' dir='ltr'>vero</span> 
     </span>
     <span class='ocr_line' id='line_1_47' title="bbox 635 4271 3220 4343; baseline -0 -16"><span class='ocrx_word' id='word_1_456' title='bbox 635 4287 777 4328; x_wconf 88' lang='lat' dir='ltr'>non.</span> <span class='ocrx_word' id='word_1_457' title='bbox 817 4311 830 4325; x_wconf 92' lang='lat'><strong>.</strong></span> <span class='ocrx_word' id='word_1_458' title='bbox 860 4313 871 4322; x_wconf 93' lang='lat'>.</span> <span class='ocrx_word' id='word_1_459' title='bbox 899 4271 1211 4339; x_wconf 81' lang='lat' dir='ltr'>possessiva</span> <span class='ocrx_word' id='word_1_460' title='bbox 1232 4274 1461 4327; x_wconf 87' lang='lat' dir='ltr'>nomina</span> <span class='ocrx_word' id='word_1_461' title='bbox 1496 4290 1589 4328; x_wconf 79' lang='lat' dir='ltr'>asc</span> <span class='ocrx_word' id='word_1_462' title='bbox 1700 4274 1917 4328; x_wconf 74' lang='lat' dir='ltr'>entibus</span> <span class='ocrx_word' id='word_1_463' title='bbox 1948 4288 2063 4328; x_wconf 88' lang='lat' dir='ltr'>non</span> <span class='ocrx_word' id='word_1_464' title='bbox 2096 4274 2271 4328; x_wconf 82' lang='lat' dir='ltr'>solent</span> <span class='ocrx_word' id='word_1_465' title='bbox 2304 4274 2574 4343; x_wconf 73' lang='lat' dir='ltr'>adiunyi,</span> <span class='ocrx_word' id='word_1_466' title='bbox 2608 4280 2672 4328; x_wconf 79' lang='lat' dir='ltr'>nt</span> <span class='ocrx_word' id='word_1_467' title='bbox 2698 4273 3020 4328; x_wconf 80' lang='lat' dir='ltr'>‘Hectoreus</span> <span class='ocrx_word' id='word_1_468' title='bbox 3035 4278 3220 4340; x_wconf 81' lang='lat' dir='ltr'>pater’</span> 
     </span>
     <span class='ocr_line' id='line_1_48' title="bbox 632 4339 3223 4462; baseline 0 -68"><span class='ocrx_word' id='word_1_469' title='bbox 632 4355 747 4394; x_wconf 90' lang='lat' dir='ltr'>non</span> <span class='ocrx_word' id='word_1_470' title='bbox 780 4339 1034 4462; x_wconf 53' lang='lat' dir='ltr'>dicimus,</span> <span class='ocrx_word' id='word_1_471' title='bbox 1072 4339 1295 4406; x_wconf 73' lang='lat' dir='ltr'>‘frater’</span> <span class='ocrx_word' id='word_1_472' title='bbox 1329 4356 1456 4395; x_wconf 79' lang='lat' dir='ltr'>vero</span> <span class='ocrx_word' id='word_1_473' title='bbox 1490 4342 1574 4396; x_wconf 81' lang='lat' dir='ltr'>vel</span> <span class='ocrx_word' id='word_1_474' title='bbox 1611 4350 1839 4396; x_wconf 77' lang='lat' dir='ltr'>‘servus&#39;</span> <span class='ocrx_word' id='word_1_475' title='bbox 1879 4342 2117 4397; x_wconf 79' lang='lat' dir='ltr'>dicimus</span> <span class='ocrx_word' id='word_1_476' title='bbox 2126 4361 2147 4408; x_wconf 91' lang='lat'><em>;</em></span> <span class='ocrx_word' id='word_1_477' title='bbox 2174 4343 2512 4410; x_wconf 84' lang='lat' dir='ltr'>pronomina</span> <span class='ocrx_word' id='word_1_478' title='bbox 2544 4356 2671 4396; x_wconf 81' lang='lat' dir='ltr'>vero</span> <span class='ocrx_word' id='word_1_479' title='bbox 2704 4341 3123 4410; x_wconf 67' lang='lat' dir='ltr'>adinnquntnr,</span> <span class='ocrx_word' id='word_1_480' title='bbox 3158 4344 3223 4394; x_wconf 63' lang='grc' dir='ltr'>αἱ</span> 
     </span>
     <span class='ocr_line' id='line_1_49' title="bbox 635 4416 1037 4474; baseline 0 -12"><span class='ocrx_word' id='word_1_481' title='bbox 635 4416 807 4462; x_wconf 81' lang='lat' dir='ltr'>‘meus</span> <span class='ocrx_word' id='word_1_482' title='bbox 832 4423 914 4474; x_wconf 86' lang='lat' dir='ltr'>pa</span> <span class='ocrx_word' id='word_1_483' title='bbox 939 4416 1037 4466; x_wconf 83' lang='lat' dir='ltr'>er’.</span> 
     </span>
    </p>
   </div>
   <div class='ocr_carea' id='block_1_8' title="bbox 634 4497 1037 4506">
    <p class='ocr_par' dir='ltr' id='par_1_14' title="bbox 634 4497 1037 4506">
     <span class='ocr_line' id='line_1_50' title="bbox 634 4497 1037 4506; baseline 0 1024"><span class='ocrx_word' id='word_1_484' title='bbox 634 4497 1037 4506; x_wconf 95' lang='lat' dir='ltr'> </span> 
     </span>
    </p>
   </div>
   <div class='ocr_carea' id='block_1_9' title="bbox 635 4542 3229 4748">
    <p class='ocr_par' dir='ltr' id='par_1_15' title="bbox 635 4542 3229 4748">
     <span class='ocr_line' id='line_1_51' title="bbox 769 4542 3220 4622; baseline 0.001 -27"><span class='ocrx_word' id='word_1_485' title='bbox 769 4542 955 4596; x_wconf 76' lang='lat' dir='ltr'>Discn.</span> <span class='ocrx_word' id='word_1_486' title='bbox 1000 4560 1192 4601; x_wconf 70' lang='lat' dir='ltr'>scium.</span> <span class='ocrx_word' id='word_1_487' title='bbox 1272 4548 1321 4599; x_wconf 85' lang='grc'>’1.</span> <span class='ocrx_word' id='word_1_488' title='bbox 1368 4546 1661 4613; x_wconf 80' lang='grc' dir='ltr'>διηλλαξεν</span> <span class='ocrx_word' id='word_1_489' title='bbox 1698 4546 1741 4599; x_wconf 91' lang='grc' dir='ltr'>Α</span> <span class='ocrx_word' id='word_1_490' title='bbox 1797 4549 1806 4609; x_wconf 93' lang='grc' dir='ltr'>Ι</span> <span class='ocrx_word' id='word_1_491' title='bbox 1862 4549 1942 4602; x_wconf 86' lang='lat'>11.</span> <span class='ocrx_word' id='word_1_492' title='bbox 1978 4545 2122 4622; x_wconf 64' lang='grc' dir='ltr'>ἀλλα</span> <span class='ocrx_word' id='word_1_493' title='bbox 2157 4546 2293 4614; x_wconf 86' lang='grc' dir='ltr'>μήν]</span> <span class='ocrx_word' id='word_1_494' title='bbox 2332 4544 2427 4599; x_wconf 90' lang='lat' dir='ltr'>fol.</span> <span class='ocrx_word' id='word_1_495' title='bbox 2469 4550 2564 4600; x_wconf 83' lang='lat'>190</span> <span class='ocrx_word' id='word_1_496' title='bbox 2589 4561 2641 4598; x_wconf 87' lang='lat' dir='ltr'>v.</span> <span class='ocrx_word' id='word_1_497' title='bbox 2704 4546 2721 4622; x_wconf 76' lang='lat'><strong>[</strong></span> <span class='ocrx_word' id='word_1_498' title='bbox 2781 4562 2813 4598; x_wconf 94' lang='grc' dir='ltr'>ο</span> <span class='ocrx_word' id='word_1_499' title='bbox 2851 4546 2985 4613; x_wconf 94' lang='lat' dir='ltr'>(non</span> <span class='ocrx_word' id='word_1_500' title='bbox 3031 4560 3220 4610; x_wconf 85' lang='grc' dir='ltr'>ουντο,</span> 
     </span>
     <span class='ocr_line' id='line_1_52' title="bbox 636 4609 3221 4690; baseline 0.001 -28"><span class='ocrx_word' id='word_1_501' title='bbox 636 4611 701 4663; x_wconf 89' lang='lat' dir='ltr'>ut</span> <span class='ocrx_word' id='word_1_502' title='bbox 732 4610 769 4664; x_wconf 92' lang='lat' dir='ltr'>b</span> <span class='ocrx_word' id='word_1_503' title='bbox 806 4611 863 4663; x_wconf 93' lang='lat' dir='ltr'>in</span> <span class='ocrx_word' id='word_1_504' title='bbox 904 4625 1015 4668; x_wconf 86' lang='lat' dir='ltr'>var.</span> <span class='ocrx_word' id='word_1_505' title='bbox 1051 4609 1180 4665; x_wconf 88' lang='lat' dir='ltr'>leet.</span> <span class='ocrx_word' id='word_1_506' title='bbox 1214 4610 1432 4680; x_wconf 85' lang='lat' dir='ltr'>refert),</span> <span class='ocrx_word' id='word_1_507' title='bbox 1475 4612 1625 4690; x_wconf 84' lang='lat' dir='ltr'>quod</span> <span class='ocrx_word' id='word_1_508' title='bbox 1661 4611 1858 4666; x_wconf 82' lang='lat' dir='ltr'>charta</span> <span class='ocrx_word' id='word_1_509' title='bbox 1894 4628 1930 4665; x_wconf 88' lang='lat' dir='ltr'>a</span> <span class='ocrx_word' id='word_1_510' title='bbox 1959 4611 2288 4689; x_wconf 70' lang='lat' dir='ltr'>bibliopega</span> <span class='ocrx_word' id='word_1_511' title='bbox 2319 4611 2680 4667; x_wconf 87' lang='lat' dir='ltr'>membranae</span> <span class='ocrx_word' id='word_1_512' title='bbox 2705 4611 2854 4690; x_wconf 79' lang='lat' dir='ltr'>illita</span> <span class='ocrx_word' id='word_1_513' title='bbox 2877 4614 2980 4678; x_wconf 88' lang='lat' dir='ltr'>est,</span> <span class='ocrx_word' id='word_1_514' title='bbox 3018 4610 3077 4665; x_wconf 92' lang='lat' dir='ltr'>in</span> <span class='ocrx_word' id='word_1_515' title='bbox 3112 4610 3221 4665; x_wconf 88' lang='lat' dir='ltr'>fine</span> 
     </span>
     <span class='ocr_line' id='line_1_53' title="bbox 635 4680 3229 4748; baseline 0.001 -18"><span class='ocrx_word' id='word_1_516' title='bbox 635 4692 787 4730; x_wconf 78' lang='lat' dir='ltr'>vocis</span> <span class='ocrx_word' id='word_1_517' title='bbox 841 4695 1133 4734; x_wconf 88' lang='grc' dir='ltr'>εκινουντο</span> <span class='ocrx_word' id='word_1_518' title='bbox 1186 4695 1300 4733; x_wconf 92' lang='lat' dir='ltr'>non</span> <span class='ocrx_word' id='word_1_519' title='bbox 1352 4682 1597 4736; x_wconf 80' lang='lat' dir='ltr'>cernitur</span> <span class='ocrx_word' id='word_1_520' title='bbox 1639 4680 1698 4733; x_wconf 92' lang='lat' dir='ltr'>in</span> <span class='ocrx_word' id='word_1_521' title='bbox 1749 4682 1791 4734; x_wconf 90' lang='grc' dir='ltr'>Α</span> <span class='ocrx_word' id='word_1_522' title='bbox 1856 4684 1866 4744; x_wconf 90' lang='grc' dir='ltr'>Ι</span> <span class='ocrx_word' id='word_1_523' title='bbox 1944 4686 2022 4733; x_wconf 80' lang='grc'>12.</span> <span class='ocrx_word' id='word_1_524' title='bbox 2068 4696 2220 4734; x_wconf 80' lang='lat' dir='ltr'>vocis</span> <span class='ocrx_word' id='word_1_525' title='bbox 2271 4686 2489 4736; x_wconf 82' lang='grc' dir='ltr'>πτῶςιν</span> <span class='ocrx_word' id='word_1_526' title='bbox 2540 4680 2680 4734; x_wconf 87' lang='lat' dir='ltr'>nihil</span> <span class='ocrx_word' id='word_1_527' title='bbox 2732 4680 2959 4734; x_wconf 78' lang='lat' dir='ltr'>videtur</span> <span class='ocrx_word' id='word_1_528' title='bbox 3001 4680 3229 4748; x_wconf 83' lang='lat' dir='ltr'>praeter</span> 
     </span>
    </p>
   </div>
   <div class='ocr_carea' id='block_1_10' title="bbox 637 4744 3225 4884">
    <p class='ocr_par' dir='ltr' id='par_1_16' title="bbox 637 4744 3225 4884">
     <span class='ocr_line' id='line_1_54' title="bbox 637 4744 3225 4866; baseline 0.001 -69"><span class='ocrx_word' id='word_1_529' title='bbox 637 4744 940 4866; x_wconf 55' lang='lat' dir='ltr'>vestigium</span> <span class='ocrx_word' id='word_1_530' title='bbox 976 4764 1021 4801; x_wconf 90' lang='grc' dir='ltr'>π</span> <span class='ocrx_word' id='word_1_531' title='bbox 1056 4746 1282 4803; x_wconf 83' lang='lat' dir='ltr'>litterae</span> <span class='ocrx_word' id='word_1_532' title='bbox 1317 4747 1375 4802; x_wconf 91' lang='lat' dir='ltr'>in</span> <span class='ocrx_word' id='word_1_533' title='bbox 1413 4751 1456 4804; x_wconf 91' lang='grc' dir='ltr'>Α</span> <span class='ocrx_word' id='word_1_534' title='bbox 1509 4751 1518 4813; x_wconf 95' lang='grc' dir='ltr'>Ι</span> <span class='ocrx_word' id='word_1_535' title='bbox 1576 4754 1652 4802; x_wconf 80' lang='grc'>15.</span> <span class='ocrx_word' id='word_1_536' title='bbox 1693 4749 1987 4802; x_wconf 87' lang='grc' dir='ltr'>ακολυτως</span> <span class='ocrx_word' id='word_1_537' title='bbox 2025 4750 2068 4803; x_wconf 92' lang='grc' dir='ltr'>Α</span> <span class='ocrx_word' id='word_1_538' title='bbox 2123 4751 2132 4815; x_wconf 89' lang='grc' dir='ltr'>Ι</span> <span class='ocrx_word' id='word_1_539' title='bbox 2189 4754 2267 4803; x_wconf 83' lang='grc'>18.</span> <span class='ocrx_word' id='word_1_540' title='bbox 2306 4752 2398 4803; x_wconf 82' lang='grc' dir='ltr'>καὶ</span> <span class='ocrx_word' id='word_1_541' title='bbox 2442 4750 2707 4816; x_wconf 84' lang='grc' dir='ltr'>δευτέρου</span> <span class='ocrx_word' id='word_1_542' title='bbox 2752 4746 3143 4814; x_wconf 62' lang='lat' dir='ltr'>RSkrzeozka,</span> <span class='ocrx_word' id='word_1_543' title='bbox 3189 4748 3225 4812; x_wconf 82' lang='grc' dir='ltr'>ἢ</span> 
     </span>
     <span class='ocr_line' id='line_1_55' title="bbox 637 4813 3188 4884; baseline 0.002 -18"><span class='ocrx_word' id='word_1_544' title='bbox 637 4813 769 4867; x_wconf 86' lang='grc' dir='ltr'>δευτ</span> <span class='ocrx_word' id='word_1_545' title='bbox 798 4829 900 4881; x_wconf 91' lang='grc' dir='ltr'>ρου</span> <span class='ocrx_word' id='word_1_546' title='bbox 936 4813 1031 4867; x_wconf 73' lang='lat' dir='ltr'>Ab</span> <span class='ocrx_word' id='word_1_547' title='bbox 1079 4818 1088 4882; x_wconf 86' lang='grc' dir='ltr'>Ι</span> <span class='ocrx_word' id='word_1_548' title='bbox 1147 4821 1230 4872; x_wconf 80' lang='lat'>20.</span> <span class='ocrx_word' id='word_1_549' title='bbox 1267 4817 1361 4872; x_wconf 86' lang='grc' dir='ltr'>ςός</span> <span class='ocrx_word' id='word_1_550' title='bbox 1397 4815 1460 4884; x_wconf 86' lang='lat' dir='ltr'>b,</span> <span class='ocrx_word' id='word_1_551' title='bbox 1496 4834 1531 4884; x_wconf 85' lang='grc' dir='ltr'>η</span> <span class='ocrx_word' id='word_1_552' title='bbox 1569 4831 1662 4872; x_wconf 83' lang='lat' dir='ltr'>coc</span> <span class='ocrx_word' id='word_1_553' title='bbox 1696 4816 1796 4870; x_wconf 86' lang='lat' dir='ltr'>sed</span> <span class='ocrx_word' id='word_1_554' title='bbox 1829 4833 1866 4884; x_wconf 90' lang='grc' dir='ltr'>η</span> <span class='ocrx_word' id='word_1_555' title='bbox 1904 4814 2059 4871; x_wconf 85' lang='lat' dir='ltr'>delet</span> <span class='ocrx_word' id='word_1_556' title='bbox 2093 4817 2136 4870; x_wconf 92' lang='grc' dir='ltr'>Α</span> <span class='ocrx_word' id='word_1_557' title='bbox 3183 4841 3188 4846; x_wconf 92' lang='grc'><em>·</em></span> 
     </span>
    </p>
   </div>
   <div class='ocr_carea' id='block_1_11' title="bbox 3727 4615 3738 5317">
    <p class='ocr_par' dir='ltr' id='par_1_17' title="bbox 3727 4615 3738 5317">
     <span class='ocr_line' id='line_1_56' title="bbox 3727 4615 3738 5317; baseline 0 0"><span class='ocrx_word' id='word_1_558' title='bbox 3727 4615 3738 5317; x_wconf 95' lang='lat' dir='ltr'> </span> 
     </span>
    </p>
   </div>
  </div>
 </body>
</html>
