3738 5530
618 338 1063 399 Commentarius
1092 342 1322 398 criticus
1350 344 1411 398 et
1439 341 1758 415 exegeticus
1786 344 1847 399 in
1875 344 2164 416 Apollonii
2192 346 2423 417 Dyscoli
2451 348 2662 419 scripta
2688 349 2922 405 minora.
2996 350 3128 415 235

502 514 1166 574 eommutatwrmsiubi
1201 506 1290 575 οὔ
1329 514 1411 574 ad
1444 515 2602 592 unumquoddamvocabuhmpminet
2628 513 2745 598 (οὐ
2784 515 3128 594 φίλος-

504 593 841 682 ἄφιλοε);
889 602 971 662 ad
1015 605 1476 665 coniunctionem
1519 608 1714 666 autem
1756 607 1860 665 abi
1907 599 1995 666 οὔ
2042 607 2277 676 aceedit,
2323 608 2405 667 ad
2440 611 2622 667 totwm
2656 612 2912 683 pertinet
2946 628 3125 670 mum-

500 691 726 750 tiam.
812 691 1008 767 Quare
1052 686 1141 753 οὔ
1185 696 1434 769 neqatiO,
1478 712 1836 769 quamquam
1882 697 2382 757 munctionibus
2428 700 2649 772 apponi
2683 702 2889 772 potest,
2935 703 3129 759 tamen

498 782 567 839 in
612 776 1058 855 &privativum
1101 784 1357 844 transire
1398 786 1614 859 nequit,
1657 786 2696 848 itauthoceumeoniunefionibus
2740 805 2862 849 non
2905 806 3128 864 compo-

502 872 686 930 natur
731 871 880 945 231,
902 872 1231 947 24-232,
1251 874 1308 932 3.

681 960 830 1034 231,
853 961 934 1020 28
983 956 1410 1041 προείπομεν]
1462 964 1612 1039 231,
1636 964 1713 1022 11
1737 981 1823 1039 sq.

676 1047 793 1108 Sed
835 1067 911 1110 ne
951 1051 1020 1111 in
1055 1052 1467 1112 adverbiorum
1501 1053 1734 1127 quidem
1775 1070 2089 1113 umerum
2131 1056 2345 1129 referri
2377 1072 2554 1131 posse
2587 1073 2751 1116 voces
2793 1056 2934 1117 illas
2970 1058 3129 1118 arbi-

501 1141 694 1199 tratur
756 1139 1004 1215 Trpfflho.
1093 1140 1257 1200 Nam
1315 1140 1383 1216 a)
1444 1136 1648 1216 ἕκητι
1705 1145 1762 1203 si
1820 1144 1897 1203 ab
1964 1138 2155 1204 ἑκών
2214 1144 2599 1216 derivaretur,
2664 1150 2951 1221 oaeytonon
3008 1164 3129 1208 esse

503 1229 856 1303 oporaeissae
908 1229 972 1304 b)
1015 1248 1341 1305 umqum
1384 1231 1730 1292 adverbium
1773 1235 2154 1307 conopoeitwm
2197 1251 2317 1295 esse
2352 1253 2486 1295 eum
2523 1232 2565 1295 ἇ
2598 1237 2900 1310 privativo
2911 1257 2934 1309 ‚·
2984 1255 3128 1296 nam

503 1335 573 1377 ea
608 1318 821 1392 quibus
858 1315 901 1378 ’ᾶ
926 1321 1268 1394 praesia-mn
1301 1322 1382 1381 sit
1414 1321 1803 1396 decomosita
1839 1340 1960 1383 esee
1997 1318 2253 1401 (εεμνόε
2278 1356 2353 1365 -
2379 1318 2650 1399 ἄεεμνοε
2676 1357 2766 1366 -
2794 1320 3125 1403 ἀεέμνωε).

501 1407 711 1482 Itaque
756 1410 984 1469 etiami
1030 1404 1238 1484 ἕκητι
1293 1410 1638 1471 adverbium
1681 1415 1850 1482 esset,
1907 1405 2165 1487 ἀέκητι
2211 1417 2406 1475 tamen
2459 1415 2535 1474 ab
2581 1414 2876 1475 adverbiis
2921 1416 3128 1475 abhor-

503 1500 657 1558 reret
703 1498 852 1572 232,
871 1499 1106 1558 4—13.

683 1587 831 1663 232,
854 1590 890 1649 9
938 1582 1020 1648 τὰ
1065 1583 1190 1662 γὰρ
1236 1582 1427 1668 ὄντα]
1474 1584 1556 1650 τὰ
1599 1585 1724 1664 γὰρ
1770 1588 2040 1651 τοιαῦτα
2084 1591 2364 1670 Egenolff
2401 1592 2433 1650 I
2481 1594 2608 1652 847
2621 1616 2638 1669 3
2692 1596 2866 1654 tueor
2909 1592 3127 1654 codicis

502 1678 878 1754 scripturam,
923 1677 1242 1755 cogitando
1288 1679 1572 1756 supplens
1618 1700 1650 1740 e
1694 1679 2184 1758 praecedentibus
2231 1679 2344 1742 εὺν
2391 1678 2684 1757 ετερήεει.

683 1766 831 1841 232,
854 1768 932 1825 11
985 1761 1058 1827 ἐν
1112 1768 1205 1847 τῷ
1259 1765 1406 1843 περὶ
1461 1763 1939 1848 ἐπιρρημάτων]
1994 1770 2237 1830 Dronke
2282 1771 2377 1830 III
2424 1772 2548 1832 331
2609 1772 2827 1849 probat
2883 1792 3004 1832 non
3050 1772 3127 1832 ad

419 1858 429 1866 '
507 1856 934 1929 134,14—18
982 1857 1077 1916 vel
1129 1859 1558 1933 170,22-29
1606 1877 1714 1920 uos
1759 1859 2032 1937 relegari,
2078 1859 2180 1920 sed
2227 1860 2426 1921 deesse
2473 1864 2655 1939 caput
2698 1861 2851 1921 illud
2897 1881 3016 1939 quo
3060 1863 3125 1922 in

501 1947 843 2005 universum
887 1944 1425 2024 decompositorum
1468 1948 1624 2009 ratio
1663 1949 1984 2026 explanata
2029 1949 2227 2009 fuerit.
2300 1950 2432 2011 Hoc
2467 1953 2650 2028 caput
2694 1955 2832 2011 ante
2873 1953 3017 2027 146,
3042 1953 3122 2012 15

500 2034 871 2095 intercidisse
917 2036 1136 2095 statuit
1178 2036 1391 2096 Matth.
1429 2036 1461 2096 I
1501 2041 1534 2097 1
1547 2041 1600 2096 1.
1674 2037 1748 2098 V.
1787 2039 1963 2117 epim.

679 2125 773 2185 De
815 2126 1166 2199 formatione
1211 2120 1416 2200 ἕκητι
1460 2128 1815 2188 monendum
1858 2132 1944 2189 est
1983 2146 2159 2204 saepe
2194 2146 2225 2190 e
2265 2132 2593 2205 cmnpositis
2636 2131 2771 2204 fieri
2813 2130 3126 2204 simplicia,

501 2231 650 2289 quae
684 2218 1001 2290 postquam
1044 2217 1394 2289 aphaeresin
1434 2234 1627 2291 passa
1668 2222 1809 2278 sm
1849 2220 2082 2279 notione
2125 2219 2393 2279 indicant
2446 2238 2509 2280 se
2554 2238 2594 2280 a
2638 2223 2966 2295 compositis
3010 2223 3127 2280 ori-

496 2305 693 2379 finem
746 2304 969 2364 ducere.
1060 2305 1271 2380 Itaque
1321 2307 1409 2366 sie
1459 2308 1835 2367 statuendum
1890 2311 2005 2368 est:
2067 2309 2142 2367 ab
2198 2303 2610 2384 ἀεκάζομαι
2665 2310 2969 2370 derivatur
3021 2311 3127 2370 ad-

499 2394 764 2454 verbium
818 2388 1148 2465 ἀεκαετί,
1205 2395 1360 2469 quod
1413 2397 1590 2456 eiecta
1632 2392 1669 2454 ἒ
1715 2402 1767 2456 et
1812 2394 1855 2457 ἇ
1907 2399 2094 2457 ionice
2145 2399 2214 2457 in
2267 2396 2306 2472 ἠ
2363 2402 2697 2460 transeunte
2753 2403 3017 2459 mutatm
3059 2402 3127 2459 in

502 2477 787 2556 ἀέκητι;
835 2487 1103 2544 aecem&
1147 2487 1304 2544 enim
1344 2502 1665 2559 suppressa
1709 2483 1745 2545 ἒ
1787 2504 1963 2561 saepe
2004 2488 2342 2547 reu-abitur.
2433 2489 2534 2548 Ex
2587 2483 2848 2563 ἀέκητι
2902 2490 3126 2550 abiecta

504 2569 546 2632 ἇ
590 2571 787 2633 littera
832 2567 1038 2646 ἕκητι
1082 2574 1350 2634 nascitur
1396 2575 2018 2650 232,14-234,12.

681 2661 846 2733 Quae
885 2663 1032 2738 232,
1057 2664 1312 2723 14--21
1355 2664 1654 2742 leguntur,
1698 2683 1847 2725 sana
1883 2682 2010 2725 esse
2044 2685 2165 2726 non
2210 2669 2478 2743 possunt.
2561 2666 2919 2745 Apollonius
2965 2669 3120 2727 vitu·

500 2753 674 2830 perat
717 2751 1097 2830 Tryphonem
1153 2752 1312 2831 quod
1367 2752 1736 2833 probabilem
1793 2749 1965 2830 ἕκητι
2021 2757 2082 2815 et
2135 2750 2351 2830 ἀέκητι
2405 2776 2618 2818 vocum
2666 2757 3124 2836 originationem

501 2843 743 2902 omnino
789 2861 910 2902 non
955 2843 1289 2920 protulerit.
1380 2843 1539 2904 Nam
1586 2845 1828 2922 Try-pho
1883 2846 2143 2923 primum
2188 2846 2363 2922 ponit
2421 2842 2591 2921 ἕκητι
2638 2848 2712 2907 ab
2760 2843 2926 2908 ἑκών
2972 2847 3125 2908 deri-

502 2934 659 3006 vari3
713 2931 817 2992 sed
872 2933 1083 2992 statim
1125 2933 1309 3011 negat
1362 2953 1431 2994 eo
1485 2934 1662 2995 modo
1710 2930 1880 3009 ἕκητι
1927 2935 2273 2994 adverbium
2328 2935 2603 3013 evadere,
2659 2937 2803 3013 quia
2847 2938 3123 2997 accentum

502 3020 715 3081 obstet.
808 3020 939 3092 Qua
983 3023 1045 3081 in
1082 3042 1147 3081 re
1184 3041 1424 3100 prorsus
1469 3024 1704 3083 fallitur
1749 3017 1911 3106 (adv.
1947 3025 2093 3100 134,
2115 3016 2257 3106 22):
2302 3019 2475 3086 πάνυ
2521 3021 2890 3101 ἀπόβλητος
2928 3021 2967 3087 ὁ
3013 3023 3122 3088 λό-

502 3126 632 3182 ⁸foc.
717 3105 797 3171 οὐ
845 3106 968 3187 γὰρ
1014 3107 1095 3172 τὰ
1140 3108 1317 3187 παρὰ
1362 3107 1696 3187 πνεύματα
1737 3109 1779 3188 ἢ
1833 3109 2036 3175 τόνον
2080 3110 2121 3188 ἤ
2168 3130 2227 3174 τι
2271 3113 2406 3175 τῶν
2452 3111 2926 3191 παρεπομένων
2981 3116 3122 3177 ταῑε

502 3198 756 3275 φωναῖς
804 3194 1206 3276 ἐκφερόμενα
1250 3196 1715 3277 περιγράφεται
1761 3201 1879 3264 τοῦ
1935 3199 2202 3264 δέοντο(
2249 3203 2567 3280 μεριεμοῦ.
2657 3204 2886 3265 Deinde
2932 3205 3124 3284 legem

502 3289 697 3350 sancit
740 3289 984 3367 Trypho
1031 3281 1244 3371 (quam
1287 3309 1406 3351 non
1452 3291 1626 3352 reicit
1658 3293 1794 3369 Ap„
1839 3292 1914 3352 cf.
1952 3292 2100 3353 coni.
2143 3293 2413 3368 232,12.
2471 3293 2602 3354 adv.
2646 3289 3124 3377 134,14—18)‚
3167 3309 3170 3310 ’

502 3378 786 3439 adverbia
830 3397 966 3438 cum
1012 3377 1054 3440 ἆ
1098 3381 1401 3458 privativo
1446 3399 1566 3443 non
1612 3383 1916 3459 componi3
1971 3384 2142 3459 atqui
2187 3399 2312 3443 esse
2359 3377 2573 3458 ἀέκητι
2619 3403 2754 3444 cum
2800 3382 2842 3445 ἇ
2887 3403 3123 3462 compo-

501 3470 709 3528 situm:
768 3470 939 3545 sequi
992 3471 1063 3529 ut
1113 3489 1222 3529 nec
1279 3464 1493 3544 ἀέκητι
1538 3490 1647 3531 nec
1694 3467 1866 3545 ἕκητι
1921 3471 2270 3532 adverbium
2315 3474 2411 3532 sit.
2458 3506 2546 3515 —
2594 3472 2710 3534 Sed
2754 3474 2902 3534 haec
2948 3494 3125 3552 argu-

500 3560 722 3633 menta,
767 3576 1021 3634 quorum
1066 3560 1323 3619 alterum
1369 3560 1446 3619 ab
1492 3561 1739 3620 accentu
1776 3556 2026 3639 (τάειε),
2072 3562 2326 3622 alterum
2363 3582 2400 3622 a
2435 3563 2629 3623 forma
2676 3559 3123 3640 (εχηματιεμόε

498 3648 596 3707 vel
644 3643 864 3725 φωνή)
910 3650 1154 3726 petitur,
1217 3650 1365 3724 232,
1388 3650 1647 3711 15-19
1704 3652 1924 3710 mirum
1975 3653 2040 3711 in
2098 3652 2342 3711 modum
2397 3652 2857 3727 confimduntur,
2915 3655 2976 3712 et
3033 3654 3123 3712 ita

502 3736 743 3814 quidem
802 3740 871 3796 ut
930 3739 1123 3815 primo
1184 3740 1534 3817 argumento
1598 3740 1854 3799 alterum
1913 3759 2033 3800 non
2093 3741 2304 3816 semel,
2369 3742 2471 3801 sed
2532 3741 2625 3802 bis
2688 3744 3124 3817 immisceatur3

499 3828 810 3903 praeterea
866 3830 1110 3907 negafio
1170 3830 1389 3888 omissa
1448 3831 1564 3889 est:
1629 3825 1733 3889 καί
1792 3845 1985 3905 φηειν
2045 3823 2145 3889 ὅτι
2207 3825 2393 3909 [καθὸ
2451 3826 2739 3906 ἠλογήθη
2799 3827 2838 3906 ἡ
2901 3827 3119 3910 φωνή]

500 3911 669 3996 <οὐ>
723 3912 991 3977 δύναται
1047 3913 1362 3993 ἐπίρρημα
1419 3913 1845 3990 καθίεταεθαι,
1906 3914 2313 3994 ἠλογημένον
2373 3916 2446 3981 έν
2504 3920 2582 4000 τῇ
2643 3915 2815 3981 τάεει
2872 3916 3122 4000 [καθότι

502 4002 604 4067 καὶ
664 4000 736 4066 ἐν
796 4001 956 4086 αὐτῇ
1016 4007 1093 4086 τῇ
1154 4002 1392 4086 φωνῇ]
1497 4007 1725 4068 Rursus
1786 4009 1962 4068 alteri
2022 4012 2374 4087 argumento
2431 4011 2597 4087 prius
2657 4011 2947 4072 insertum
3005 4012 3121 4071 est:

502 4091 631 4156 ἔδει
678 4092 750 4156 δὲ
806 4092 910 4156 καὶ
955 4092 1102 4171 περὶ
1155 4095 1268 4171 τῆς
1314 4094 1357 4157 ἇ
1403 4093 1752 4171 ετερήεεωε
1807 4093 2011 4171 λόγον
2057 4094 2201 4158 τινὰ
2246 4094 2619 4173 ποιήεαεθαι
2667 4091 2733 4181 (i.
2773 4120 2820 4160 e.
2869 4099 3123 4159 debebat

500 4185 661 4263 leges
707 4203 857 4262 quas
913 4186 1182 4262 sequitur
1227 4183 1269 4247 ἂ
1313 4187 1683 4262 privativum
1729 4190 2063 4248 accuratius
2111 4180 2448 4270 exponere),
2495 4184 2634 4249 ἐπεί
2678 4184 2780 4250 τοί
2825 4205 2900 4260 γε
2946 4185 3120 4264 ἐπίρ-

500 4290 674 4349 ρημα
718 4270 1020 4335 καθεετὸε
1068 4269 1507 4336 ἀκατάετατον
1553 4272 1886 4350 γενήεεται
1935 4272 2066 4356 [καὶ
2112 4272 2184 4337 ἐν
2225 4272 2396 4338 τάεει
2443 4273 2920 4357 ἀνακόλουθον]
2959 4275 3122 4353 πρὸ(

500 4359 620 4437 τὴν
668 4358 850 4435 ἑκών,
900 4357 1145 4434 ἄλογον
1192 4359 1348 4439 ἔχον
1393 4360 1512 4438 τὴν
1558 4360 1858 4427 εύνθεειν.
1934 4365 2250 4426 Praeterea
2285 4385 2359 4426 ne
2401 4367 2844 4427 coniunctiones
2882 4367 3124 4445 quidem

501 4472 636 4512 cum
673 4450 717 4513 ἇ
749 4454 1053 4528 privativo
1091 4456 1553 4532 componuntur3
1597 4455 1804 4533 itaque
1849 4450 2066 4531 ἀέκητι
2112 4473 2182 4514 ex
2217 4454 2262 4516 ’ἀ
2297 4459 2598 4534 privativo
2640 4460 2702 4516 et
2747 4451 2918 4531 ἕκητι
2964 4476 3121 4516 com-

501 4544 763 4618 positum
806 4559 882 4601 ne
928 4541 1444 4604 coniunctionibus
1491 4544 1732 4620 quidem
1775 4545 1963 4605 tribui
2008 4549 2234 4624 posset,
2284 4546 2522 4606 etiamsi
2568 4541 2739 4620 ἕκητι
2784 4549 3120 4607 coniunctio

501 4634 681 4692 esset:
739 4627 843 4691 καὶ
889 4626 1084 4693 οὐδὲν
1129 4628 1394 4694 κωλύεει
1453 4628 1641 4694 ἕνεκα
1693 4631 1932 4696 τούτου
1987 4631 2065 4696 τὸ
2121 4631 2282 4696 αὐτὸ
2339 4630 2676 4711 ἁμάρτημα
2723 4632 3121 4710 μετατιθέναι

503 4716 609 4781 ἐπὶ
663 4716 780 4781 τὸν
838 4716 1200 4796 εύνδεεμον,
1258 4717 1378 4782 κᾶν
1435 4718 1777 4798 εύνδεεμοε
1831 4724 2130 4804 καταετῇ
2178 4717 2302 4806 (vel
2357 4721 2782 4805 καθεετήκῃ,
2834 4726 2981 4800 233,
3005 4717 3119 4806 13)

499 4805 578 4870 τὸ
627 4804 724 4889 [α]
773 4804 960 4884 ἕκητι.
1052 4811 1123 4870 In
1177 4814 1438 4872 mentem
1497 4814 1663 4872 venit
1715 4814 2161 4889 corruptissimo
2219 4814 2332 4875 hoc
2385 4815 2516 4876 loco
2570 4816 2609 4874 1.
2656 4816 2741 4874 20
2793 4817 2931 4892 post
2977 4810 3118 4876 εὐν-

499 4898 733 4972 δεεμον
769 4900 1139 4961 intercidisse
1176 4895 1380 4980 <ὥετε
1417 4898 1520 4961 καὶ
1557 4896 1718 4962 κατὰ
1763 4900 1961 4962 τοῦτο
2003 4897 2353 4964 ἀεύετατον
2392 4901 2468 4965 τὸ
2508 4898 2781 4982 ἀέκητι),
2827 4904 2930 4965 sed
2975 4904 3122 4964 haec

496 4988 753 5050 fortasse
799 4988 1001 5051 abesse
1047 4993 1311 5068 possunt.
