3738 5530
682 292 1123 348 Commentarius
1152 291 1381 347 criticus
1410 294 1470 347 et
1499 290 1820 362 exegeticus
1849 291 1909 345 in
1938 290 2226 362 Apollonii
2253 290 2481 361 Dyscoli
2511 292 2724 362 scripta
2750 293 2983 349 minora.
3109 294 3151 360 5

538 463 642 522 der
695 464 791 522 nie
847 470 1005 541 gang
1058 461 1180 521 und
1235 461 1383 540 gabe
1438 460 1752 540 geworden
1805 461 1912 536 ist,
1976 461 2157 521 schon
2218 461 2439 540 richtig
2493 462 2798 540 gedeutet,
2863 482 3034 521 wenn
3090 484 3153 523 er

539 555 743 627 meint,
777 551 1155 629 Dionysodor
1182 551 1333 611 habe
1362 550 1552 610 damit
1588 551 1685 610 die
1719 550 2379 628 Possessivpronomina
2406 547 2745 629 (κτητικαί)
2774 547 3151 612 bezeichnet'.

540 642 738 720 Egger
779 640 893 719 Ap.
945 643 1026 700 92
1083 641 1637 718 interpretationem
1689 639 1998 718 Apollonii
2053 640 2328 718 adoptat:
2395 635 2586 700 ‘noms
2632 635 2901 700 de'rives’.
3003 642 3152 702 Kro-

536 750 744 808 mayer
786 750 954 808 pron.
1003 732 1086 790 42
1134 732 1384 804 fatetur,
1439 731 1869 791 derivationem
1924 730 2225 807 quandam
2279 730 2629 808 significari,
2691 750 2843 807 quae
2888 751 3028 791 vero
3075 735 3155 792 sit

540 823 601 881 et
653 821 726 881 de
782 819 995 896 quibus
1049 819 1387 879 nominibus
1442 820 1604 880 facta
1657 821 1762 896 sit,
1818 820 1882 878 id
1935 838 1998 879 se
2052 820 2396 898 intellegere
2440 839 2560 878 non
2604 839 2779 898 posse
2824 821 3152 880 confitetur.

537 910 873 970 Probabilis
901 912 993 969 est
1020 907 1515 969 GFSchoemanni
1543 910 1858 986 explicatio
1887 909 2030 974 Red.
2065 910 2218 968 118:
2258 903 2728 985 ‘Dionysodorus
2759 928 2865 970 aus
2895 910 3153 971 Troezen

539 1002 760 1060 nannte
807 999 901 1058 die
945 998 1307 1059 Pronomina
1352 994 1854 1074 παρονομαείαε,
1916 1002 2127 1078 gewiss
2173 999 2339 1058 nicht
2383 1019 2485 1057 um
2532 1001 2617 1059 sie
2664 1000 2753 1059 als
2801 998 3152 1079 abgeleitete

541 1090 782 1149 Worter
836 1109 906 1148 zu
959 1089 1307 1148 bezeichnen
1324 1135 1340 1164 ,
1403 1091 1516 1147 wie
1569 1089 1767 1166 Apoll.
1821 1088 1926 1147 ihn
1983 1087 2247 1148 offenbar
2310 1086 2660 1148 absichtlich
2724 1091 3152 1159 missversteht,

539 1179 792 1240 sondern
838 1179 927 1237 als
973 1177 1238 1254 Wiirter,
1296 1179 1514 1238 welche
1568 1177 1868 1237 beiuahe
1924 1179 2013 1237 als
2058 1178 2501 1256 Benennungen
2544 1178 2786 1238 dienten
2832 1179 2954 1238 und
3001 1182 3155 1239 statt

539 1268 728 1329 dieser
772 1268 1096 1345 gebraucht
1140 1269 1382 1327 wfirden
1426 1270 1489 1326 in
1535 1268 1760 1342 Fallen,
1805 1286 1899 1327 wo
1946 1267 2060 1327 den
2098 1265 2476 1346 Gegenstand
2524 1287 2594 1326 zu
2639 1267 2945 1327 benennen
2987 1269 3155 1328 nicht

541 1357 801 1436 moglich
847 1357 987 1416 oder
1031 1357 1198 1417 nicht
1243 1357 1454 1435 nothig
1497 1351 1695 1416 ware’.

714 1464 846 1524 Iam
891 1466 959 1523 ut
1003 1463 1079 1523 ad
1123 1463 1510 1541 Apollonium
1554 1464 1889 1524 redeamus:
1934 1467 2251 1542 postquam
2296 1467 2348 1524 is
2394 1483 2607 1524 nomen
2654 1484 2691 1524 a
2732 1465 3150 1541 Dionysodoro

539 1555 746 1616 datum
809 1554 964 1613 male
1027 1554 1321 1614 intellexit
1385 1545 1572 1636 (quod
1631 1554 1911 1614 feceritne
1970 1555 2239 1614 consulto
2298 1557 2368 1613 ut
2425 1554 2619 1614 voluit
2673 1552 3150 1615 GFSchoemann

539 1663 736 1719 necne,
783 1663 954 1703 nemo
1000 1642 1268 1703 divinare
1311 1635 1592 1724 poterit),
1651 1643 1941 1703 facillima
1986 1647 2114 1702 erat
2156 1644 2457 1703 refutatio.
2553 1643 2745 1715 Quam
2793 1662 2926 1703 cum
2972 1646 3153 1704 nimis

537 1735 771 1794 futilem
818 1752 942 1794 esse
988 1736 1249 1793 censeret
1277 1731 1616 1792 Schmieder
1650 1752 1816 1809 pron
1851 1734 1908 1807 5,
1953 1735 2038 1792 sic
2072 1734 2273 1810 potius
2310 1735 2550 1792 statuit.
2596 1733 2986 1810 Apollonium
3029 1753 3151 1794 non

539 1843 818 1901 quaerere
864 1822 1009 1899 quid
1053 1823 1166 1882 sibi
1201 1822 1349 1881 velit
1383 1821 1779 1900 Dionysodori
1819 1822 2164 1899 appellatiO,
2209 1822 2311 1882 sed
2349 1842 2479 1882 eam
2515 1823 2734 1882 reicere
2773 1823 2930 1899 quod
2970 1823 3154 1883 etiam

531 1914 692 1996 aliae
747 1912 1038 1989 quaedam
1092 1906 1557 1986 παρονομαείαι
1612 1913 1757 1987 sint,
1816 1913 1856 1970 i.
1904 1932 1951 1971 e.
2000 1912 2160 1988 quod
2212 1931 2355 1972 voce
2410 1908 2856 1986 παρονομαεία
2912 1915 3155 1972 utamur

538 2005 608 2063 ut
661 2003 811 2061 alias
865 2019 989 2075 reS,
1052 2001 1218 2060 velut
1276 2000 1846 2076 adnominatiouem,
1910 1998 2245 2076 πετρώδη(
2308 1996 2668 2076 ἐργατίνης,
2734 2001 3151 2080 significemus.

539 2092 833 2163 Quoniam
879 2109 1012 2150 cum
1055 2091 1167 2150 hac
1201 2091 1694 2167 interpretatione
1729 2110 1849 2151 non
1887 2092 2247 2150 conveniunt
2284 2110 2352 2150 ea
2391 2109 2542 2167 quae
2580 2093 2928 2167 sequuntur,
2973 2091 3157 2151 verba

543 2184 624 2241 18
671 2178 775 2241 καὶ
817 2175 968 2241 ἴεωε
1004 2212 1092 2222 -
1133 2182 1213 2239 19
1255 2176 1579 2254 θεματικαί
1616 2182 1820 2258 spuria
1858 2197 1983 2239 esse
2021 2182 2233 2241 censet.
2324 2180 2409 2239 At
2454 2198 2594 2239 vero
2640 2181 2787 2239 haec
2833 2180 3016 2240 verba
3054 2178 3156 2240 καὶ

540 2266 705 2331 ἄλλα
760 2265 832 2330 ἔν
886 2286 1001 2330 τιει
1056 2265 1571 2344 παρονομάζεται
1623 2289 1771 2328 num
1826 2288 1950 2329 esse
2003 2273 2253 2346 possunt
2318 2264 2492 2329 ‘auch
2539 2270 2765 2348 einiges
2812 2269 3028 2330 andere
3075 2271 3158 2329 ist

540 2360 682 2420 oder
724 2360 911 2420 heisst
955 2353 1421 2434 παρονομαεία’
1432 2357 1463 2416 ⁸?
1550 2358 1741 2419 Im1no
1788 2359 1873 2419 sic
1918 2359 2202 2418 vertenda
2248 2361 2413 2418 sunt:
2463 2353 2672 2418 ‘etiam
2709 2358 2829 2418 alia
2866 2358 3157 2419 vocabula

539 2469 576 2510 a
629 2448 984 2526 quibusdam
1039 2442 1425 2508 derivantur'.
1517 2447 1634 2507 Pro
1690 2443 1761 2508 ἔν
1817 2464 1933 2508 τιει
1985 2449 2269 2525 proposui
2317 2443 2457 2520 τιεί,
2516 2448 2660 2524 quia
2714 2466 3038 2525 nusquam,
3093 2450 3156 2506 ni

538 2540 735 2612 fallor,
773 2534 845 2599 ἔν
882 2554 1003 2598 τινι
1041 2532 1592 2613 παρονομάζεεθαι
1631 2537 1777 2597 dicit
1804 2538 2179 2614 ApolloniuS,
2217 2538 2316 2597 sed
2357 2539 2463 2597 aut
2498 2533 2635 2608 τινί,
2685 2540 2753 2596 ut
2790 2537 2922 2597 adv.
2949 2539 3155 2612 167,4

540 2626 578 2689 ὁ
624 2623 918 2703 πυρρίας·
967 2627 1043 2707 τῇ
1092 2624 1214 2702 γὰρ
1261 2623 1467 2702 πυρόε
1512 2628 1726 2707 γενικῇ
1774 2624 2297 2701 παρωνόμαεται,
2365 2629 2471 2686 aut
2524 2621 2701 2701 παρά
2756 2643 2840 2698 τι,
2907 2629 2977 2686 ut
3022 2626 3154 2686 adv.

545 2719 791 2793 148,11
842 2713 919 2779 τό
976 2732 1046 2778 τε
1102 2711 1271 2778 εὖνιε
1327 2712 1503 2792 παρὰ
1558 2713 1674 2791 τὴν
1732 2713 1880 2778 ἑνός
1937 2712 2448 2792 παρωνόμαεται.
2543 2715 2939 2793 Quamquam
2977 2717 3160 2776 etiam

542 2829 674 2868 cum
723 2808 857 2868 aliis
902 2807 1118 2883 verbiS,
1164 2807 1376 2884 quibus
1423 2806 1662 2868 dativus
1708 2811 1886 2883 aptus
1934 2810 2050 2882 est,
2098 2811 2166 2866 ut
2211 2801 2530 2867 ευντάεεω
2578 2801 2961 2881 παράκειμαι
3008 2808 3159 2881 sim„

542 2895 614 2958 ἐν
669 2897 1168 2976 praepositionem
1224 2897 1519 2957 construit
1561 2897 1675 2973 Ap.
1725 2888 1919 2978 (ind).
2020 2891 2565 2971 Παραλαμβάνειν
2611 2915 2666 2954 v.
2711 2897 2791 2955 18
2845 2898 2936 2957 est
2982 2890 3158 2955 ‘deri-

541 2981 702 3047 vare'
753 2988 822 3046 cf.
871 2986 1003 3045 adv.
1056 2987 1306 3062 159‚13
1355 2982 1644 3061 Δίδυμος
1682 3033 1695 3045 .
1736 3033 1749 3045 .
1789 2980 2276 3061 παραλαμβάνει
2324 2981 2483 3045 αὐτὸ
2533 2979 2616 3062 (ὦ
2663 2980 2813 3062 τάν)
2859 2981 3038 3059 παρὰ
3082 2981 3160 3045 τὸ

542 3072 687 3151 ἔτηε
737 3072 894 3150 μετὰ
943 3070 1170 3150 μορίου
1217 3074 1334 3136 τοῦ
1382 3069 1436 3135 ὦ
1482 3074 1796 3150 κλητικοῦ.

719 3185 776 3242 3.
862 3183 1164 3259 Tyrannio
1198 3185 1558 3257 pronomina
1600 3185 1727 3243 ideo
1774 3178 2216 3263 εημειώεειε
2261 3185 2641 3256 nwncupavit,
2687 3183 2841 3257 qaod
2885 3183 3160 3257 definitas

534 3291 827 3348 personas
871 3273 1222 3348 siqnificant.
1304 3271 1421 3333 Sed
1463 3274 1714 3346 fortasse
1745 3274 1882 3333 haic
1918 3274 2296 3348 appellationi
2331 3273 2559 3346 aliquid
2592 3273 2780 3332 deest.-
2824 3272 2973 3331 nihil
3010 3273 3162 3331 enim

544 3381 751 3423 earwm
794 3380 994 3421 rermn
1037 3362 1277 3431 indicat,
1324 3380 1474 3436 quae
1507 3363 1960 3438 pronominibus
2004 3363 2275 3423 accidant
2322 3364 2381 3437 4,
2405 3363 2592 3420 1—4.

706 3469 868 3547 'Veri
905 3469 1098 3529 simile
1134 3471 1226 3528 est
1263 3469 1334 3528 de
1371 3470 1749 3545 Tyrannione
1785 3473 1934 3529 natu
1972 3470 2214 3543 maiore,
2258 3469 2559 3543 AmisenO,
2599 3467 2868 3528 Ciceroni
2907 3467 3162 3543 aequali,

546 3559 649 3636 qui
703 3559 924 3618 librum
979 3555 1123 3633 περὶ
1178 3557 1311 3618 τῶν
1370 3558 1581 3634 μερῶν
1636 3557 1754 3620 τοῦ
1810 3555 2013 3630 λόγου
2070 3560 2334 3635 scripsit,
2378 3559 2435 3616 h.
2482 3559 2520 3617 l.
2580 3559 2694 3636 agi.
2790 3556 2878 3618 Of.
2926 3556 3161 3632 Planer,

542 3649 631 3708 De
678 3648 1058 3725 Tyrannione
1104 3649 1506 3725 grammatico.
1600 3649 1793 3709 Berol.
1847 3650 2037 3723 1859,
2082 3669 2140 3726 p.
2182 3650 2282 3708 29.
2323 3680 2409 3689 —
2454 3647 2651 3707 Aliter
2695 3647 2849 3706 hanc
2895 3645 3161 3723 appella-

542 3738 768 3798 tionem
812 3738 1240 3814 interpretatur
1269 3736 1637 3797 GFSchoem.
1666 3737 1809 3798 Bed.
1845 3740 1970 3797 118
2021 3732 2348 3814 ‘Tyrannio
2388 3782 2400 3794 .
2442 3784 2454 3795 .
2490 3732 2695 3796 wollte
2740 3734 2930 3795 damit
2964 3735 3159 3794 wahr—

543 3827 864 3888 scheinlich
911 3826 1303 3901 ausdriicken,
1348 3827 1485 3886 dass
1532 3830 1617 3887 sie
1663 3820 1788 3909 (die
1834 3818 2227 3907 Pronomina)
2274 3827 2370 3886 die
2410 3825 2837 3905 Gegenstande,
2883 3826 3035 3885 statt
3076 3824 3161 3885 sie

546 3937 618 3975 zu
661 3916 1056 3992 benennen,
1101 3935 1218 3975 nur
1262 3916 1585 3995 gleichsam
1631 3910 2190 3994 signalisirten'.

722 4025 782 4099 4,
812 4024 849 4083 3
900 4018 1187 4083 ἐλλειπέ(
1242 4024 1490 4098 servavi,
1547 4023 1705 4100 quod
1750 4023 1807 4081 A
1853 4042 1986 4083 eam
2038 4024 2293 4082 formam
2348 4022 2568 4098 ubique
2624 4022 2875 4098 praebet
2927 4024 3165 4098 praeter

543 4114 651 4173 hos
707 4114 868 4173 locos
912 4132 1079 4189 pron.
1129 4114 1247 4188 3,7
1302 4107 1686 4183 ἀνελλιπῶε;
1757 4114 1959 4187 23,11
2013 4107 2318 4183 ἐλλιπεῖς
2375 4114 2529 4188 synt.
2595 4113 2845 4185 212,19
2914 4106 3162 4171 ἀνελλι-

545 4198 870 4277 πέετερον.
966 4200 1050 4261 Cf.
1097 4200 1240 4261 Lob.
1286 4202 1497 4278 parall.
1549 4204 1694 4261 472.
1746 4203 1896 4262 550.

727 4312 782 4367 4.
837 4307 1043 4382 Neque
1078 4311 1160 4369 eis
1195 4309 1628 4369 assentiendum
1665 4312 1747 4368 est
1781 4311 1884 4383 qm·
1917 4310 2002 4369 sic
2037 4309 2351 4382 definiimt:
2387 4302 2863 4380 ‘dvru'aevuuov
2895 4310 2977 4366 est
3011 4324 3167 4381 pars

549 4400 832 4459 orationis
885 4414 1036 4471 quae
1086 4400 1340 4457 nomines
1394 4399 1511 4457 loco
1568 4392 1912 4458 adhibetw).
2011 4397 2174 4457 Nam
2226 4399 2442 4457 talibus
2494 4398 2729 4456 vocibus
2785 4397 2986 4470 quales
3031 4400 3169 4455 sunl

550 4484 982 4562 ὁμώνυμον,
1022 4483 1510 4562 παρώνυμον,
1550 4484 1960 4561 διώνυμον,
2002 4481 2435 4563 ἀμφίβολον
2472 4487 2745 4561 specialis
2771 4487 2927 4545 notio
2955 4486 3165 4553 subest,

547 4578 638 4637 his
674 4572 1069 4651 ὁμωνυμία
1105 4572 1556 4651 παρωνυμία
1582 4578 1709 4637 sim.
1735 4578 2060 4652 qeneralds;
2095 4577 2450 4649 definitionis
2477 4579 2671 4636 autem
2698 4579 2782 4634 est
2814 4577 3169 4635 universum

547 4684 729 4740 yenus
775 4667 1080 4741 complecti.
1174 4665 1559 4741 Quamobrem
1601 4670 1875 4742 praestat
1915 4683 2243 4741 pronomen
2298 4660 2788 4738 ἀντωνυμίαν
2835 4665 3163 4739 appellare,
3158 4685 3171 4696 ·

553 4755 694 4814 haec
739 4757 893 4815 enim
937 4773 1049 4815 vox
1094 4757 1268 4815 etiam
1311 4756 1384 4815 de
1418 4756 1668 4830 emqalis
1703 4757 1820 4816 diei
1844 4759 2049 4831 potest.
2144 4754 2307 4830 Quae
2344 4757 2496 4813 enim
2532 4755 2950 4830 appellationes
2982 4771 3169 4828 ,aenas

558 4845 908 4919 siymfieant,
957 4862 1057 4905 eas
1104 4847 1277 4905 etiam
1320 4846 1393 4904 de
1436 4847 1685 4919 sinyubis
1730 4846 1860 4905 licet
1903 4846 2173 4904 adhibere
2220 4847 2280 4919 4,
2302 4845 2517 4904 5—17

744 4931 829 4992 Of.
894 4932 1004 4994 AG
1071 4936 1226 5009 904,
1259 4929 1642 4995 21Ἰετέον
1707 4933 1778 4994 δὲ
1844 4929 1943 4994 ὅτι
2014 4928 2383 5010 ἀντωνυμία
2456 4929 2570 5009 μέν
2636 4929 2803 4994 ἐςτιν
2868 4929 3027 4992 αὐτὸ
3093 4928 3168 4991 τὸ
