3738 5530
649 381 734 445 52
1589 382 1768 434 ΠΕΡΙ
1803 382 2308 434 ΔΝΤΩΝΤΜΙΑΣ.

1514 491 1842 554 neme-2513
1869 493 1919 531 ιο
1944 512 1994 520 -
2020 492 2072 531 68
2097 491 2207 541 (328)
2234 495 2277 532 A
2304 492 2330 531 a
2357 492 2386 530 b

653 587 961 667 ἐμαυτοῦ,
1021 585 1181 650 ὥςτε
1243 587 1345 649 καὶ
1398 588 1508 663 τῆς
1567 586 1638 650 ςύ
1697 585 1887 663 οὔςης
1933 587 2219 664 κλητικῆς
2265 584 2345 650 οὐ
2389 585 2651 650 πάντως
2695 584 2913 650 εὐθεῖα
2955 584 3242 665 ἐπιζητη-

654 689 958 766 θήςεται.»
1040 746 1047 753 .

822 790 965 853 Ὅτι
1037 791 1152 870 μὲν
1233 789 1354 854 οὐν
1420 792 1707 868 κλητικῆς
1772 789 1938 853 ἐςτὶν
2003 789 2042 867 ἡ
2109 790 2212 865 cu,
2281 787 2761 870 ἀναμφίβολον·
2838 789 2938 853 ὅτι
3004 790 3075 854 δὲ
3140 790 3243 854 καὶ
3278 801 3321 857 C

656 890 931 969 εὐθείας,
991 892 1269 955 λεκτέον.
1368 890 1441 955 Αἱ
1497 891 2029 970 ςυνεμπίπτουςαι
2083 893 2218 955 τῶν
2277 891 2513 956 λέξεων
2568 892 2726 955 κατὰ
2769 891 2883 956 τὰς
2929 891 3243 957 ςυντάξεις

586 1010 617 1058 5
652 996 769 1056 τοῦ
836 994 1037 1067 λόγου
1101 994 1177 1057 τὸ
1245 992 1611 1073 ἀμφίβολον
1676 997 1790 1070 τῆς
1855 994 2352 1070 ςυνεμπτώςεως
2417 990 2873 1073 ἀποβάλλουςι.
2979 994 3053 1056 τὸ
3119 993 3243 1070 γὰρ

653 1093 984 1173 οὐκερῶ,
1019 1095 1160 1174 τρία
1190 1097 1528 1175 ςημαῖνον,
1564 1094 1635 1158 ἐν
1665 1100 1756 1177 τῷ
1789 1093 1926 1158 οὐκ
1958 1093 2106 1170 ἐρῶ
2139 1094 2256 1158 ςοί
2299 1094 2338 1172 ἢ
2369 1093 2597 1174 (οὐκ)
2628 1094 2774 1172 ἐρῶ
2807 1097 2945 1157 coo
2981 1093 3106 1176 <ἦ>
3151 1093 3242 1157 οὐ
3315 1102 3320 1107 ’

652 1202 851 1273 κερῶ
898 1197 974 1260 ςέ
1019 1195 1231 1260 οὐκέτι
1275 1195 1645 1276 ἀμφίβολον
1691 1196 2046 1272 καθέςτηκε.
2131 1196 2231 1258 καὶ
2273 1193 2655 1277 <περιςςόν>
2700 1193 2787 1260 εἰς
2815 1201 3011 1260 τοῦτο
3041 1216 3243 1273 παρα-

650 1295 950 1379 τίθεςθαι,
994 1302 1111 1362 τοῦ
1159 1297 1358 1373 λόγου
1405 1298 1509 1361 ἐπὶ
1551 1298 1820 1363 πάντων
1866 1295 2309 1387 ςυντείνοντος
2353 1303 2482 1363 τῶν
2527 1298 3005 1377 παραπληςίων.
3083 1296 3236 1361 ὅθεν
3272 1315 3341 1362 66
3366 1311 3424 1363 A

651 1400 752 1463 καὶ
804 1400 879 1463 τὸ
940 1399 1011 1464 ςύ
1069 1399 1227 1463 κατὰ
1279 1401 1395 1478 τὴν
1455 1399 1747 1465 ςύνταξιν
1791 1398 2207 1476 δειχθήεεται,
2263 1398 2421 1463 πότε
2478 1398 2724 1464 εὐθείας
2768 1399 2894 1463 ἑςτὶ
2936 1400 3040 1463 καὶ
3080 1402 3239 1463 πότε

554 1518 615 1566 10
651 1503 956 1577 κλητικῆς.
1067 1500 1137 1564 ἐν
1196 1499 1292 1565 οἷς
1347 1501 1471 1579 γάρ
1528 1520 1742 1582 φαμεν
1801 1500 1886 1564 ςύ
1943 1497 2174 1576 ἦλθες
2228 1501 2427 1578 πρὸς
2482 1499 2639 1579 ἐμέ,
2709 1502 3025 1579 κλητικῆς·
3089 1500 3238 1577 ἐγώ

651 1601 801 1679 εἰμι
860 1602 988 1665 καὶ
1043 1601 1355 1667 ἐκεῖνός
1398 1602 1557 1667 ἑςτι
1603 1602 1725 1666 καὶ
1768 1601 1850 1665 ςύ
1897 1599 1998 1683 εἶ,
2045 1601 2318 1665 εὐθείας·
2377 1602 2458 1666 τὰ
2500 1604 2623 1680 γὰρ
2668 1605 2778 1679 τῆς
2824 1601 3155 1680 ὑπάρξεως
3198 1603 3237 1680 ἢ

650 1702 928 1778 κλήςεως
988 1702 1236 1783 ῥήματα
1293 1703 1505 1786 εὐθείᾳ
1563 1702 2026 1769 ευντάςςονται.
2135 1702 2215 1765 οὐ
2268 1704 2392 1780 γὰρ
2447 1703 2710 1769 πάντως
2764 1704 3106 1768 καθολικόν
3160 1703 3237 1766 τό

649 1804 765 1882 τὴν
822 1804 1076 1869 εὐθεῖαν
1133 1805 1237 1869 ἐπὶ
1287 1802 1522 1883 τρίτοις
1576 1808 1854 1884 νοεῑςθαι
1912 1804 2222 1867 πάντοτε·
2282 1803 2424 1867 ἰδοὺ
2481 1806 2606 1883 γὰρ
2661 1804 2767 1869 ἐπὶ
2820 1805 3086 1883 πρώτου
3138 1805 3241 1867 καὶ

652 1905 990 1990 δευτέρου,
1049 1905 1332 1986 ςεμνός
1388 1905 1567 1986 εἰμι,
1628 1906 1908 1983 ςεμνὸς
1953 1904 2041 1969 εἴ.
2103 1941 2184 1951 -
2240 1905 2491 1970 Ἄλλως
2534 1926 2602 1969 τε
2647 1907 2726 1970 τὰ
2769 1908 2884 1985 μὲν
2930 1905 3238 1987 ὀνόματα,

562 2023 622 2070 15
659 2005 804 2085 δίχα
846 2011 957 2084 τῆς
1002 2009 1322 2090 κλητικῆς,
1367 2007 1437 2072 ἐν
1483 2007 1714 2086 τρίτοις
1759 2010 2032 2089 νοεῖται,
2094 2005 2362 2086 ὅτεμή,
2421 2006 2511 2070 ὡς
2554 2007 2953 2086 προείρηται,
2997 2009 3080 2072 τὰ
3123 2010 3234 2083 τῆς
3271 2017 3318 2071 Β

651 2106 984 2186 ὑπάρξεως
1028 2109 1067 2186 ἢ
1115 2109 1394 2187 κλήςεως
1441 2107 1687 2189 ῥήματα
1732 2107 2162 2184 ςυντάςςεται,
2207 2108 2426 2172 Δίων
2471 2111 2933 2189 περιπατεῖ,
2983 2108 3234 2173 Δίωνι

652 2209 863 2291 λέγε,
930 2211 1202 2275 Δίωνα
1261 2212 1527 2275 τύπτε·
1595 2209 1659 2274 αἱ
1713 2211 1784 2275 δὲ
1838 2210 2230 2288 ἀντωνυμίαι
2285 2208 2472 2273 ἕνεκα
2529 2210 2766 2274 τούτου
2822 2211 3235 2289 παραλαμβά-

649 2331 903 2393 νονται,
961 2316 1094 2378 τῶν
1151 2311 1493 2393 ὀνομάτων
1553 2311 1632 2376 οὐ
1687 2311 2064 2390 δυναμένων
2120 2310 2278 2374 κατὰ
2331 2311 2405 2375 τὸ
2461 2317 2723 2388 πρῶτον
2781 2312 2884 2375 καὶ
2927 2312 3231 2389 δεύτερον

650 2412 1002 2490 πρόςωπον
1070 2414 1668 2493 παραλαμβάνεεθαι
1731 2412 1838 2478 ἐπὶ
1905 2415 2017 2489 τῆς
2082 2412 2500 2492 προκειμένης
2554 2410 2924 2478 ςυντάξεως.
3031 2432 3237 2489 παρα-

547 2531 614 2579 20
650 2516 950 2579 κολουθεῑ
1005 2514 1125 2580 οὖν
1180 2517 1315 2579 τοῖς
1370 2516 1529 2579 κατὰ
1580 2516 1655 2580 τὸ
1711 2514 2014 2593 δεύτερον
2071 2512 2592 2593 ἀνακρεμάμενον
2648 2511 2819 2591 ἔχειν
2875 2514 2990 2578 τὸν
3037 2514 3237 2589 λόγον

645 2615 762 2678 τὸν
815 2616 981 2693 πρός
1034 2636 1176 2680 τινα
1240 2618 1402 2695 ὑπὲρ
1462 2616 1663 2680 αὐτοῦ
1721 2618 1838 2678 τοῦ
1883 2615 2503 2692 προςφωνουμένου.
2605 2614 2643 2677 ὁ
2686 2619 2849 2690 γοῦν
2895 2615 3107 2691 λέγων
3154 2614 3235 2678 ςύ

646 2716 973 2781 τύπτεις
1034 2719 1198 2797 πρὸς
1250 2717 1448 2784 αὐτὸν
1507 2717 1676 2795 λέγει
1730 2716 1894 2796 ὑπὲρ
1952 2716 2173 2781 αὐτοῦ.
2272 2716 2348 2780 τὸ
2403 2714 2563 2780 αὐτὸ
2611 2716 2711 2780 καὶ
2747 2716 2857 2781 ’ἐπὶ
2902 2721 3035 2781 τῶν
3079 2717 3235 2779 πλα·
3275 2728 3319 2784 O

646 2818 838 2901 γίων,
884 2821 1001 2884 coi
1043 2823 1347 2900 δίδωμι,
1394 2821 1473 2883 ςὲ
1503 2823 1727 2899 φιλῶ.
1802 2819 2132 2900 χωριςτέαι
2162 2817 2284 2882 οὗν
2321 2817 2472 2900 (αἱ)
2501 2817 2889 2896 ἀντωνυμίαι
2919 2823 3050 2884 τῶν
3082 2817 3233 2894 ὀνο-

645 2919 864 2996 μάτων
930 2923 1087 2986 κατὰ
1150 2923 1265 2986 τὰς
1330 2922 1648 2986 ςυντάξεις
1713 2920 1900 2985 ἕνεκα
1965 2919 2221 2984 τούτου.
2289 2955 2370 2965 —-
2434 2920 2565 2983 Ἔτι
2639 2919 2703 2982 αἱ
2770 2920 3235 3000 ςυναπτόμεναι

781 3123 995 3176 Anava.
1065 3130 1098 3178 3
1142 3122 1215 3175 Et
1255 3122 1360 3176 hoc
1407 3121 1637 3190 quidem
1681 3122 1926 3186 constat,
1973 3123 2036 3175 ςύ
2083 3135 2201 3174 osso
2237 3121 2585 3185 vocativum3
2630 3120 2782 3174 idem
2830 3137 2947 3175 esse
2984 3121 3236 3174 nomina-

646 3206 852 3272 tivum,
900 3202 1379 3275 comprobandum
1417 3207 1517 3259 est.
1568 3236 1628 3245 —-
1674 3213 1706 3259 9
1742 3207 1785 3273 ι)
1824 3204 2014 3259 Verba
2049 3205 2401 3259 substantiva.
2435 3208 2496 3259 et
2529 3203 2859 3274 appellandi
2893 3222 3021 3259 cum
3055 3206 3232 3259 nomi-

646 3289 850 3343 nativis
887 3291 1311 3355 construuntun
1348 3289 1747 3344 construuntur
1782 3288 1953 3343 etiam
1989 3306 2117 3342 cum
2155 3291 2218 3343 ςύ
2256 3289 2603 3358 pronomine.
2652 3320 2717 3330 -·
2768 3297 2830 3342 14
2873 3293 2919 3358 2)
2957 3290 3021 3342 In
3055 3289 3234 3346 nomi·

646 3391 779 3427 num
815 3374 1003 3428 locum
1039 3374 1347 3428 succedunt
1379 3376 1439 3428 in
1474 3375 1659 3443 prima
1692 3374 2049 3442 secundaque
2084 3389 2328 3443 persona
2371 3378 2703 3442 pronomina.
2746 3375 2833 3443 (ςύ
2877 3374 3053 3444 igitur
3095 3390 3236 3442 quo-

644 3459 797 3512 niam
831 3476 934 3529 pro
970 3459 1318 3513 nominativo
1353 3458 1644 3513 nominum
1669 3458 1995 3527 usurpatur,
2034 3457 2290 3526 sequitur
2314 3460 2377 3511 ut
2400 3459 2580 3527 ipsum
2608 3475 2833 3527 quoque
2856 3459 3235 3513 nominativus

645 3546 757 3610 sit).
804 3575 867 3583 —
912 3552 979 3598 24
1013 3547 1061 3612 3)
1098 3543 1477 3612 Quaecunque
1514 3543 1792 3597 vocabula
1826 3542 1943 3596 sivo
1979 3541 2314 3611 copulativis
2351 3544 2469 3597 sive
2507 3542 2855 3597 disiunctivis
2890 3542 3232 3596 coniunctio·

644 3627 809 3681 nibus
856 3630 1252 3695 conectuntur,
1308 3628 1558 3681 eiusdem
1612 3644 1769 3681 casus
1813 3629 1956 3681 sunt.
2034 3627 2115 3681 Eo
2159 3627 2327 3681 modo
2385 3629 2449 3681 ςύ
2505 3644 2630 3680 cum
2685 3627 3050 3680 nominativis
3105 3643 3234 3680 con·

644 3711 912 3782 iungitur.

789 3897 1011 3953 Τιετιη.
1081 3906 1147 3952 24
1184 3901 1252 3954 cf.
1290 3899 1457 3953 Prisc.
1494 3897 1653 3964 XIII,
1692 3905 1759 3952 20
1791 3916 1848 3967 p.
1895 3905 1980 3965 13,
2021 3904 2080 3950 12
2117 3896 2289 3951 Hertz
2338 3898 2476 3952 C'um
2519 3899 2698 3967 igitur
2730 3899 2918 3952 omnia
2953 3914 3095 3966 quae
3125 3896 3234 3951 sibi

645 3985 1066 4054 conitmyuntwr
1112 3985 1175 4038 in
1220 3984 1453 4039 diversis
1490 3983 1681 4051 posita
1715 3984 1973 4050 personis
2006 3983 2286 4048 casualia,
2329 3985 2443 4037 sive
2487 3984 2888 4053 disianyantur
2931 3998 3028 4037 seu
3072 3997 3232 4050 copu-

646 4068 859 4135 lentur,
896 4070 1128 4153 eumdejn
1161 4073 1385 4124 servant
1419 4085 1607 4124 casum
1644 4084 1692 4125 e.
1730 4084 1784 4135 q.
1821 4085 1863 4126 s.

644 4191 783 4198 —-

782 4272 965 4325 Dtscn.
1001 4292 1205 4327 scnwr.
1275 4278 1323 4326 6.
1360 4274 1579 4339 οὐκερῶ
1615 4271 1680 4340 b,
1731 4288 1970 4338 ευκαιρω
2007 4273 2049 4326 Α
2091 4275 2101 4336 Ι
2142 4273 2255 4338 ἐρῶ
2294 4272 2377 4326 (oi
2412 4274 2447 4338 ἢ
2484 4274 2589 4327 οὐκ
2624 4272 2734 4339 ἐρῶ
2773 4276 2870 4326 coo
2906 4274 2942 4339 ἢ
2978 4273 3047 4326 οὐ
3085 4276 3232 4338 κερῶ

645 4356 702 4409 ςέ
746 4355 811 4422 b,
859 4373 971 4424 ερω
1020 4375 1102 4413 cot
1147 4376 1182 4426 η
1229 4374 1342 4425 ερω
1386 4374 1484 4412 ςου
1520 4374 1555 4423 η
1607 4374 1711 4410 ουκ
1755 4373 1871 4422 ερω
1917 4371 1972 4408 ςε
2012 4356 2085 4421 Α,
2131 4358 2228 4407 sed
2274 4372 2391 4422 ερω
2437 4373 2535 4411 (ou
2579 4355 2736 4410 delet
2771 4357 2836 4411 Α1
2901 4360 2911 4422 Ι
2985 4362 3033 4410 7.
3073 4360 3231 4410 καθε-

645 4457 848 4508 ετηκεν
884 4444 926 4496 Α
985 4445 995 4507 Ι
1051 4443 1167 4510 καὶ]
1205 4442 1301 4496 fol.
1340 4447 1437 4496 163
1460 4459 1514 4498 v.
1563 4443 1573 4508 Ι
1623 4443 1883 4508 περιςςὸν
1919 4439 1981 4505 b,
2021 4453 2128 4491 om.
2167 4441 2209 4494 Α
2264 4444 2274 4505 Ι
2325 4446 2373 4494 9.
2409 4458 2443 4494 τ
2478 4441 2538 4494 in
2575 4458 2718 4495 ποτε
2754 4456 2821 4495 ex
2857 4459 2901 4494 π
2935 4456 3073 4494 corr.
3111 4441 3174 4495 Α1
3220 4440 3230 4505 Ι

644 4541 792 4579 εςτιν
829 4528 871 4581 Α
927 4528 938 4594 Ι
992 4533 1069 4581 10.
1108 4530 1354 4594 κλιτικης
1380 4528 1422 4581 Α
1476 4531 1487 4594 1
1549 4525 1689 4592 πρὸς
1727 4525 1826 4591 ἐμέ
1861 4524 1926 4591 b,
1964 4540 2104 4591 προς
2141 4540 2206 4589 με
2230 4525 2275 4578 Α
2335 4527 2345 4593 Ι
2391 4528 2644 4595 κλιτικης
2669 4527 2711 4580 Α
2784 4527 2792 4594 Ι
2855 4532 2932 4583 11.
2960 4535 3109 4580 εςτιν
3144 4525 3187 4577 Α
3221 4524 3228 4588 Ι

648 4617 725 4663 12.
765 4613 1017 4678 κλήςεως
1052 4611 1116 4679 b,
1157 4614 1393 4666 κλιςεως
1432 4611 1474 4664 Α
1507 4611 1516 4678 Ι
1552 4617 1629 4663 15.
1668 4609 1925 4676 κλιτίκης
1950 4609 1992 4661 Α
2037 4609 2047 4671 Ι
2090 4615 2166 4664 16.
2192 4611 2441 4677 κλήςεως
2477 4610 2540 4675 b,
2581 4613 2815 4665 κλιςεως
2853 4610 2895 4664 Α
2937 4611 2944 4678 Ι
2982 4616 3063 4664 20.
3100 4610 3231 4662 ἀνα-

645 4697 995 4762 κρεμάμενον
1037 4695 1102 4764 b,
1157 4711 1654 4763 ανακεκραμμενον
1698 4697 1740 4750 Α
1806 4696 1816 4761 Ι
1883 4700 1964 4752 21.
2006 4699 2149 4758 γοῦν
2185 4694 2247 4763 b,
2302 4712 2406 4750 ουν
2454 4699 2496 4751 Α
2571 4698 2580 4762 Ι
2655 4712 2703 4749 ω
2748 4696 2803 4748 in
2849 4698 3038 4761 λεγων
3074 4709 3141 4747 ex
3179 4709 3229 4748 ει

644 4779 852 4833 factum
889 4781 960 4835 ab
999 4782 1077 4834 Α-”β
1108 4783 1118 4849 Ι
1147 4787 1230 4833 22.
1269 4782 1500 4835 τύπτεις
1534 4779 1600 4846 b,
1637 4795 1840 4834 τυπτει
1867 4781 1910 4834 Α
1944 4780 1952 4847 Ι
1983 4785 2064 4833 23.
2104 4780 2206 4834 οὖν
2242 4781 2297 4834 αἱ
2332 4780 2397 4847 b,
2435 4797 2537 4834 ουν
2575 4780 2617 4834 Α
2650 4781 2659 4846 Ι
2689 4785 2769 4833 24.
2808 4780 3228 4844 ςυναπτόμεναι

644 4863 1032 4930 RSln-zeczka,
1071 4866 1520 4932 ςυμπλεκόμεναι
1558 4865 1649 4919 Ab
3213 4875 3224 4884 “
