3738 5530
633 341 718 407 68
807 341 1250 397 Commentarius
1278 342 1506 397 criticus
1534 343 1594 397 et
1619 333 1941 413 exegeticus
1969 340 2030 395 in
2057 333 2346 411 Apollonii
2374 339 2601 411 Dyscoli
2630 329 2843 411 scripta
2868 339 3103 395 minora.

811 514 917 589 41,
939 513 1021 572 19
1076 512 1170 593 τῷ
1222 530 1332 589 pro
1385 506 1462 572 τὸ
1518 510 1758 588 scripsit
1810 513 1874 570 et
1926 528 2156 570 comma
2203 513 2341 570 ante
2397 504 2576 585 εἴπερ
2634 510 2832 586 pinxit
2895 509 3017 569 Ska
3060 509 3093 569 I
3134 513 3247 586 123

631 596 737 677 ήμ’
777 627 861 650 =
899 597 1036 677 ἠμέ,
1083 620 1154 661 ex
1198 598 1237 676 ἢ
1287 596 1396 676 ἐμέ
1441 601 1693 677 factum3
1740 600 1810 659 cf.
1858 604 2014 677 synt.
2058 601 2204 676 126,
2226 603 2306 660 17
2354 595 2874 676 ὑποευνηλείφθη
2921 595 3086 661 κατὰ
3129 596 3248 660 τὸν

630 687 881 767 τρόπον
926 690 1040 764 τῆς
1084 685 1382 766 κράεεωε.

811 783 915 857 41,
937 782 1023 841 20
1069 775 1140 840 ἐν
1187 776 1240 861 ᾧ
1277 811 1366 822 -
1403 775 1476 841 ἐν
1520 774 1760 860 τούτῳ,
1825 772 2011 856 ‘quod
2063 811 2139 821 —
2189 774 2313 856 eo’3
2376 779 2614 857 saepius
2678 774 2750 840 ἑν
2804 774 3017 860 τούτῳ
3074 779 3249 838 omit-

632 871 798 931 titur.
890 868 1158 929 Eandem
1202 870 1507 929 notionem
1549 868 1796 929 induere
1843 864 1916 930 ἑν
1961 861 2061 930 οἶ(
2098 868 2257 946 apud
2293 870 2407 947 Ap.
2445 887 2629 946 supra
2664 868 2741 928 ad
2780 871 2885 946 29,
2907 870 2988 929 13
3026 869 3246 929 monui.

815 961 1023 1035 41,22
1072 953 1209 1033 ἥτις
1254 959 1376 1019 scil.
1424 954 1464 1033 ἡ
1513 953 1602 1019 εὐ.

810 1049 1027 1109 Rectus
1071 1052 1241 1108 tonus
1282 1050 1602 1123 inmaniter
1648 1050 1729 1108 eis
1774 1066 1925 1123 quae
1968 1048 2128 1108 verbi
2172 1050 2453 1108 actionem
2495 1050 2581 1108 ita
2623 1049 2691 1108 in
2733 1065 2800 1108 se
2834 1049 3138 1122 recipiunt,
3182 1050 3252 1106 ut

628 1141 750 1198 sint
801 1139 1056 1198 eiusdem
1089 1155 1383 1212 personae
1427 1141 1599 1213 atque
1640 1138 1974 1198 subiectum.
2064 1137 2190 1196 Nec
2231 1141 2479 1208 mirum,
2524 1156 2667 1198 nam
2714 1141 2766 1197 et
2809 1139 3249 1211 emnpositorwn

631 1228 817 1288 locam
861 1231 1146 1303 occupant
1189 1231 1241 1288 et
1283 1229 1595 1287 discretiva
1637 1232 1778 1287 sunt
1820 1227 2228 1304 41‚26-42,
2248 1229 2305 1285 4.
2419 1226 2504 1287 cf.
2550 1246 2717 1305 pron.
2769 1227 3007 1303 36,11;
3055 1225 3249 1302 65,6;

629 1321 786 1394 synt.
830 1318 1033 1393 139,1
1067 1335 1153 1393 sq.
1244 1316 1425 1377 Prisc.
1464 1316 1614 1375 XIII
1652 1318 1734 1376 22
1782 1337 1839 1394 p.
1884 1318 1986 1392 14,
2007 1317 2285 1376 25—27.

813 1406 990 1466 Recto
1035 1410 1228 1466 tenore
1255 1407 1647 1481 proferuntur
1682 1423 2057 1481 qsaaeewnque
2091 1423 2223 1466 cum
2249 1407 2783 1481 praepositionibus
2817 1407 3247 1466 constr-amitur.

632 1495 828 1571 Quare
871 1497 1306 1557 assentiendum
1350 1500 1434 1556 est
1478 1498 1560 1555 eis
1604 1497 1706 1570 qui
1754 1495 2043 1555 Theocriti
2088 1496 2207 1556 loeo
2250 1497 2352 1555 illo
2398 1490 2572 1571 ἁμίν
2615 1497 2836 1570 forma,
2900 1512 3020 1555 non
3074 1488 3248 1570 ἇμιν

628 1588 718 1646 ati
761 1586 993 1658 voltum
1036 1602 1182 1645 nam
1226 1586 1404 1661 leyem
1447 1589 1726 1660 sequatur
1769 1589 2001 1660 oportet,
2049 1587 2154 1645 etsi
2185 1603 2302 1659 per
2343 1585 2699 1660 hyperbaton
2741 1603 2782 1644 a
2815 1586 3250 1659 praepositione

630 1677 954 1735 seiunctum
1018 1671 1533 1749 est'42,5—-10.
1646 1673 1731 1734 cf.
1797 1676 1952 1751 synt.
2005 1676 2418 1750 127,7-19;
2487 1676 2633 1750 166,
2661 1676 2774 1750 21;
2841 1674 3047 1749 331,8
3077 1664 3246 1753 sq.*)

629 1763 770 1823 Her.
818 1764 850 1823 I
898 1764 1182 1841 559,11;
1244 1762 1430 1823 Lehrs
1476 1783 1530 1840 q.
1553 1783 1617 1841 ,e.
1674 1765 1817 1823 109.
1891 1796 1966 1805 —-
2039 1762 2229 1823 Gauer
2289 1764 2352 1822 in
2409 1761 2571 1823 Gurt.
2629 1762 2796 1822 Stud.
2843 1762 2962 1821 VH
3004 1763 3131 1822 130
3159 1780 3246 1838 sq.

632 1855 903 1931 exponit,
964 1854 1080 1931 Ap.
1128 1871 1369 1913 causam
1415 1872 1519 1913 eur
1562 1851 2035 1931 praepositiones
2086 1852 2505 1930 pronominum
2547 1855 2761 1912 tonum
2806 1852 3065 1931 erigant,
3128 1870 3247 1911 non

630 1944 778 2003 satis
814 1943 1211 2020 perspexisse;
1249 1943 1404 2002 hanc
1438 1962 1642 2003 veram
1679 1961 1805 2003 esse
1841 1959 2114 2002 causam}
2150 1942 2619 2021 praepositiones
2655 1942 2719 2001 in
2756 1960 3000 2001 numero
3036 1960 3249 2001 vocum

629 2033 1078 2110 procliticarum
1137 2032 1439 2092 habendas
1502 2051 1654 2107 esse3
1727 2032 1941 2108 quodsi
2010 2033 2376 2109 praepositio
2440 2050 2574 2091 cum
2635 2032 2983 2109 pronomine
3047 2031 3248 2106 aliquo

628 2121 932 2199 personali
995 2123 1417 2199 coniungatur,
1480 2124 1789 2181 accentum
1853 2121 2111 2197 quodam
2174 2121 2350 2181 modo
2412 2121 2477 2180 in
2506 2121 2727 2205 ‘medio
2779 2119 3061 2198 pendere;
3123 2121 3247 2179 iam

631 2211 773 2287 quia
835 2211 1201 2288 praepositio
1264 2211 1564 2271 rarissime
1627 2212 1914 2271 maiorem
1980 2209 2279 2287 quandam
2340 2211 2465 2271 vim
2521 2211 2769 2287 habeat,
2831 2228 3066 2270 neeesse
3120 2227 3249 2269 esse

629 2320 956 2378 pronomen
1005 2304 1199 2360 erecto
1242 2303 1388 2361 tono
1434 2300 1828 2378 pronuntiari.

632 2472 673 2539 ἆ
809 2391 924 2467 42,
946 2391 983 2450 6
1049 2390 1184 2451 τοῖς
1250 2385 1489 2452 ἀξιοῦει
1553 2385 1959 2469 ὀρθοτονεῖν]
2024 2390 2063 2448 i.
2110 2410 2159 2450 e.
2216 2390 2301 2450 eis
2366 2390 2471 2467 qui
2534 2388 2821 2449 iubebant
2884 2384 3062 2465 ἁμίν,
3127 2407 3247 2448 non

676 2496 780 2554 μιν
826 2479 1020 2540 scribi.

810 2570 915 2645 42,
939 2571 1022 2629 10
1068 2563 1508 2647 ἑνεκλίναμεν]
1556 2589 1722 2646 pron.
1771 2571 1879 2646 40,
1902 2571 2000 2628 20.
2025 2570 2125 2628 23.
3260 2621 3265 2628 .

810 2677 867 2736 3.
904 2665 1225 2752 'Deinceps
1268 2677 1588 2751 quaeritur,
1632 2677 1958 2736 habeantne
2002 2679 2204 2736 tertiae
2236 2693 2396 2752 pers.
2433 2678 2789 2751 pronomina
2835 2667 3249 2759 (personalia),

629 2767 732 2826 abi
779 2771 930 2826 recto
976 2770 1168 2826 tenore
1202 2768 1608 2842 proferuntur,
1653 2784 1837 2841 usque
1882 2768 2001 2826 vim
2036 2770 2490 2849 compositor-arn.
2562 2765 2662 2827 Sic
2698 2769 2850 2827 enim
2884 2764 3249 2826 Aristarchei

618 2858 1004 2930 praecipiunt
1047 2857 1152 2931 42,
1175 2858 1455 2931 11—47,
1477 2857 1532 2915 8.
1635 2854 1720 2916 At
1779 2858 2172 2931 compluribus
2226 2857 2474 2917 Homeri
2534 2857 2674 2917 locis
2724 2858 3081 2931 pronomina
3140 2856 3248 2915 illa

630 2939 739 3021 (οὗ
777 2939 842 3005 οἶ
882 2941 942 3023 ἕ)
978 2962 1099 3004 non
1126 2948 1564 3020 compositorum
1601 2941 1866 3022 (ἑαυτοῦ
1907 2941 2118 3026 ἑαυτῷ
2156 2941 2436 3024 ἑαυτόν),
2482 2948 2585 3007 sed
2618 2947 2970 3021 simplicium
3015 2940 3247 3022 (αὐτοῦ

630 3029 808 3114 αὐτῷ
874 3029 1104 3112 αὐτόν)
1157 3038 1498 3109 potestatem
1557 3035 1769 3094 habent
1830 3036 2380 3112 42,11—43,31.
2492 3034 2578 3095 Cf.
2644 3038 2798 3112 synt.
2851 3036 3097 3110 137,11
3130 3052 3247 3111 sq.;

630 3121 815 3184 Lehrs
862 3143 916 3200 q.
956 3142 1004 3182 e.
1048 3124 1205 3200 1153
1252 3122 1445 3183 Gauer
1485 3125 1552 3183 in
1599 3122 1760 3184 Ourt.
1809 3122 1978 3184 Stud.
2026 3124 2145 3184 VH
2186 3126 2308 3185 151
2342 3144 2426 3202 sq.
2518 3124 2702 3204 Uhlig
2746 3122 2840 3184 ΠΙ
2878 3125 2977 3183 68.

807 3231 914 3308 42,
937 3233 1018 3291 12
1086 3224 1141 3290 εἰ
1204 3226 1487 3292 πάντοτε
1532 3227 1572 3305 ἡ
1619 3225 1974 3307 μετάληψις
2036 3228 2112 3292 τὸ
2172 3227 2478 3293 εύνθετον
2538 3230 2742 3306 εχῆμα
2801 3225 3057 3291 ἀπαιτεῖ
3107 3229 3146 3289 i.
3195 3250 3243 3290 e.

629 3313 852 3380 ‘sintne
914 3338 1147 3397 semper
1214 3321 1544 3398 composita
1611 3320 1947 3380 adhibenda
1961 3366 1977 3396 ,
2050 3322 2101 3380 si
2165 3321 2228 3380 in
2289 3322 2488 3382 locum
2554 3321 2968 3399 pronominum
3031 3319 3245 3383 tertiae

628 3428 781 3487 pers.
829 3409 903 3468 ab
948 3409 1208 3471 Homero
1254 3414 1677 3487 usurpatorum
1722 3430 1792 3471 ea
1836 3410 2180 3487 substituis,
2226 3430 2377 3486 quae
2422 3411 2749 3471 communis
2794 3410 3057 3470 omnium
3102 3427 3244 3469 usus

631 3493 864 3576 poscit'.

808 3591 914 3664 42,
937 3591 1016 3649 17
1066 3589 1138 3648 cf.
1184 3591 1339 3666 synt.
1391 3591 1538 3666 145,
1565 3592 1649 3650 20
1676 3608 1764 3666 sq.
1844 3588 2232 3697 Quamquam
2275 3588 2507 3650 Lehrsii
2552 3589 3025 3650 emendationem
3071 3581 3155 3671 (q.
3194 3608 3242 3648 e.

634 3670 826 3760 108·)
863 3679 1079 3756 recepi,
1124 3680 1255 3738 loco
1291 3682 1447 3756 synt.
1481 3681 1628 3755 146,
1649 3681 1732 3739 24
1779 3677 1922 3741 πῶς
1967 3673 2087 3741 οὖν
2133 3675 2251 3740 οὐκ
2287 3673 2769 3755 ἀπανάγνωεμα
2803 3675 2880 3739 τὸ
2917 3678 3049 3740 κτλ.
3086 3697 3245 3739 com-

628 3767 999 3844 mendatam,
1060 3771 1263 3828 tamen
1318 3788 1449 3828 eam
1501 3787 1623 3828 non
1678 3769 1840 3828 omni
1895 3789 1965 3829 ex
2009 3771 2183 3846 parte
2227 3769 2623 3829 necessariam
2667 3786 2793 3829 esse
2839 3768 3109 3828 concedo.
3161 3800 3239 3809 -

630 3856 940 3918 Sententia
982 3858 1130 3919 haec
1176 3861 1297 3918 est.
1343 3852 1519 3917 ‘Cum
1562 3859 1693 3937 lege
1740 3877 1923 3935 quam
1964 3858 2332 3919 Aristarchei
2378 3860 2699 3918 sanxerunt
2743 3859 3076 3935 complures
3120 3856 3242 3917 Ho-

628 3948 779 4006 meri
837 3947 954 4008 loci
1016 3950 1316 4026 pugnant,
1378 3948 1546 4007 velut
1592 3943 1635 4008 Ε
1675 3949 1843 4007 62-
1854 3949 1955 4007 64.
2067 3947 2261 4018 Quare
2322 3949 2567 4008 fuerunt
2629 3948 2734 4024 qui
2795 3966 2905 4025 pro
2968 3944 3243 4019 γένοντο

628 4037 955 4097 seriberent
1017 4033 1489 4115 (μετέγραψαν)
1554 4032 1808 4098 ἔτευξεν
1874 4033 1982 4115 (ἃς
2035 4035 2184 4098 πᾶει
2239 4032 2438 4098 κακὸν
2483 4032 2798 4111 Τρώεεειν
2865 4032 3119 4099 ἔτευξεν
3179 4029 3244 4097 οἶ

627 4120 683 4185 τ’
731 4122 909 4207 αὐτῷ
947 4152 1032 4175 --
1070 4122 1312 4207 ἑαυτῷ)
1327 4172 1342 4198 2
1409 4130 1519 4186 aut
1578 4126 1956 4204 hyperbaton
2019 4129 2352 4187 statuerent
2399 4126 2725 4187 Gomanum
2788 4126 3004 4202 secuti,
3064 4127 3136 4184 ut
3180 4118 3248 4185 οἷ

628 4210 683 4275 τ’
722 4210 899 4296 αὐτῷ
945 4234 1080 4275 cum
1125 4216 1211 4276 eis
1259 4234 1409 4292 quae
1454 4215 1816 4292 praecedunt
1871 4218 2330 4295 coniungeretur
2373 4210 2810 4296 (Ἀλεξάνδρῳ
2859 4211 3243 4289 ἐτεκτήνατο

629 4303 787 4380 νῆα(
834 4297 900 4366 οἶ
942 4300 997 4364 τ’
1035 4301 1212 4385 αὐτῷ
1251 4331 1336 4353 =
1375 4301 1603 4385 ἑαυτῷ,
1653 4300 1718 4365 αἳ
1756 4303 1934 4383 κτλ.).
2026 4304 2143 4366 Sed
2185 4305 2409 4365 talibus
2457 4304 2724 4365 artificiis
2771 4323 2920 4382 opus
2965 4323 3083 4363 non
3125 4306 3245 4378 est3

629 4397 771 4453 sunt
832 4394 991 4454 enim
1052 4394 1385 4472 complures
1458 4412 1670 4454 causae
1734 4414 1808 4454 ex
1869 4395 2084 4472 quibus
2155 4399 2351 4455 rectus
2412 4398 2585 4455 tenor
2646 4394 2703 4453 h.
2756 4394 2793 4452 1.
2858 4387 3242 4471 imponatur’.

630 4481 823 4543 Schol.
869 4484 955 4544 A·
1010 4477 1326 4545 ἀθετεῖται
1383 4474 1465 4565 (v.
1507 4476 1649 4565 64),
1712 4478 1813 4545 ὅτι
1860 4480 1982 4560 οὐχ
2028 4479 2224 4557 ὑγιῶς
2270 4479 2676 4560 ἐξενήνοχεν,
2741 4479 2806 4544 αἳ
2852 4482 3004 4544 πᾶει
3047 4477 3247 4543 κακὸν

655 4755 660 4760 .
805 4706 850 4777 ‘)
889 4661 1036 4776 synt.
1068 4711 1239 4773 330,1
1281 4706 1497 4777 corrige
1534 4709 1637 4763 δύο
1672 4709 1810 4778 μέρη
1850 4710 2022 4775 λόγου
2058 4709 2347 4777 γενήεεται
2382 4710 2449 4765 τὸ
2490 4707 2964 4778 ‘uapavepowoc’
2996 4707 3061 4781 <‘
3064 4708 3245 4776 παρὰ

626 4783 751 4833 *roo
799 4779 1167 4847 φέροντοε’
1226 4821 1240 4849 ,
1295 4784 1398 4833 τοῦ
1446 4781 1656 4848 ἄρθρου
1710 4782 2002 4847 τιθεμένου
2058 4783 2261 4847 μεταξὺ
2306 4785 2410 4849 τῆ(
2462 4783 2800 4851 προθέεεωε,
2857 4782 2915 4834 et
2961 4784 3080 4845 332,
3104 4784 3134 4832 ’1
3181 4780 3245 4834 ἐν

629 4851 900 4948 (υνθέεειἔ
944 4851 1108 4917 avan
1193 4866 1401 4905 εκω-
1430 4851 1979 4916 ἀναγινώεκοντα-
2007 4852 2139 4919 παρ’
2173 4852 2673 4922 ἀναγινώεκοντα,
2721 4855 2811 4907 καὶ
2847 4853 2929 4907 ἔτι
2966 4853 3105 4918 μετὰ
3136 4855 3245 4906 τοῦ

628 4923 842 4990 ἄρθρου
882 4892 1056 4989 ἔπαρὰ,
1088 4922 1191 4977 τὸν
1241 4921 1732 4988 dvmvwcxma’.
1797 4922 1845 4977 εἰ
1891 4925 1953 4978 δὲ
1999 4924 2152 4977 οὕτω
2187 4939 2270 4977 τι(
2307 4924 2448 4991 φαίη
2490 4923 3116 4993 ’παραναγινώεκονταξ
3153 4925 3247 4978 καὶ

630 4994 756 5065 [ὼε]
784 4994 991 5048 ἔξωθεν
1026 4994 1093 5047 τὸ
1131 4994 1341 5063 ἄρθρον
1376 4994 1819 5064 προεγενήεεται,
1861 4994 1985 5048 τὸν
2011 4997 2613 5063 παραναγινώεκοντα’.
2677 4994 2755 5052 cf
2786 4993 3014 5050 Dronke
3041 4993 3094 5051 11
3120 4998 3243 5053 599.
