3738 5530
1119 369 1638 421 PERSONALIVM
1676 370 2029 422 GENETIVI
2063 369 2515 422 SINGVLARIS.
3022 370 3103 432 79

436 580 481 633 Β
768 570 965 636 αὐτόν
1010 593 1114 651 μιν
1161 574 1467 657 πληγῇςιν
1505 571 1572 657 (δ
1616 573 1801 656 244),

509 671 618 737 ἵνα
661 674 743 752 μὴ
790 673 880 737 ὡς
926 674 1043 738 ὑπ’
1087 673 1291 739 ἄλλου
1334 676 1782 754 πεπληγμένος
1829 678 2084 752 νοῆται·
2130 675 2230 739 καὶ

768 774 949 859 ἄλλῳ
995 777 1051 840 δ’
1095 776 1295 840 αὐτὸν
1343 776 1509 856 φωτὶ
1556 777 2013 855 κατακρύπτων
2062 780 2128 860 (δ
2170 775 2327 857 247)

514 897 613 940 και

765 981 880 1056 τὴν
926 977 1128 1043 αὐτοῦ
1173 979 1380 1058 φιλέει
1424 980 1526 1044 καὶ
1570 979 1820 1057 κήδεται
1866 981 1910 1060 (Ι
1957 978 2135 1063 342),
3136 992 3168 1038 5

514 1080 613 1143 καὶ
2235 1084 2246 1095 “

1424 1185 1585 1264 μέγα
1628 1184 1743 1262 μὲν
1789 1183 1980 1248 κλέος
2023 1182 2219 1260 αὐτῆς

766 1286 1039 1349 ποιεῖται
1086 1284 1151 1365 (β
1198 1283 1375 1364 125)-

437 1390 478 1445 Ο
514 1385 631 1463 ἐφ’
674 1384 751 1463 ἧς
797 1385 949 1449 οὐδὲ
992 1387 1069 1450 τὸ
1114 1389 1225 1463 τῆς
1270 1386 1742 1466 ἐπιφερομένης
1786 1386 2090 1450 πτώςεως
2134 1385 2480 1464 ἁρμοςτόν·
2539 1386 2691 1450 δέον
2736 1386 2859 1463 γὰρ
2891 1388 3101 1450 ποιεῖν

464 1548 475 1553 ,
516 1487 784 1564 «ποθὴν»
842 1487 955 1551 ςὺν
1012 1492 1119 1567 τῷ·Ι
1163 1491 1218 1551 ν.
1318 1486 1512 1552 Ἀλλὰ
1566 1489 1667 1551 καὶ
1727 1487 1831 1551 ἐπὶ
1883 1487 2135 1563 τούτων
2189 1485 2228 1551 ὁ
2283 1485 2480 1551 αὐτὸς
2534 1485 2730 1563 λόγος
2774 1486 3098 1566 εἰρήςεται,
3141 1496 3203 1545 10

515 1587 567 1672 ᾧ
623 1587 766 1652 κατ’
821 1587 1110 1667 ἔλλειψιν
1164 1589 1359 1653 πάλιν
1416 1592 1550 1653 τῶν
1606 1582 1838 1668 τρίτων
1894 1587 2134 1666 ὁμοίως
2190 1589 2326 1651 ταῖς
2369 1588 2529 1652 κατὰ
2570 1589 2646 1652 τὸ
2690 1593 2957 1667 πρῶτον
3002 1588 3103 1651 καὶ

513 1689 816 1769 δεύτερον
864 1688 1322 1769 ἐξηνέχθηςαν,
1367 1688 1500 1766 εἴγε
1544 1691 1645 1754 καὶ
1688 1689 1764 1752 τὸ
1811 1688 2063 1767 ἀκριβὲς
2105 1691 2216 1767 τῆς
2261 1674 2692 1765 ἀναγνίὑςεως
2739 1690 2898 1754 κατὰ
2941 1687 3101 1753 αὐτὸ

512 1791 588 1854 τὸ
644 1794 763 1856 τοῦ
817 1794 1089 1869 ποιητοῦ
1136 1791 1399 1868 ςύνηθες
1444 1790 1813 1856 ἐξετάζεται.
1916 1790 2211 1867 ἀξιοῦμεν
2256 1791 2381 1869 γὰρ
2424 1788 2903 1870 ἀπαρεμφάτως
2948 1788 3101 1856 ἀνα-

515 1893 842 1968 γινώςκειν
2597 1934 2628 1957 ·

1170 1994 1251 2058 τὰ
1294 1993 1350 2057 δ’
1393 1990 1637 2058 ἄποινα
1680 1992 1969 2071 δέχεςθαι
2015 1991 2091 2065 (Α
2135 1989 2249 2075 20)
2778 2064 2783 2069 ,
3143 2003 3205 2050 15

514 2096 616 2158 καὶ

315 2200 480 2252 10‘2A
1407 2197 1709 2260 ἐπιτεῖλαι
1755 2193 1846 2279 (Δ
1893 2194 2005 2276 64)

516 2296 594 2359 ού
641 2299 1275 2380 προπαροξύνοντες,
1332 2301 1450 2362 τοῦ
1508 2297 1710 2373 λόγου
1767 2296 2200 2361 ἀπαιτοῦντος
2244 2295 2598 2374 πρόςταξιν.
2686 2297 2839 2362 δέον
2886 2299 2957 2361 δὲ
3001 2298 3104 2362 καὶ

514 2396 615 2461 ἐπὶ
658 2401 775 2462 τοῦ

1724 2498 1886 2576 μέγα
1928 2499 2042 2574 μὲν
2088 2498 2274 2562 κλέος
2320 2497 2514 2576 αὐτῆς
3137 2504 3206 2554 20

766 2604 1039 2665 ποιεῖται
1084 2599 1150 2684 (β
1201 2600 1348 2682 125)

514 2698 867 2780 ἐκδέχεςθαι
927 2703 1002 2767 τὸ
1057 2702 1326 2782 γίνεται,
1385 2701 1457 2767 ἐν
1516 2700 1569 2783 ᾧ
1624 2702 1726 2765 καὶ
1781 2699 1952 2779 ἁπλῆ
1999 2702 2125 2782 <ἡ>
2170 2700 2537 2780 ἀντωνυμία
2589 2704 2861 2785 νοεῖται,
2916 2702 3022 2765 καὶ
3064 2702 3102 2781 ἡ

515 2803 946 2883 ἐπιφερομένη
991 2812 1223 2869 πτῶςις
1269 2803 1649 2869 ἀκόλουθος.
1741 2802 1908 2866 ἀλλὰ
1951 2804 2072 2881 μὴν
2118 2793 2235 2866 καῖ
2262 2804 2338 2867 τὸ

766 2905 967 2970 αὐτόν
1012 2926 1115 2984 μιν
1161 2909 1473 2988 πληγῇςιν
1522 2905 1586 2984 (δ
1629 2902 1783 2987 244)

515 3006 949 3085 δαςυνόμενον
1005 3010 1175 3085 τρεῖς
1219 3006 1621 3084 ἀντωνυμίας
1665 3005 2143 3084 παραλήψεται·
2201 3006 2304 3069 διὸ
2361 3005 2460 3068 καὶ
2503 3005 2541 3068 ὁ
2587 3005 2954 3084 Πινδαρίων
2999 3007 3104 3070 διὰ
3138 3013 3205 3061 25

440 3111 482 3163 B
516 3111 633 3170 τοῦ
674 3110 712 3171 ἒ
754 3105 1071 3189 ἔγραφεν,
1116 3107 1154 3170 ὁ
1199 3108 1270 3171 δὲ
1314 3107 1507 3172 Ἰξίων
1553 3106 1749 3187 ἀξιοῖ,
1799 3105 1959 3171 ὥςτε
1993 3105 2133 3171 ἀντὶ
2175 3108 2284 3182 τῆς
2315 3105 2347 3168 ἕ
2377 3107 2492 3184 τὴν
2521 3107 2624 3183 μίν
2653 3111 3100 3187 παρειλῆφθαι.

516 3207 676 3287 ὅπερ
721 3209 973 3288 βέλτιον
1017 3207 1121 3270 ἐπὶ
1164 3212 1295 3272 τῶν
1339 3207 1660 3273 τοιούτων
1705 3207 2126 3285 παρέλκεςθαι
2169 3208 2285 3284 τὴν
2330 3207 2433 3283 μίν
2479 3206 2718 3285 ὁμοίως
2758 3215 2850 3294 τῷ

1727 3308 1802 3386 ἠέ
1846 3327 1950 3388 μιν
1996 3307 2196 3372 αὐτόν
2243 3306 2325 3388 (Ω
2369 3307 2524 3392 472)

1726 3410 1844 3473 κὰδ
1890 3409 1961 3473 δέ
2006 3429 2109 3488 μιν
2154 3408 2354 3473 αὐτὸν

767 3511 994 3576 εἰλύςω
1038 3511 1425 3590 ψαμάθοιςιν
1472 3510 1557 3593 (Φ
1602 3510 1775 3593 318),
3139 3518 3206 3565 30

514 3612 583 3691 ἦ,
616 3613 706 3678 ὡς
736 3612 1018 3693 Τρύφων
1048 3611 1138 3696 (p.
1171 3611 1256 3675 30
1286 3610 1550 3694 Velsen)
1580 3611 1800 3692 φηςίν,
1835 3609 2066 3688 ὅμοιον
2098 3609 2264 3674 εἶναι
2296 3615 2389 3695 τῷ
2421 3611 2620 3690 ςφέας
2652 3611 2887 3675 αύτούς
2917 3611 3102 3676 αὐτοὶ

437 3717 479 3771 C
517 3712 751 3779 αὑτούς
781 3715 881 3778 καὶ
923 3713 1119 3778 αὐτὸς
1164 3712 1395 3778 αὑτόν·
1445 3712 1498 3795 ᾧ
1545 3712 1872 3778 ἀντέκειτο
1902 3713 1978 3776 τὸ
2009 3712 2179 3792 <μή>
2210 3711 2280 3776 ἐν
2312 3712 2488 3776 δυςὶν
2521 3710 3102 3791 ὀρθοτονουμέναις

517 3815 934 3895 λαμβάνεςθαι
977 3814 1053 3879 τὸ
1097 3814 1296 3879 αὐτόν
1342 3834 1445 3894 μιν
1490 3813 1732 3893 ὁμοίως
1779 3820 1868 3898 τῷ
1912 3814 2112 3892 ςφέας
2157 3812 2410 3877 αὐτούς.
2498 3813 2589 3888 Τρ

648 4102 868 4155 Anava.
948 4106 1011 4154 10
1056 4099 1169 4153 Ubi
1212 4059 1526 4166 compbsita
1560 4098 1772 4166 requiri
1807 4098 2097 4165 videntur,
2143 4100 2328 4168 potius
2375 4100 2404 4153 ἔ
2439 4100 2507 4153 οῦ
2546 4115 2592 4154 e.
2632 4114 2685 4166 q.
2721 4116 2762 4156 s,
2800 4098 3103 4168 cogitando

515 4183 830 4253 supplenda
866 4186 1012 4238 sunt.

650 4418 834 4473 Dmcu,
863 4437 1065 4477 sempr.
1130 4429 1172 4473 1.
1207 4437 1300 4486 μιν
1321 4420 1387 4486 b,
1413 4437 1516 4486 μεν
1536 4422 1579 4475 Α
1616 4426 1698 4484 13.
1722 4421 1774 4476 δ’
1805 4420 1874 4487 b,
1911 4423 1973 4475 δε
1998 4450 2063 4460 -
2089 4423 2132 4476 Α
2164 4424 2173 4486 Ι
2206 4426 2253 4480 ’1.
2281 4422 2457 4489 αὐτῆς
2483 4421 2609 4487 Ab,
2647 4422 2791 4489 αὐτῇ
2828 4420 3105 4474 Homerus

512 4502 662 4572 vulg.
692 4506 703 4570 Ι
731 4510 782 4561 9.
805 4504 1087 4572 ἁρμοςτόν
1112 4503 1356 4574 GUhlig,
1394 4506 1704 4573 ἁρμοςτέον
1728 4504 1820 4559 ΑΙ)
1850 4510 1860 4571 1
1898 4511 2109 4560 12—13.
2136 4507 2277 4560 κατὰ
2313 4507 2456 4560 αὐτὸ
2492 4508 2563 4558 τὸ
2587 4506 2652 4565 b.
2691 4521 2833 4560 κατα
2867 4521 2936 4559 το
2961 4522 3103 4559 αυτο

514 4587 557 4640 Α
622 4589 632 4652 Ι
700 4594 780 4642 13.
824 4592 930 4641 τοῦ
975 4593 1216 4656 ποιητοῦ
1262 4586 1649 4653 RSkneczka,
1701 4594 1824 4642 τῶν
1868 4594 2128 4658 ποιητῶν
2174 4590 2268 4645 Ab
2333 4594 2342 4657 Ι
2408 4597 2488 4646 15.
2534 4592 2607 4643 τά
2658 4591 2722 4643 τ’
2775 4588 3051 4644 Homerus
3095 4591 3103 4658 Ι

518 4676 730 4725 18-19.
770 4674 861 4726 καί
897 4672 991 4726 ἐπὶ
1025 4672 1090 4737 b,
1126 4673 1270 4727 κἐπι
1306 4674 1352 4727 Α
1389 4675 1400 4738 Ι
1447 4678 1528 4726 22.
1565 4674 1717 4741 ἁπλῆ
1754 4674 1789 4738 ή
1827 4673 1895 4740 b,
1932 4678 2086 4742 απλη
2125 4676 2168 4729 Α
2218 4676 2226 4739 Ι
2280 4681 2362 4728 23.
2401 4675 2543 4729 ἀλλὰ
2581 4677 2693 4740 μὴν
2728 4674 2793 4741 b,
2830 4676 2975 4727 αλλα
3011 4690 3104 4738 μιν

514 4758 557 4809 Α
616 4757 628 4824 Ι
684 4760 767 4810 24.
801 4772 977 4809 αυτον
1014 4757 1057 4810 Α
1100 4754 1390 4822 Homerus,
1424 4758 1601 4834 αὐτός
1634 4757 1670 4809 b
1735 4760 1746 4823 Ι
1809 4763 1891 4813 26.
1927 4764 2030 4813 τοῦ
2067 4760 2119 4828 ἶ]
2156 4764 2262 4814 τοῦ
2297 4761 2465 4826 ψιλοῦ
2502 4757 2832 4812 AdeVelsen
2898 4761 2906 4820 Ι
2972 4759 3005 4812 ὁ
3041 4760 3103 4812 δέ

444 4861 449 4866 ·
513 4836 883 4898 RSchneider.
920 4841 952 4893 ὅ
986 4856 1052 4893 τε
1089 4839 1184 4894 Ab
1223 4844 1233 4907 Ι
1274 4848 1354 4894 31.
1391 4846 1476 4910 τῷ
1513 4840 1578 4908 b,
1613 4856 1681 4894 το
1720 4842 1761 4894 Α
1795 4842 1918 4908 132.
1955 4844 2026 4896 τὸ
2062 4845 2136 4908 μὴ
2173 4842 2228 4908 b,
2265 4859 2333 4896 το
2371 4844 2414 4897 Α
