3738 5530
577 336 659 401 88
1512 336 1689 386 ΠΕΡΙ
1727 333 2231 384 ΑΝΤΩΝΤΜΙΑΣ.

1423 455 1466 492 p.
1496 445 1568 483 112
1598 443 1704 492 (372)
1732 444 1765 481 c
1793 443 1819 483 5
1843 462 1897 471 —
1926 441 1999 483 115
2026 441 2136 490 (375)
2162 438 2204 480 A
2231 441 2258 480 8
2283 441 2314 480 b

580 540 683 604 καὶ
736 539 815 602 τὰ
870 539 1128 603 τούτοις
1171 537 1612 618 παραπλήςια,
1669 536 1784 601 κᾶν
1841 536 1918 599 τὸ
1976 535 2229 599 ἐντελὲς
2281 534 2472 612 ἔχωςι
2526 532 2739 611 Λητόα
2782 535 2884 596 καὶ
2926 532 3170 608 Πυθόα,

580 639 938 716 ἀναγκαίως
997 639 1261 718 ώξύνθη.
1372 638 1559 703 ἕνεκα
1618 639 1743 717 γὰρ
1806 637 2048 701 τούτου
2105 637 2206 700 καὶ
2262 635 2536 700 διςτάςαι
2592 637 2706 700 τόν
2767 633 3168 714 Ἀρίςταρχόν

580 762 731 822 φαςι
775 742 920 821 περὶ
962 745 1079 805 τοῦ

1372 840 1469 919 ἠῶ
1516 843 1662 905 δῖαν
1708 840 1915 919 ἔμεινε
1965 841 2012 920 (Ι
2059 838 2236 923 662),

517 964 550 1013 5
584 946 741 1010 καθὸ
786 943 863 1021 ἧν
906 944 986 1009 τὸ
1031 943 1282 1008 ἐντελὲς
1327 942 1469 1022 ἠόα.
1530 978 1613 989 -
1672 941 1744 1006 Αἱ
1797 940 2158 1025 ἀποκοπαί,
2204 940 2319 1006 ἐὰν
2364 940 2598 1021 τύχωςι
2642 943 2954 1019 πτωτικῆς
2987 960 3170 1005 κατα·
3217 957 3378 1010 113A

583 1045 854 1128 λήξεως,
899 1046 1252 1122 κλίνονται,
1298 1043 1581 1126 μάκαρ,
1626 1043 1961 1126 μάρτυρ,
2489 1042 2502 1054 ’

835 1147 1204 1225 γηράντεςςι
1247 1149 1534 1211 τοκεῡςιν
1580 1143 1872 1229 (Hesiod.
1919 1144 1996 1211 Ο.
2042 1143 2121 1208 D.
2176 1143 2352 1225 188)-

583 1248 980 1326 κλιθήςονται
1027 1247 1147 1313 οὖν
1193 1247 1256 1312 αἱ
1300 1248 1709 1327 προκείμεναι
1754 1245 2143 1324 ἀντωνυμίαι
2198 1251 2413 1324 δυϊκῆς
2469 1250 2718 1326 μᾶλλον
2773 1250 3176 1328 καταλήξεωε

584 1355 898 1428 τυχοῡςαι.
959 1387 1034 1396 -
1096 1349 1162 1413 αἵ
1212 1369 1281 1414 τε
1337 1350 1578 1426 γενικαὶ
1622 1349 1839 1414 αὐτῶν
1886 1348 2170 1424 εὐλόγως
2216 1348 2323 1412 διὰ
2365 1353 2482 1413 τοῦ
2526 1352 2548 1413 i
2590 1349 2984 1429 γράφονται,
3043 1348 3174 1425 εἴγε

490 1473 553 1522 10
588 1452 831 1516 παντὸς
876 1455 1100 1516 δυϊκοῦ
1146 1452 1360 1516 εὐθεῖα
1403 1452 1518 1530 μὲν
1563 1453 1636 1515 ἓν
1681 1450 1815 1529 ἔχει
1859 1453 2155 1531 φωνῆεν,
2202 1452 2416 1529 γενικὴ
2462 1453 2533 1515 δὲ
2577 1451 2729 1531 δύο,
2775 1449 2871 1516 ὧν
2914 1452 2990 1516 τὸ
3033 1451 3175 1515 δεύ-

585 1574 776 1632 τερον
828 1556 889 1625 j·
955 1553 1122 1618 ἀλλὰ
1185 1554 1287 1617 καὶ
1346 1552 1987 1632 περιςπαςθήςονται,
2059 1551 2189 1627 εἴγε
2254 1551 2334 1615 τὰ
2399 1551 2676 1619 ὀξύτονα
2740 1556 2873 1618 τῶν
2939 1558 3174 1619 δυϊκῶν
3210 1563 3255 1616 Β

586 1659 961 1735 περιςπᾶται
1004 1655 1162 1719 κατὰ
1205 1654 1481 1733 γενικήν.

757 1756 889 1821 Διὰ
930 1760 1049 1821 τοῦ
1095 1758 1128 1821 ἓ
1171 1756 1210 1833 ἡ
1256 1759 1410 1821 νῶε
1456 1756 1632 1835 παρὰ
1677 1755 2028 1837 Ἀντιμάχῳ
2074 1755 2145 1820 ἐν
2191 1755 2456 1834 Θηβαῖοι

842 1859 1067 1936 ἔδρακε
1112 1848 1240 1923 νῶε
1285 1861 1571 1937 μολοῦςα
1620 1859 1709 1939 (p.
1754 1854 1837 1919 28
1885 1854 2110 1939 Sion)-

409 2004 427 2021 .
493 1981 554 2030 ιε
589 1962 691 2026 καὶ

1476 2136 1487 2143 ‚
1803 2058 1921 2124 τού
1966 2080 2036 2125 τε
2080 2063 2211 2125 νῶε

845 2163 915 2228 ἐν
962 2162 1185 2245 Ἰολάῳ
1235 2162 1509 2241 Κόριννα
1556 2160 1660 2241 (fr.
1713 2160 1790 2224 16
1836 2159 2123 2244 Abi-ene,
2167 2161 2210 2224 5
2257 2159 2472 2245 Bergk
2489 2163 2557 2244 ³).

761 2265 1000 2345 (φωέ.
1087 2264 1254 2341 Αὕτη
1300 2262 1644 2343 αἰτιατικὴν
1689 2263 1894 2344 μόνην
1941 2262 2251 2346 ςημαίνει,

843 2365 934 2430 τίς
977 2366 1096 2446 τάρ
1143 2385 1320 2445 ςφωε
1365 2369 1533 2430 θεῶν
1580 2362 1656 2446 (Α
1701 2364 1768 2448 8)

491 2488 557 2536 20
592 2471 693 2534 καὶ
738 2469 877 2533 ἐπεὶ
921 2468 1184 2546 ςύνηθες
1228 2466 1482 2550 Ὁμήρῳ
1526 2467 1601 2530 τὸ
1646 2469 2101 2547 διςυλλαβοῦν,
2148 2469 2345 2546 ςαφὲς
2390 2465 2487 2531 ὅτι
2532 2468 2635 2532 καὶ
2676 2467 2751 2531 τὸ

1171 2569 1209 2647 ἦ
1252 2569 1344 2633 τίς
1390 2587 1568 2647 ςφωε
1613 2567 1815 2647 πόρεν
1861 2569 2010 2633 θεὸς
2055 2568 2474 2649 ἀντιβολήςας
2519 2568 2593 2648 (Κ
2636 2566 2791 2650 546)

594 2672 674 2735 οὐ
731 2676 847 2735 τοῦ
904 2671 1104 2748 ἔπορε
1157 2671 1232 2734 τὸ
1288 2675 1323 2731 Ξ
1377 2669 1536 2748 ἔχει,
1591 2673 1702 2748 τῆς
1757 2669 2322 2748 δὲ,ἀντωνυμίας,
2384 2670 2594 2735 Ἰακῶς
2651 2670 3020 2748 κεκλιμένου
3062 2674 3181 2735 τοῦ
3219 2680 3260 2735 C

595 2773 889 2853 ῥήματος.
982 2774 1093 2837 Καὶ
1136 2772 1228 2837 ἔτι

851 2873 906 2938 εἰ
948 2875 1031 2952 μή
1076 2873 1254 2953 ςφω’
1294 2871 1524 2937 Αἴαντε
1573 2873 1649 2957 (Ρ
1699 2873 1852 2956 531)
2165 2957 2172 2962 ¹

494 2995 561 3043 25
595 2976 672 3040 τὸ
737 2978 977 3054 πλῆρες
1042 2975 1241 3054 ςφωέ.
1350 2977 1527 3053 παρὰ
1582 2976 1704 3054 γὰρ
1760 2975 2115 3060 Ἀντιμάχῳ
2170 2977 2273 3040 καὶ
2325 2975 2821 3056 μονοςυλλάβως
2878 2975 2949 3041 ἐν
3005 2975 3181 3058 τρίτῃ

597 3077 921 3157 Θηβαίδος
967 3077 1061 3158 (p.
1105 3074 1187 3139 28
1235 3074 1424 3155 Stoll)

846 3177 924 3242 τὸ
966 3178 1069 3241 καί
1113 3198 1255 3257 ςφω
1298 3176 1555 3253 γείνατο
1600 3177 1821 3259 μήτηρ,

737 3412 955 3466 Anovu.
1025 3420 1057 3467 5
1095 3414 1191 3466 Νώ
1229 3413 1357 3480 ςφώ
1393 3413 1608 3466 formae
1646 3411 1897 3466 dualium
1932 3429 2087 3467 more
2115 3412 2444 3479 flectuntur;
2482 3416 2548 3469 ut
2581 3415 2861 3486 genetivie
2898 3416 2957 3470 et
2980 3414 3186 3469 dativis

602 3496 674 3550 ab
711 3497 780 3550 iis
814 3496 1079 3551 derivat-is
1121 3497 1444 3566 imponatur
1487 3495 1901 3563 circumflexus,
1948 3497 2211 3568 analogia
2255 3497 2497 3567 flagitat..
2540 3529 2605 3540 —
2653 3505 2715 3554 18
2753 3498 2948 3553 Dualis
2981 3500 3185 3554 tertiae

600 3598 872 3651 personae
911 3582 1068 3649 ςφωὲ
1112 3580 1255 3634 nihil
1291 3581 1378 3635 est
1418 3580 1526 3634 nisi
1562 3580 1942 3645 accusativum
1990 3599 2135 3650 quae
2180 3584 2363 3637 forma
2405 3599 2520 3637 una
2553 3583 2704 3652 apud
2742 3582 3049 3638 Homerum
3086 3584 3187 3648 eet,

602 3666 753 3734 apud
788 3665 1185 3720 Antimachum
1221 3665 1395 3720 etiam
1429 3668 1556 3734 ςφώ
1592 3665 1817 3735 legitur.

742 3886 921 3940 Drscn.
958 3904 1151 3941 scum.
1226 3893 1272 3940 1.
1312 3902 1494 3953 εχουςι
1530 3887 1573 3940 Α
1605 3887 1693 3955 12.
1729 3839 1865 3942 οξιθόζιι
1903 3885 1960 3939 in
2000 3889 2140 3942 extr.
2186 3888 2281 3944 fol.
2329 3894 2422 3944 176
2447 3906 2522 3970 νελ
2544 3887 2711 3942 ‘Hinc
2747 3888 2844 3943 fol.
2887 3893 2983 3942 185
3006 3905 3050 3947 r,
3088 3888 3188 3942 ubi

601 3989 672 4026 ne
708 3971 835 4040 quis
868 3972 1106 4025 miretur
1140 3971 1516 4039 interruptum
1555 3970 1815 4024 foliorum
1854 3971 2137 4040 ordinem,
2185 3973 2392 4026 factum
2431 3974 2518 4027 est
2551 3971 2767 4026 incuria
2801 3971 3189 4042 compactoris,

603 4057 667 4110 ut
710 4058 967 4110 extrema.
1008 4055 1139 4109 libri
1184 4056 1255 4109 de
1292 4054 1592 4109 Adverbiis
1635 4071 1770 4123 pare
1808 4072 1936 4109 cum
1972 4057 2155 4125 primo
2194 4057 2330 4111 folio
2367 4056 2557 4125 huius,
2603 4057 2700 4126 qui
2748 4057 2818 4111 de
2853 4056 3187 4125 pronomine

604 4142 715 4207 eet,
751 4140 808 4196 h.
844 4140 882 4198 l.
917 4140 1278 4194 insereretur’
1308 4140 1344 4191 b
1370 4140 1428 4191 in
1454 4155 1570 4193 var.
1598 4138 1727 4193 leot.
1759 4144 1768 4205 Ι
1797 4144 1846 4193 3.
1878 4157 2047 4206 φαςιν
2072 4143 2115 4196 Α
2153 4145 2162 4210 Ι
2187 4148 2235 4200 4.
2262 4145 2443 4207 ἔμεινε
2469 4141 2587 4207 Ab,
2624 4143 2852 4208 ἔμιμνεν
2877 4140 3154 4195 Homerus
3179 4145 3184 4204 Ι

604 4232 651 4282 6.
690 4226 831 4278 καθὸ
868 4225 988 4288 Ab,
1026 4224 1211 4278 καίτοι
1247 4222 1470 4276 KLehrs
1510 4227 1519 4287 Ι
1566 4240 1811 4292 τυχωςιν
1847 4225 1890 4278 Α
1932 4231 1941 4290 Ι
1980 4230 2030 4279 8.
2067 4229 2283 4292 μᾶλλον
2317 4226 2465 4281 inter
2499 4228 2603 4281 οὖν
2638 4229 2697 4279 et
2731 4226 2787 4281 αἱ
2822 4226 3188 4294 transponen-

604 4309 739 4363 dum
777 4323 895 4362 esse
931 4310 1123 4363 censet
1155 4306 1510 4376 JGuttentag
1554 4312 1565 4375 Ι
1617 4315 1695 4363 13.
1731 4311 1794 4363 ἐν
1830 4310 2064 4377 Θηβαΐδι
2099 4308 2389 4377 HWStoll‚
2425 4311 2524 4379 qui
2559 4310 2800 4376 dubitat,
2839 4310 3087 4380 possitne
3125 4311 3188 4363 ἐν

605 4395 854 4462 Θήβῃςιν
900 4393 993 4447 vel
1039 4395 1102 4446 ἐν
1139 4394 1327 4461 Θήβῃς
1363 4391 1435 4445 ad
1474 4391 1644 4447 finem
1681 4393 2069 4447 antecedentis
2106 4411 2297 4448 versus
2334 4394 2542 4449 Antim.
2582 4393 2851 4464 relegari,
2900 4396 3190 4461 ενθηβεςιν

606 4477 701 4533 Ab
743 4485 750 4543 Ι
797 4484 876 4535 14.
915 4479 1149 4545 εδρακεν
1185 4480 1227 4532 Α
1280 4481 1291 4543 Ι
1348 4481 1427 4530 16.
1466 4483 1569 4532 τοῦ
1604 4494 1668 4532 τε
1706 4483 1821 4532 νῶε
1855 4477 2137 4532 ABoeokh
2171 4477 2488 4533 HLAhrene
2526 4478 2832 4547 ThBergk,
2870 4495 3039 4533 τουτε
3076 4482 3190 4531 νῶε

606 4563 698 4618 Ab
729 4565 738 4631 Ι
773 4569 849 4620 18.
885 4561 1175 4630 inscriptio
1215 4578 1343 4629 περι
1378 4578 1481 4628 της
1518 4579 1675 4628 ςφωε
1711 4562 1942 4618 maiusc.
1983 4568 2026 4618 A
2058 4564 2068 4629 Ι
2098 4565 2252 4629 ςφωέ
2279 4562 2666 4631 RSkrzeozka,
2712 4568 2872 4630 ςφῶε
2896 4562 2932 4616 b
2962 4564 2974 4632 Ι
3002 4569 3086 4620 20.
3113 4565 3190 4617 δι·

606 4650 921 4713 ςυλλαβοῠν
944 4644 1332 4711 RSln-zeczka,
1371 4649 1716 4712 διςυλλαβεῖν
1742 4645 1834 4700 Ab
1867 4647 1877 4713 Ι
1907 4647 2011 4701 κάν
2046 4653 2131 4717 τῷ
2168 4664 2270 4717 pro
2296 4651 2385 4702 καὶ
2408 4651 2479 4701 τὸ
2505 4646 2862 4703 RSohneider
2890 4650 2900 4712 Ι
2931 4653 3013 4700 21.
3037 4646 3191 4702 Θεῶν

606 4732 730 4785 erat
752 4732 808 4784 in
830 4734 872 4786 A
888 4773 900 4796 ,
929 4748 996 4786 ex
1021 4747 1133 4799 quo
1151 4736 1279 4786 Θεος
1299 4732 1511 4786 factum
1528 4730 1601 4784 ab
1622 4733 1700 4785 A:
1730 4731 1739 4798 Ι
1770 4737 1851 4784 22.
1871 4733 2057 4799 ἔχεται
2076 4747 2179 4800 pro
2197 4733 2308 4799 ἔχει
2327 4731 2687 4787 RSchneider
2715 4736 2724 4800 Ι
2757 4739 2838 4787 23.
2859 4733 3110 4798 ῥήματος
3133 4730 3187 4797 b,

607 4831 884 4883 ςχηματος
921 4816 963 4869 Α
996 4817 1005 4885 Ι
1034 4821 1117 4869 24.
1157 4817 1313 4882 ςφω’
1348 4814 1598 4871 HGStoll
1632 4813 2003 4886 murtena&
2041 4833 2168 4884 ςφω
2194 4815 2288 4871 Ab
2320 4820 2329 4887 Ι
2360 4822 2443 4870 27.
2467 4818 2537 4871 τὸ
2563 4821 2606 4871 Α
2633 4818 2694 4871 et
2715 4815 3014 4883 stton,
3047 4821 3132 4884 τῷ
3153 4814 3189 4868 b
