3738 5530
1269 374 1368 423 DE
1403 372 1741 426 ACCENTV
1780 372 2292 425 PRONOMINVM.
2995 371 3081 435 45

658 576 786 641 Τὰς
842 577 957 655 μὲν
1011 574 1134 641 οὖν
1192 577 1348 641 κατὰ
1399 578 1475 641 τὸ
1532 580 1794 654 πρῶτον
1852 577 1955 640 καὶ
1999 576 2304 654 δεύτερον
2350 576 2734 657 πρόςωπον,
2793 576 3079 654 ςυνήθεις

487 675 709 759 οὔςας,
762 676 1090 757 ςυνέβαινε
1135 682 1435 757 μηδεμιᾶς
1479 679 1791 757 Ζητήςεως
1835 679 2082 759 τυχεῖν,
2127 676 2237 742 ἅτε
2284 679 2361 756 δὴ
2406 680 2539 742 τῶν
2570 678 2685 757 μὲν
2715 675 3078 743 ἀςυνθέτων

404 790 450 843 Β
489 774 1215 859 μεταβατικῶν”οὐςῶν,
1274 785 1408 845 τῶν
1463 782 1535 844 δὲ
1580 781 1906 845 ςυνθέτων
1962 779 2042 844 οὐ
2087 779 2677 860 μεταβιβαζομένων
2724 779 2812 843 εἰς
2857 779 3079 858 ἕτερον
3131 796 3136 801 ’

486 880 857 957 πρόςωπον.
934 881 1048 947 τὰς
1091 883 1308 962 μέντοι
1353 883 1513 945 κατὰ
1554 883 1629 945 τὸ
1676 880 1925 964 τρίτον,
1973 880 2141 957 λέγω
2171 881 2243 944 δὲ
2272 883 2388 960 τὴν
2415 880 2442 943 ἵ
2470 882 2574 946 καὶ
2601 882 2715 946 τὰς
2746 880 3072 965 ςυζύγους,

485 981 759 1061 ἀτριβεῖς
816 981 1039 1065 οὔςας,
1100 983 1327 1062 ςυνέβη
1384 983 1543 1048 κατὰ
1596 984 1672 1047 τὸ
1728 984 2008 1047 παλαιὸν
2064 983 2166 1045 διὰ
2226 987 2367 1062 μιᾶς
2423 986 2651 1062 φωνῆς
2707 981 3077 1064 ἀμφοτέρας
3112 1000 3144 1047 5

483 1084 599 1147 τὰς
657 1083 973 1150 ςυντάξεις
1038 1088 1311 1163 δηλοῦν,
1377 1084 1480 1149 διὰ
1534 1086 1608 1149 τὸ
1666 1085 1819 1149 τοὺς
1874 1083 2170 1163 ποιητάς,
2239 1085 2315 1148 τὸ
2371 1085 2822 1164 πεπατημένον
2879 1084 3076 1149 ἐκκλί-

485 1205 740 1266 νοντας,
787 1184 1009 1250 αὐταῖς
1052 1188 1405 1265 κεχρῆςθαι.

657 1288 786 1366 Χρὴ
842 1286 962 1353 οὖν
1017 1287 1396 1369 ἐφιςτάντας
1440 1293 1515 1372 τῇ
1561 1288 1837 1369 διαβάςει
1894 1291 2012 1354 τοῦ
2058 1287 2368 1368 ῥήματος,
2422 1288 2705 1367 πότερον
2751 1288 2867 1353 ἐπ’
2910 1287 3075 1354 ἄλλο

484 1389 837 1467 πρόςωπον
880 1389 1184 1473 ςυντείνει
1237 1391 1276 1468 ἢ
1322 1390 1428 1454 ἐπὶ
1468 1389 1739 1473 ταύτόν,
1796 1389 2300 1471 μεταλαμβάνειν
2352 1390 2432 1454 τὰ
2475 1394 2606 1454 τῶν
2653 1389 3074 1470 ἀντωνυμιῶν

400 1502 443 1557 C
482 1491 763 1571 ἀςυνήθη
809 1491 898 1557 εἰς
941 1490 1153 1570 ἁπλῆν
1199 1490 1631 1574 ἀντωνυμίαν,
1679 1492 1770 1557 ὡς
1810 1494 1892 1557 τὰ
1936 1490 2343 1573 μεταβατικά,
2387 1492 2426 1569 ἢ
2472 1490 2561 1556 εἰς
2607 1491 2932 1573 ςύνθετον,
2979 1491 3069 1555 ὡς
3114 1508 3173 1555 ιο

481 1593 563 1654 τὰ
606 1591 987 1672 ἀμετάβατα.
1088 1593 1316 1676 Τούτῳ
1371 1596 1496 1672 γὰρ
1553 1600 1643 1677 τῷ
1699 1594 1877 1678 λόγῳ
1932 1595 2038 1658 καὶ
2087 1595 2203 1658 τὰς
2258 1592 2329 1657 ἐν
2374 1593 2715 1670 παραθέςει
2761 1594 2919 1671 μετὰ
2962 1597 3075 1671 τῆς

483 1693 678 1757 αὐτός
721 1694 1205 1773 ἐπιταγματικῆς
1252 1694 1340 1758 εἰς
1386 1695 1688 1761 ςύνθετον
1732 1694 2331 1777 μεταλαμβάνομεν,
2378 1692 2487 1758 ὅτε
2532 1696 2632 1759 καὶ
2676 1696 2754 1759 τὰ
2798 1701 2933 1760 τῶν
2965 1694 3072 1774 ῥη-

484 1796 700 1874 μάτων
746 1796 1034 1878 ἰςάριθμα
1078 1796 1173 1875 εἴη
1218 1798 1318 1861 καὶ
1362 1796 1902 1880 ὁμοιοπρόςωπα,
1947 1797 2232 1876 καθάπερ
2275 1797 2352 1861 τὸ

1311 1900 1377 1964 ςὲ
1418 1900 1542 1979 γὰρ
1587 1899 1788 1979 αὐτὴν
1832 1900 2025 1967 παντὶ
2069 1899 2288 1964 ἐῖςκεις
2332 1901 2395 1977 (ν
2439 1899 2594 1982 313)

485 2001 704 2065 καὶτὸ
966 1992 972 1998 ’
1982 2052 1993 2061 .
2075 2085 2081 2092 .
3104 2016 3165 2064 15

732 2100 967 2168 νόςτον
1014 2103 1310 2183 ἑταίροιςι
1354 2104 1686 2185 διζήμενος
1729 2103 1830 2183 ἠδ’
1874 2103 2015 2185 ἐμοὶ
2058 2103 2236 2187 αὐτῷ
2282 2100 2364 2189 (ψ
2410 2100 2567 2185 253)

295 2225 367 2273 57
392 2217 445 2268 A
483 2204 586 2267 καὶ

733 2305 956 2386 ἐμέθεν
1000 2307 1431 2389 περιδώςομαι
1477 2307 1673 2388 αὐτῆς
1717 2310 1796 2388 (ψ
1845 2307 1974 2391 78),

480 2404 772 2483 εὐλόγως
824 2413 945 2473 τοῦ
987 2409 1290 2474 τοιούτου
1333 2413 2020 2489 παρακολουθοῦντος·
2078 2407 2169 2474 εἷς
2220 2409 2345 2486 γὰρ
2388 2407 2491 2471 καὶ
2536 2404 2573 2470 ὁ
2618 2407 2814 2471 αὐτὸς
2856 2407 2896 2472 ὁ
2941 2413 3070 2472 δια-

477 2509 668 2573 τιθεὶς
723 2511 825 2574 καὶ
877 2509 917 2574 ὁ
975 2513 1424 2592 διατιθέμενος.
1525 2514 1606 2576 τὰ
1660 2513 1878 2590 μέντοι
1944 2510 2015 2575 ἐν
2080 2509 2358 2590 διαβάςει
2423 2508 2649 2588 ἑτέρου
2684 2509 3071 2588 ,προςώπου
3108 2524 3174 2571 20

481 2608 696 2688 ὀρθῶς
740 2611 934 2678 πάλιν
979 2615 1081 2677 καὶ
1125 2615 1282 2678 κατὰ
1325 2614 1477 2678 τοὺς
1521 2613 1826 2694 ἀριθμοὺς
1871 2610 2227 2677 διαλλάςςει
2272 2612 2376 2689 καὶ
2418 2611 2577 2675 κατὰ
2620 2613 2700 2676 τὰ
2729 2611 3067 2691 πρόςωπα·

476 2710 825 2793 ἀδιαφορεῑ
887 2716 1012 2795 γὰρ
1076 2716 1115 2794 ἢ
1184 2716 1299 2781 ἕνα
1365 2719 1526 2800 δρᾷν
1593 2715 1634 2795 ἢ
1684 2714 1977 2799 πλείους,
2044 2716 2083 2794 ἢ
2139 2712 2261 2795 ὑφ’
2326 2712 2473 2780 ἑνὸς
2530 2717 2789 2795 δρᾶςθαι
2845 2715 2884 2793 ἢ
2941 2713 3069 2778 ὑπὸ

477 2814 822 2880 πλειόνων.
922 2817 961 2894 ἢ
1017 2816 1315 2883 πλείονες
1371 2817 1478 2898 ἐμὲ
1535 2817 1914 2900 τύπτουςιν,
1972 2818 2010 2896 ἢ
2069 2814 2226 2895 ὑμᾶς
2269 2814 2447 2899 <εἷς>
2488 2815 2727 2881 τύπτει.
2825 2816 2925 2880 διὸ
2971 2815 3072 2880 καὶ

396 2930 442 2983 Β
477 2917 559 2979 τὰ
603 2916 870 2981 τοιαῦτα
914 2914 1337 2984 ἀςυνέλευςτα
1380 2921 1541 2986 κατὰ
1581 2921 1700 2999 τὴν
1743 2919 2101 2998 παράδοςιν

730 3018 809 3097 ἦέ
849 3038 909 3082 τι
955 3019 1416 3098 Μυρμιδόνεςςι
1464 3021 1878 3104 πιφαύςκεαι,
1926 3020 1966 3099 ἦ
2010 3020 2154 3102 ἐμοὶ
2198 3019 2372 3102 αὐτῷ
2418 3021 2510 3103 (Π
2559 3019 2695 3104 12)·
3104 3045 3171 3093 525

734 3121 836 3184 ςοὶ
880 3120 937 3185 δ’
979 3120 1156 3204 αὐτῷ
1203 3123 1446 3201 μελέτω
1491 3122 1573 3205 (Ο
1618 3122 1803 3207 2231)·

1188 3221 1477 3303 ὁμηλικίη
1523 3224 1580 3289 δ’
1624 3224 1763 3304 ἐμοὶ
1806 3223 1982 3306 αὐτῷ
2032 3224 2099 3307 (γ
2142 3223 2285 3307 49)·

1187 3324 1567 3392 ἀνάςςονται
1613 3326 1669 3391 δ’
1713 3325 1854 3404 ἐμοὶ
1897 3325 2074 3409 αὐτῷ
2119 3329 2183 3406 (δ
2234 3324 2410 3409 177)·
2451 3377 2456 3382 .

1286 3426 1386 3505 ἠδ’
1430 3426 1571 3507 ἐμοὶ
1616 3426 1773 3511 αὐτῇ

736 3527 925 3606 ἕψεαι
970 3523 1052 3611 (Ω
1098 3526 1271 3610 733)
2547 3525 2556 3536 ’
3102 3553 3170 3602 30

734 3627 948 3708 ὤμνυε
993 3629 1064 3693 δὲ
1108 3629 1273 3707 πρὸς
1317 3629 1421 3711 ἔμ’
1465 3629 1665 3695 αὐτόν
1709 3629 1774 3715 (τ
1814 3629 1998 3712 288),

610 3829 830 3886 Aaou.
904 3835 931 3882 1
957 3828 1032 3883 Et
1061 3829 1278 3899 primae
1304 3830 1533 3898 quidem
1559 3832 1620 3885 et
1643 3831 1920 3885 secunda(²
1946 3846 2220 3900 personae
2246 3830 2526 3899 simplicia
2549 3831 2608 3883 et
2631 3829 2942 3898 composita
2962 3845 3065 3881 usu

470 3912 611 3967 satis
655 3913 1071 3980 discernuntur,
1117 3914 1214 3969 sed
1263 3913 1465 3969 tertiae
1509 3914 1788 3984 simplicia
1830 3916 2110 3988 quaedam
2146 3915 2329 3968 minus
2364 3914 2575 3969 usitata
2608 3930 2643 3967 a
2676 3913 2858 3982 poetis
2894 3911 3064 3966 etiam

470 4013 578 4066 pro
631 3996 913 4051 reflexivis
963 4001 1322 4068 usurpantur.
1378 4029 1445 4038 -
1500 4005 1559 4052 11
1607 3999 1791 4065 Quare
1844 4000 1892 4053 si
1944 4001 2035 4054 cui
2078 4016 2189 4055 non
2235 3999 2370 4053 satis
2414 3999 2659 4065 constat,
2715 3996 2861 4052 actio
2906 3996 3065 4049 verbi

470 4083 668 4135 utrum
705 4080 780 4135 ad
813 4097 1111 4151 personam
1146 4083 1433 4151 pertineat
1467 4099 1503 4138 a
1537 4083 1791 4138 subiecto
1826 4083 2136 4152 diversam,
2184 4100 2253 4138 an
2303 4083 2374 4137 ad
2412 4083 2594 4152 ipsum
2630 4081 2945 4136 subiectum
2979 4096 3063 4134 re-

471 4164 762 4232 flectatur,
800 4165 847 4219 is
881 4165 938 4219 in
974 4167 1371 4236 pronominum
1407 4166 1807 4221 inusitatorum
1846 4168 2030 4223 locum
2068 4169 2375 4224 substituat
2407 4168 2632 4221 usitata.

610 4351 813 4409 Dinon.
852 4369 1049 4410 scam.
1122 4360 1171 4408 1.
1204 4354 1307 4409 τὰς
1343 4355 1446 4421 μὲν
1482 4355 1608 4424 οὖν]
1647 4354 1742 4408 fol.
1784 4360 1879 4408 161
1904 4372 1948 4413 r.
2016 4356 2027 4423 Ι
2076 4372 2145 4410 το
2179 4358 2253 4422 Α,
2292 4372 2354 4409 τε
2389 4356 2458 4408 τὸ
2498 4357 2531 4408 b
2582 4358 2593 4421 Ι
2659 4360 2706 4408 2.
2746 4358 3063 4420 ςυνεβαινεν

471 4439 514 4491 Α
584 4437 595 4503 Ι
667 4441 716 4490 5.
753 4435 977 4492 litterae
1020 4454 1070 4493 ει
1113 4438 1267 4492 vocis
1309 4442 1550 4506 ατριβεις
1587 4455 1656 4493 ex
1691 4456 1727 4507 η
1764 4441 2049 4494 correctae
2095 4440 2154 4492 in
2192 4440 2234 4493 A
2300 4441 2309 4505 Ι
2373 4444 2420 4495 6.
2458 4441 2546 4493 διὰ
2583 4440 2654 4492 τὸ
2688 4441 2824 4493 τοὺς
2859 4438 2924 4506 b,
2972 4441 3063 4493 δια

466 4537 646 4574 τουτο
681 4537 814 4575 τους
852 4522 897 4575 Α
950 4524 959 4590 Ι
1011 4528 1061 4577 9.
1100 4523 1193 4577 ἐπὶ
1226 4523 1444 4577 ταύτόν
1479 4522 1543 4589 b,
1585 4540 1655 4577 επ
1691 4539 1833 4578 auro
1872 4527 1915 4579 A
1970 4526 1979 4590 Ι
2035 4529 2113 4577 10.
2147 4524 2396 4591 ἀςυνήθη
2432 4524 2468 4576 b
2505 4523 2564 4575 in
2600 4539 2717 4576 var.
2755 4523 2916 4589 lect,
2963 4522 3061 4575 ubi

466 4604 611 4659 haee
654 4603 950 4675 proponit:
996 4604 1425 4676 ‘corrigendum
1472 4607 1732 4673 fortasse,
1779 4609 1852 4662 τὰ
1888 4613 2009 4662 τῶν
2045 4609 2424 4673 ἀντωνυμιῶν
2460 4608 2709 4674 ἀςυνήθη
2745 4609 2780 4673 ἢ
2819 4606 2900 4661 εἰς
2937 4608 3060 4661 ςύν-

466 4694 694 4758 θετον’,
730 4691 941 4759 ςυνηθη
975 4690 1052 4744 id.
1086 4690 1146 4744 in
1180 4692 1342 4744 textu
1376 4707 1503 4745 oum
1541 4695 1584 4747 A
1627 4694 1636 4760 Ι
1680 4698 1756 4745 13.
1792 4693 1863 4745 τὸ
1900 4693 1963 4758 b,
2001 4709 2090 4747 και
2126 4709 2195 4747 το
2230 4695 2275 4748 Α
2330 4694 2339 4758 Ι
2392 4698 2475 4747 22.
2499 4691 2718 4746 litteras
2755 4694 2882 4745 πλει
2909 4690 3061 4745 vocis

466 4778 703 4830 menone
756 4791 900 4829 corr.
950 4777 1046 4842 w,
1101 4774 1235 4843 quid
1293 4776 1425 4829 ante
1468 4775 1642 4829 fuerit
1683 4791 1796 4830 non
1840 4776 2025 4844 liquet
2087 4779 2096 4843 ι
2160 4761 2367 4830 ‘assere
2421 4775 2596 4830 adicit
2647 4776 3011 4832 Rskrzeozka
3051 4787 3057 4844 5

463 4865 550 4917 25.
588 4861 624 4925 ἣ
665 4860 790 4926 ἐμοὶ
823 4859 861 4914 b
898 4857 1204 4925 Homerus,
1240 4860 1338 4925 ηδ’
1372 4876 1493 4925 εμοι
1529 4862 1574 4915 Α
1622 4862 1632 4927 1
1678 4865 1760 4916 27.
1796 4863 2037 4929 ομιλικιη
2074 4863 2119 4916 Α
2150 4865 2160 4929 Ι
2191 4867 2272 4915 29.
2307 4861 2397 4927 ἠδ’
2433 4859 2555 4928 Ab,
2591 4863 2627 4928 ἢ
2667 4861 2943 4917 Homerus
