3738 5530
2290 285 2335 318 0

664 395 784 460 198
1573 397 1762 448 ΠΕΡι
1789 395 2349 448 ΕΠΙΡΡΗΜΑΤῼΝ.

1673 519 1716 555 p.
1742 509 1832 556 611,
1861 508 1911 546 21
1939 526 1988 536 -
2016 506 2107 555 613,
2135 504 2186 546 ²0
2213 507 2243 545 b

663 579 860 684 βαίνω
908 600 988 665 οὐ
1034 600 1404 679 παράκειται
1450 601 1524 666 τὸ
1571 600 1882 683 ἐμβαδὸν,
1936 601 2183 681 μᾶλλον
2241 601 2313 665 δὲ
2355 606 2447 684 τῷ
2506 604 2597 681 βῶ
2642 601 2680 679 ἢ
2728 598 2963 683 βίβημι,
3024 601 3115 666 ὡς
3158 608 3249 684 τῷ

659 703 808 768 ἱςτῶ
852 703 1055 781 ἵςτημι
1098 703 1175 766 τὸ
1220 704 1469 767 ςταδόν.

827 804 921 869 Τὰ
966 804 1055 870 εἰς
1099 790 1217 882 δῖν
1263 805 1333 869 ἐν
1381 805 1599 889 βαρείᾳ
1644 804 1814 869 τάςει
1860 804 2006 888 ἐςτί,
2053 805 2156 869 καὶ
2199 803 2553 883 παράγεται
2582 804 2685 868 καὶ
2715 802 2847 869 ἀπὸ
2883 802 3248 888 ὀνομάτων,

662 906 753 972 ὡς
796 913 888 989 τῷ
933 907 1129 982 λόγος
1173 907 1247 970 τὸ
1294 906 1579 984 λογάδην
1624 907 2015 988 παράκειται,
2061 906 2261 986 μόνος
2289 905 2598 986 μονάδην,
2643 905 2877 985 τρόχος
2905 906 3246 989 τροχάδην,
3300 923 3350 962 ²⁵

511 1007 516 1012 ’
593 1025 625 1072 5
662 1008 901 1086 ςπόρος
947 1007 1291 1086 ςποράδην.
1351 1009 1390 1086 ἢ
1435 1008 1613 1087 παρὰ
1658 1007 1843 1087 ῥῆμα,
1899 1008 2004 1072 διὰ
2047 1007 2164 1074 ’τοῦ
2202 995 2252 1071 ’δ
2286 1008 2387 1072 καὶ
2430 1011 2547 1072 τοῦ
2589 1012 2936 1085 ςυγγενοῦς
2961 996 3010 1086 β
3045 1028 3248 1087 παρα-

662 1109 1153 1189 λαμβανομένου
1211 1109 1281 1175 ἐν
1335 1111 1559 1193 πρώτῃ
1613 1111 1898 1194 ςυζυγίᾳ,
1955 1111 2207 1175 κλέπτω
2264 1110 2564 1191 κλέβδην,
2630 1109 2888 1188 κρύπτω
2948 1109 3246 1192 κρύβδην,

658 1210 894 1291 γράφω
960 1211 1277 1293 γράβδην,
1345 1210 1526 1276 ὄπτω
1594 1210 1794 1292 ὄβδην
1855 1212 1960 1276 καὶ
2022 1211 2312 1291 ἐςόβδην.
2399 1213 2502 1275 καὶ
2556 1211 2732 1289 παρὰ
2785 1211 2941 1275 τοὺς
3007 1210 3094 1275 εἰς
3159 1199 3247 1278 ἷῶ

661 1313 976 1390 λήγοντας
1034 1313 1387 1391 μέλλοντας
1443 1315 1549 1378 διὰ
1591 1318 1711 1378 τοῦ
1766 1301 1876 1392 γ-δ,
1936 1314 2150 1380 πλέξω
2195 1314 2512 1392 πλέγδην,
2568 1312 2722 1391 μίξω
2768 1311 3023 1394 μίγδην,
3076 1312 3246 1378 νύξω
3296 1330 3349 1369 ³⁰

659 1413 921 1493 νύγδην.
983 1416 1084 1477 καὶ
1113 1415 1288 1494 παρὰ
1316 1417 1433 1493 τὴν
1465 1415 1755 1494 πέμπτην
1797 1417 1868 1480 δὲ
1901 1418 2214 1492 ςυΖυγίαν,
2260 1413 2424 1493 αἴρω
2459 1412 2685 1494 ἄρδην,
2732 1414 2925 1494 φύρω
2972 1413 3245 1494 φύρδην.

563 1530 626 1579 10
663 1516 763 1580 καὶ
808 1516 983 1595 παρὰ
1025 1517 1102 1582 τὸ
1148 1516 1277 1581 ςύω
1323 1518 1396 1582 δὲ
1437 1518 1512 1581 τὸ
1560 1516 1782 1596 ςύδην·
1829 1515 1992 1596 ὅπερ
2038 1516 2465 1595 ἐςχημάτιςτο,
2513 1516 2583 1580 ἐκ
2627 1515 3014 1595 μεταθέςεως
3055 1521 3171 1581 τοῦ
3204 1519 3240 1581 ἒ

662 1616 748 1682 εἰς
803 1617 879 1681 τὸ
926 1621 992 1695 s),
1052 1619 1226 1697 παρὰ
1269 1620 1342 1682 τὸ
1391 1618 1543 1696 ςέω,
1601 1617 1727 1698 ἀφ’
1771 1617 1850 1682 οὗ
1897 1620 1999 1682 καὶ
2040 1619 2115 1683 τὸ
2174 1617 2352 1692 ςόος,
2409 1617 2626 1683 καθότι
2681 1617 2782 1682 καὶ
2832 1622 2925 1701 τῷ
2986 1618 3114 1698 ῥέω
3168 1619 3244 1684 τὸ
3283 1631 3383 1681 612

662 1719 798 1799 ρύω
853 1719 1256 1797 παράκειται,
1310 1718 1436 1800 ἀφ’
1493 1719 1572 1784 οὗ
1627 1720 1728 1784 καὶ
1781 1720 1856 1785 τὸ
1917 1719 2155 1801 ῥύβδην
2208 1719 2313 1784 καὶ
2367 1718 2729 1798 ὁλόκληρον
2775 1718 2862 1783 εἰς
2906 1724 2989 1784 {W
3047 1723 3246 1798 λῆγον

663 1820 893 1898 ῥυδόν·
941 1821 1041 1885 καὶ
1085 1822 1261 1900 παρὰ
1304 1823 1379 1886 τὸ
1425 1821 1568 1906 κύω,
1608 1821 1685 1886 τὸ
1729 1821 1954 1901 χύδην.
2018 1822 2418 1900 ςεςημείωται
2463 1821 2539 1885 τὸ
2587 1821 2798 1901 βύζην,
2841 1823 2943 1887 καὶ
2988 1824 3094 1887 διὰ
3129 1824 3245 1900 τὴν
3328 1895 3333 1900 ,

661 1921 909 1986 ἔκταςιν
965 1926 1083 1987 τοῦ
1129 1927 1193 1998 ῡ,
1250 1923 1351 1986 καὶ
1409 1925 1514 1988 διὰ
1557 1925 1671 2002 τὴν
1727 1925 1933 2003 μονὴν
1986 1927 2103 1988 τοῦ
2152 1911 2212 1989 ἶ.
2288 1923 2387 1986 καὶ
2430 1922 2606 2000 παρὰ
2663 1922 2829 2001 ῥῆμα
2886 1925 2957 1988 δὲ
3006 1924 3082 1988 τὸ
3129 1923 3244 2003 ῥῶ,
3298 1946 3325 1986 5

565 2034 626 2083 15
663 2023 790 2103 ἀφ’
849 2022 928 2087 οὗ
983 2023 1059 2088 τὸ
1117 2024 1315 2105 ῥητόν
1367 2026 1469 2089 καὶ
1525 2024 1842 2109 ἄρρητον,
1909 2025 2280 2104 παράκειται
2336 2024 2412 2088 τὸ
2480 2023 2708 2103 ῥήδην,
2775 2024 2935 2090 καθὸ
3000 2027 3101 2089 καὶ
3155 2031 3246 2108 τῷ

657 2126 877 2203 τμήγω
930 2127 1004 2190 τὸ
1063 2127 1324 2206 τμήδην.
1400 2126 1693 2206 φαίνεται
1750 2127 1847 2191 ὅτι
1894 2128 1998 2192 καὶ
2039 2132 2132 2211 τῷ
2158 2126 2324 2203 ·ἥδω
2381 2127 2456 2191 τὸ
2513 2125 2674 2206 ἥδην
2726 2126 3095 2205 παράκειται
3149 2128 3251 2191 καὶ

659 2226 837 2306 ἅδην.
915 2229 1017 2292 καὶ
1059 2230 1236 2309 παρὰ
1280 2229 1359 2293 τὰ
1403 2227 1489 2293 εἰς
1531 2232 1599 2306 ᾖ
1643 2229 1926 2307 λήγοντα
1982 2229 2148 2293 ἔςτιν
2198 2227 2512 2305 εύρέςθαι,
2573 2228 2775 2308 βίβημι
2832 2228 3063 2308 βάδην,
3116 2229 3248 2307 ἵημι

660 2328 859 2407 ἀέδην
904 2330 1004 2393 καὶ
1048 2329 1309 2410 ἀνέδην.
1376 2329 1506 2394 ἔδει
1552 2329 1672 2395 οὖν
1717 2331 1818 2394 καὶ
1861 2332 2037 2408 παρὰ
2081 2330 2156 2395 τὸ
2200 2328 2420 2410 πρίημι
2464 2329 2539 2393 τὸ
2584 2329 2861 2408 πριάδην
2907 2329 3246 2409 ἐπιρρημα-
3305 2354 3358 2392 ιο

657 2434 830 2509 τικῆς
876 2431 1190 2509 ἐχόμενον
1237 2433 1611 2498 ςυντάξεως.

560 2542 627 2594 20
830 2532 973 2597 Ὀτι
1018 2533 1449 2612 πρωτότυπόν
1507 2533 1635 2599 ἐςτι
1676 2538 1807 2600 τῶν
1853 2535 1943 2599 εἰς
2000 2537 2089 2599 ιῖΓς
2145 2533 2482 2613 ληγόντων
2536 2533 2614 2597 τὸ
2672 2532 2822 2609 ἕως,
2880 2535 3112 2612 δῆλον,
3172 2534 3250 2599 οὐ

661 2635 784 2714 μὴν
827 2635 904 2698 τὸ
950 2634 1378 2714 ἰςοδυναμοῦν
1436 2635 1630 2713 εἰςὸ,
1692 2638 1851 2702 καθὸ
1898 2639 2001 2702 καὶ
2044 2636 2115 2702 ἐν
2159 2636 2334 2714 τόνω
2381 2636 2483 2699 καὶ
2527 2635 2598 2699 ἐν
2644 2634 2954 2714 πνεύματι
3003 2634 3250 2701 ἐπιςτά-

661 2755 820 2800 ςεως
865 2736 1099 2803 ἐδέετο.
1159 2736 1231 2803 ἐν
1274 2737 1584 2820 πνεύματι
1628 2740 1742 2818 μὲν
1776 2737 1920 2821 οὖν,
1971 2739 2061 2805 ὡς
2107 2737 2429 2803 ἀδύνατόν
2478 2736 2601 2802 ἐςτι
2646 2738 2764 2811 τὴν
2811 2737 2882 2802 ἐν
2927 2739 3249 2818 φωνήεντι
3305 2760 3358 2801 15

660 2841 918 2904 baccione
976 2838 1083 2904 ἐπὶ
1135 2839 1363 2905 τέλους
1423 2840 1744 2920 εύρέςθαι·
1805 2841 1876 2905 ἐν
1933 2841 2106 2922 τόνῳ
2164 2841 2266 2917 δέ,
2323 2838 2493 2903 καθὸ·
2539 2838 2803 2916 οὐδεμία
2858 2841 3021 2905 λέξις
3058 2834 3168 2907 ἐἰς
3212 2845 3251 2907 ὃ

660 2940 942 3026 λήγουςα
997 2941 1195 3006 τόνου
1253 2940 1464 3021 ἔχεται
1519 2945 1638 3007 τοῦ
1696 2941 1913 3024 ὀξέος,
1972 2944 2075 3006 καὶ
2130 2941 2321 3008 ἕνεκά
2372 2961 2447 3017 γε
2491 2941 2731 3007 τούτου
2787 2943 2864 3006 τὸ
2910 2941 3070 3007 αὐτό
3115 2943 3252 3021 ἐςη·

561 3049 628 3099 25
664 3044 951 3119 μειοῦτο,
998 3042 1148 3121 περὶ
1192 3039 1272 3106 ού
1318 3041 1558 3123 εἴρηται
1601 3043 1745 3123 περὶ
1788 3048 1921 3109 τῶν
1967 3044 2411 3124 ἀντωνυμιῶν.
2472 3043 2570 3107 ὅτι
2615 3044 2730 3123 μὲν
2776 3042 2896 3108 οὖν
2943 3046 3045 3109 καὶ
3086 3043 3253 3110 ἄλλα

659 3141 1026 3221 ἐςημειοῦτο
1085 3143 1273 3209 ἕνεκα
1326 3148 1442 3208 τοῦ
1500 3145 1603 3209 ἐπὶ
1659 3145 1887 3210 τέλους
1943 3144 2342 3227 πνεύματος,
2401 3142 2640 3224 εἴρηται
2694 3145 2797 3209 καὶ
2853 3146 2924 3212 ἐν
2969 3153 3060 3228 τῷ
3106 3148 3250 3225 περὶ
3296 3167 3359 3205 ⁴20

664 3243 914 3310 δαςείας
958 3245 1058 3309 καὶ
1103 3249 1298 3326 ψιλῆς
1344 3294 1611 3312 .....

661 3384 752 3391 ·———
765 3386 1053 3392 ——————.

793 3446 1012 3502 Anava.
1087 3452 1134 3503 3.
1174 3446 1461 3502 Adverbia
1494 3448 1551 3501 in
1586 3436 1691 3516 &fiir
1727 3447 2009 3516 barytona
2040 3448 2196 3511 sunt:
2244 3447 2573 3501 derivantur
2617 3449 2677 3501 et
2719 3464 2754 3501 a.
2797 3449 3140 3516 nominibus,
3181 3451 3237 3504 et

663 3530 698 3567 a
731 3514 935 3569 verbis.
973 3543 1038 3554 ·—
1075 3521 1141 3571 20
1171 3515 1296 3571 Είςδ
1330 3516 1582 3571 notabile
1620 3516 1680 3570 et
1712 3518 1950 3585 propter
1984 3514 2408 3584 aspirationem,
2449 3517 2509 3568 et
2540 3516 2776 3585 propter
2812 3519 3124 3572 accentum.

859 3640 1064 3647 *—

793 3699 1023 3761 Tam-m.
1108 3707 1167 3757 18
1210 3701 1297 3760 Et.
1342 3700 1418 3755 Μ.
1459 3708 1582 3769 133,
1633 3707 1694 3755 17
1740 3694 2061 3770 ἆπριοῖτην·
2107 3703 2343 3770 πρίημι,
2403 3701 2467 3757 τὸ
2504 3699 2835 3774 παθητικὸν
2870 3707 3146 3774 πρίαμαι.
3187 3700 3249 3759 τὸ

660 3781 863 3853 ἔπίρρη
913 3806 949 3840 α
985 3780 1283 3856 ἆπριάὸην
1321 3787 1420 3841 καὶ
1457 3785 1637 3857 τροπῇ
1675 3785 1777 3841 τοῦ
1816 3773 1856 3840 3
1893 3784 1977 3849 εἰς
2006 3775 2043 3841 ἶ
2079 3780 2400 3869 ἆπριοῖξηνς
2448 3788 2514 3845 cf.
2553 3789 2631 3847 ib.
2673 3795 2792 3855 132,
2827 3796 2910 3847 46.
2954 3819 3023 3829 -
3066 3789 3250 3846 801101.

660 3853 758 3906 BL
812 3870 847 3907 a
937 3856 983 3907 A
1030 3860 1096 3909 99
1140 3850 1460 3924 ἀπριάτην·
1520 3851 1982 3923 ἔπιρρηματιιιῶς
2038 3849 2184 3909 αὐτὸ
2242 3856 2448 3911 ακούει
2500 3851 2893 3922 Ἀπολλώνιος,
2951 3850 3030 3911 ἵν’
3090 3848 3125 3928 ᾖ
3186 3855 3247 3912 τὰ

694 3921 826 3990 ωρὶς
861 3925 1152 3991 πριασμοῦ
1192 3920 1324 3978 ἀντὶ
1359 3925 1461 3977 τοῦ
1496 3915 1809 3991 ἆπριάδην.
1873 3921 1953 3976 cf.
1987 3922 2171 3991 Apoll.
2198 3920 2365 3990 Soph.
2393 3930 2485 3987 39,
2510 3931 2591 3977 25.
2652 3924 2752 3994 Ep.
2780 3924 2866 3979 Cr.
2901 3932 2993 3990 23,
3023 3931 3104 3984 16.
3162 3924 3250 3979 Et.

655 3941 734 4043 ᾗ.
777 3994 901 4055 132,
925 3995 1007 4043 46.
1051 3996 1161 4054 137,
1193 3996 1269 4044 17.
1330 3989 1514 4048 801101.
1541 3993 1575 4073 ξ
1598 3997 1714 4048 317.
1740 4020 1799 4029 -
1827 3996 1892 4044 27
1919 3989 2100 4044 801101.
2129 3988 2229 4042 BL
2256 3989 2326 4043 ad
2357 3993 2390 4046 Γ
2415 3998 2514 4046 409
2542 3987 2757 4046 εἰσόκε·
2787 3989 2849 4047 ἐκ
2875 3994 2975 4062 τῆς
3004 3994 3085 4055 εἴς
3111 4013 3246 4059 προ·

657 4054 895 4120 θέσεως.
956 4057 1055 4112 καὶ
1092 4059 1193 4113 τοῦ
1229 4050 1263 4113 ὅ
1287 4052 1515 4145 ἄρθρου
1543 4058 1913 4127 αναφσρικοῦ
1937 4057 2036 4112 καὶ
2063 4060 2163 4112 τοῦ
2190 4058 2290 4110 κέν
2318 4057 2665 4129 συνδέσμου.
2719 4058 2836 4114 ἔστι
2866 4057 2931 4115 δὲ
2958 4056 3059 4115 ἐπί
3092 4080 3245 4131 ρημα

660 4120 870 4194 χρόνου
909 4119 1248 4196 δηλωτικόν.
1323 4127 1606 4193 αποροῦσι
1644 4125 1712 4181 δέ
1750 4144 1902 4187 τινες
1941 4125 1995 4180 εἰ
2028 4121 2092 4180 τὸ
2132 4120 2357 4181 εἰσόκεν
2397 4124 2457 4181 ἐν
2497 4125 2775 4182 συνθέσει
2811 4120 3029 4198 ἐστὶνῆ
3088 4151 3119 4183 ν
3145 4149 3251 4182 πα-

659 4191 926 4259 ραθέσει·
967 4193 1066 4248 καὶ
1105 4192 1345 4264 λέγομεν
1380 4185 1470 4251 ὅτι
1506 4191 1567 4250 ἐν
1606 4193 1954 4262 παραθέσει.
2025 4191 2221 4247 κανών
2257 4190 2365 4261 γάρ
2403 4190 2558 4249 ἐστιν
2595 4194 2625 4249 ὁ
2670 4193 2847 4265 λέγων
2885 4187 2976 4251 ὅτι
3011 4194 3073 4251 τὸ
3114 4194 3196 4259 εἰς
3223 4201 3258 4251 ἓ

663 4259 915 4341 ᾆήγοντα
960 4280 992 4329 χ
1031 4260 1203 4341 egeno}
1252 4258 1612 4333 ἐπιρρήματα
1662 4260 1945 4343 θέλουσιν
1994 4259 2146 4347 ἔχειν
2186 4259 2295 4325 πρὸ
2344 4262 2446 4316 τοῦ
2488 4265 2513 4317 ἒ
2548 4260 2612 4318 τό
2648 4271 2711 4330 ἴ,
2758 4259 2945 4319 ἐνίοτε
2984 4260 3253 4320 ἑκάστοτε

661 4331 889 4392 azzon,
927 4348 1000 4381 κα
1063 4350 1152 4384 οτι
1188 4326 1475 4386 οὕδέποτε
1510 4325 1639 4385 κατ’
1677 4326 1860 4399 ἀρχάς
1898 4350 1928 4384 ο
1956 4331 2277 4398 συνδεσμος
2312 4334 2653 4387 συντίθεται
2691 4336 2808 4386 κτλ.

793 4530 985 4585 stcn.
1022 4550 1228 4586 sempr.
1286 4537 1335 4586 4.
1370 4539 1455 4602 τῷ
1493 4535 1662 4598 λόγος
1698 4531 1753 4599 b,
1792 4547 1860 4584 το
1898 4533 2068 4596 λογος
2105 4532 2148 4585 Α
2195 4532 2204 4599 Ι
2242 4538 2319 4586 11.
2366 4534 2493 4588 ςόος
2520 4532 2897 4600 ChALobeck‚
2933 4550 3067 4589 ςοον
3103 4533 3197 4589 Ab
3243 4536 3251 4603 1

664 4623 739 4669 12.
774 4618 985 4684 ῥύβδην
1022 4615 1270 4688 (ustaig,
1310 4618 1484 4685 ῥυτόν
1519 4618 1613 4673 Ab
1666 4620 1677 4683 1
1735 4620 1811 4672 16.
1848 4617 2004 4683 ηδειν
2038 4632 2141 4685 pro
2178 4619 2322 4686 ἤδην
2360 4620 2401 4672 Α
2448 4622 2465 4685 1
2500 4623 2599 4672 ·18.
2639 4618 2836 4687 πρίημι
2872 4617 3255 4688 ChALobeok,

658 4702 853 4770 πρίαμι
890 4700 983 4755 Ab
1016 4702 1026 4766 Ι
1056 4704 1296 4771 πριάδην
1333 4702 1426 4757 ΑΙ)
1460 4703 1520 4755 in
1553 4701 1741 4766 textu,
1778 4699 2057 4767 ἀπριάδην
2082 4701 2118 4754 1)
2154 4701 2212 4754 in
2249 4717 2365 4758 var.
2395 4702 2520 4759 lect.
2555 4704 2563 4769 Ι
2594 4708 2675 4756 21.
2703 4703 2818 4758 είςὸ
2854 4702 3097 4771 KLehrS,
3136 4703 3257 4759 εἰςό

660 4787 698 4839 b
729 4788 850 4851 121.
890 4789 1065 4842 οξεως
1103 4787 1144 4839 Α
1187 4788 1194 4853 Ι
1234 4793 1316 4843 25.
1355 4803 1481 4853 περι
1518 4788 1587 4851 Α,
1634 4784 1738 4854 (ἐν
1772 4786 1900 4851 τῷ)
1938 4787 2065 4852 περὶ
2102 4785 2138 4838 b
2179 4790 2188 4851 Ι
2228 4791 2308 4839 26.
2348 4788 2708 4855 ἑςημεινοῦτο
2745 4787 2862 4854 ΑΙ),
2910 4789 3259 4855 ςημειωτέον

662 4870 886 4941 GUhlig
921 4873 931 4939 Ι
965 4876 1042 4928 27.
1079 4870 1140 4924 in
1176 4873 1220 4926 Α
1255 4872 1387 4940 post.
1420 4873 1591 4939 ψιλης
1625 4869 1731 4925 1100
1765 4870 1989 4942 signum
2027 4871 2114 4924 est
2148 4875 2210 4938 ·>⁰<-
