3738 5530
618 363 1064 420 Commentarius
1091 364 1319 420 criticus
1349 365 1409 419 et
1435 364 1758 434 exegeticus
1786 363 1845 419 in
1873 363 2163 435 Apollonii
2190 363 2422 434 Dyscoli
2450 364 2663 435 scripta
2687 363 2921 420 minora.
2996 363 3124 429 237

504 536 843 611 suspicatur
886 534 1071 594 Lentz
1108 534 1146 593 l.
1177 552 1222 595 s.
1251 553 1296 595 s.
1369 534 1462 594 Ex
1505 533 1814 611 Apollonii
1859 533 2134 593 doctrina
2176 534 2473 594 fluxerunt
2516 534 2664 594 haec
2709 533 2824 592 EM
2871 535 3021 609 321,
3040 535 3124 594 48

504 617 635 684 ἀπὸ
680 623 800 684 τοῦ
848 619 1015 684 ἑκών
1061 619 1303 694 γίνεται
1351 619 1573 695 ἑκάζω,
1622 621 1725 684 καὶ
1770 619 1997 695 ἑκαςτί,
2046 619 2134 684 ὡς
2181 619 2457 698 Δωρίζω
2496 620 2802 699 Δωριςτί·
2875 619 2980 684 καὶ
3026 619 3124 684 ἐκ-

501 709 674 774 τάςει
720 712 839 773 τοῦ
887 710 930 773 ἇ
976 708 1066 775 εἰς
1110 710 1180 788 ἦ,
1226 708 1331 773 καὶ
1377 709 1673 792 ἀποβολῇ
1718 713 1837 774 τοῦ
1884 710 1948 784 ἔ,
2006 708 2137 788 ἅμα
2183 710 2285 773 καὶ
2331 707 2696 789 ἀναβιβάςει
2744 711 2862 774 τοῦ
2907 709 3125 785 τόνου,

502 797 692 878 ἕκητι.
756 802 837 862 ib.
870 805 972 879 19,
994 803 1077 862 33
1128 798 1254 862 ἔςτι
1292 797 1461 878 ῥῆμα
1497 797 1766 865 ἀεκάζω.
1824 798 1891 865 ἐξ
1933 798 2135 863 αὐτοῦ
2174 798 2490 878 ἐπίρρημα
2527 798 2798 874 ἀεκαςτί,
2846 797 2936 863 ὡς
2973 798 3125 863 Δω-

503 888 655 968 ρίζω
691 887 1000 965 Δωριςτί·
1073 887 1179 951 καὶ
1222 887 1386 952 κατὰ
1422 887 1761 968 ἀποβολὴν
1797 891 1917 952 τοῦ
1954 889 1990 951 Ε
2027 886 2262 952 ἀεκατί.
2337 889 2443 952 καὶ
2487 893 2694 973 τροπῇ
2738 887 2977 971 Ἰωνικῇ
3023 888 3129 951 καὶ

504 976 869 1057 ἀναβιβάςει
928 980 1046 1042 τοῦ
1106 977 1307 1042 τόνου
1370 976 1604 1056 ἀέκητι.
1709 976 1781 1041 (Η
1844 977 1970 1057 γὰρ
2032 976 2328 1057 ἀποβολὴ
2390 976 2700 1042 πολλάκις
2760 976 3127 1058 ἀναβιβάζει

502 1067 656 1132 τοὺς
700 1067 955 1132 τόνους.
1046 1070 1137 1130 De
1180 1070 1294 1129 hac
1338 1091 1403 1131 re
1449 1070 1720 1147 disputat
1764 1070 1909 1130 Lob.
1947 1070 2167 1130 Parall.
2210 1072 2334 1130 156
2358 1088 2485 1149 sqq.

685 1179 832 1253 233,
853 1179 937 1238 30
975 1172 1355 1252 οὐταςμένοι
1392 1173 1763 1256 οὐτάμενοι]
1805 1177 1937 1237 adv.
1973 1178 2118 1251 135,
2141 1179 2198 1236 4.
2258 1177 2398 1237 Her.
2427 1177 2459 1237 I
2489 1179 2757 1253 471,16.
2804 1176 2869 1236 Π
2899 1179 3000 1253 78,
3025 1181 3125 1237 11.

508 1269 654 1342 299,
677 1268 790 1342 213
834 1266 951 1326 EM
981 1267 1131 1342 642,
1153 1267 1252 1328 50.
1287 1268 1432 1342 258,
1456 1268 1524 1343 83
1569 1265 1821 1327 Phavor.
1855 1268 1960 1343 80,
1980 1268 2049 1343 83
2085 1268 2295 1328 Zonar.
2327 1268 2485 1343 6803
2528 1267 2712 1327 Lehrs
2740 1258 2954 1327 Arist.²
2981 1268 3127 1326 255.

686 1375 890 1449 234,1
943 1373 1017 1434 cf.
1055 1377 1211 1452 synt.
1252 1375 1536 1450 343,18;
1597 1373 1729 1434 adv.
1773 1375 1921 1449 135,
1941 1377 1997 1433 4.
2051 1377 2150 1434 17.
2201 1375 2348 1449 138,
2370 1376 2482 1449 24;
2542 1370 2888 1448 δεςποςτής
2942 1374 3127 1434 inusi-

503 1466 699 1523 tatum
754 1481 906 1539 esse,
966 1458 1274 1538 ἐργαςτής
1329 1465 1449 1524 dici
1502 1463 1655 1523 illud
1702 1463 1943 1541 quidem
1995 1464 2098 1524 sed
2155 1464 2275 1524 alio
2330 1464 2665 1539 intellectu,
2723 1466 2929 1524 monet
2981 1463 3126 1523 Lob.

502 1552 723 1613 Parall.
761 1555 911 1631 431,
933 1554 1047 1628 483
1102 1553 1342 1614 omnino
1396 1554 1578 1613 istam
1623 1554 2025 1614 evolutionem
2071 1556 2468 1631 operosiorem
2522 1572 2648 1614 esse
2695 1573 2876 1631 quam
2920 1556 2990 1613 ut
3035 1572 3125 1614 as-

504 1645 835 1704 sensionem
880 1644 1135 1703 moveat.

686 1751 894 1824 234,2
949 1745 1032 1810 τὰ
1086 1746 1258 1825 πάθη
1314 1749 1452 1812 τοῖς
1504 1744 1731 1811 τύποις
1787 1745 2212 1830 ςυνεκτρέχει]
2269 1751 2402 1810 adv.
2437 1751 2582 1827 135,
2606 1752 2684 1809 11
2736 1748 2868 1811 πᾶν
2925 1748 3128 1825 ςχῆμα

505 1834 764 1912 λέξεως,
825 1835 943 1913 τὴν
1000 1834 1352 1915 ὁμοιότητα
1407 1838 1540 1900 τῶν
1599 1836 2040 1915 προκειμένων
2096 1836 2340 1915 μορίων
2397 1835 2735 1915 ἀποβαλόν
2792 1836 2864 1900 έν
2919 1837 3125 1911 πάθει,

507 1923 597 1991 εἰς
641 1926 759 1989 τὸν
805 1924 1005 1990 τόνον
1052 1925 1514 2005 μεταβάλλεται
1569 1926 1686 1990 τὸν
1733 1925 2099 2005 δυνάμενον
2155 1926 2271 2004 τὴν
2320 1924 2669 2004 ὁμοιότητα
2714 1927 2832 1990 τοῦ
2878 1925 3126 1990 πάθους

504 2013 952 2090 ἀναδέξαςθαι;
994 2017 1199 2079 Chocr.
1227 2018 1475 2099 Hilg.H
1505 2019 1654 2093 329,
1673 2020 1751 2079 11
1777 2044 1862 2066 =
1886 2020 2084 2095 853,2
2117 2017 2301 2079 Gaisf.
2324 2016 2533 2079 =AO
2554 2019 2642 2077 IV
2672 2020 2822 2095 350,
2836 2021 2918 2079 20
2957 2014 3128 2090 λέγει

508 2102 545 2167 ὁ
590 2102 1029 2169 Ἀπολλώνιος
1076 2103 1176 2169 ὅτι
1205 2153 1219 2168 .
1250 2153 1264 2168 .
1311 2104 1392 2169 τὰ
1423 2153 1436 2167 .
1465 2154 1479 2168 .
1520 2102 1984 2184 ἀποβάλλοντα
2027 2104 2104 2169 τὸ
2145 2107 2205 2181 Ε,
2254 2104 2369 2169 ἐὰν
2416 2104 2744 2184 φυλάξωςι
2789 2104 2865 2169 τὸ
2913 2124 3126 2183 ςημαι-

503 2192 800 2272 νόμενον,
847 2191 1036 2277 <καὶ>
1080 2193 1198 2258 τὸν
1246 2193 1446 2258 αὐτὸν
1492 2194 1693 2259 τόνον
1745 2192 2179 2272 φυλάττουςιν
2219 2244 2232 2258 .
2271 2245 2284 2258 .
2333 2197 2432 2260 δεῖ
2477 2196 2846 2274 προςθεῖναι
2894 2191 2997 2258 ((εἰ
3044 2195 3125 2272 μὴ

502 2283 829 2362 χαρακτὴρ
876 2281 1187 2368 κωλύςῃ”.
1262 2286 1406 2347 Lob.
1444 2284 1665 2346 Parall.
1695 2288 1843 2346 448.

686 2395 834 2469 234,
854 2396 893 2453 4
941 2391 1046 2455 καὶ
1092 2390 1198 2455 ἐπὶ
1240 2393 1360 2455 τοῦ
1407 2387 1527 2455 οὖν
1573 2389 2025 2472 προκειμένου]
2068 2387 2212 2455 (οὖν
2250 2394 2525 2455 similiter
2569 2396 2834 2473 positum
2872 2397 3022 2470 502,
3044 2396 3124 2454 19

507 2477 802 2563 [236,4]’
848 2483 887 2543 b
933 2485 997 2543 in
1043 2502 1168 2544 var.
1205 2484 1341 2544 lect.

686 2591 834 2667 234,
855 2592 893 2649 8
940 2584 1616 2670 <ςυμ>φωνοῦ<ντος>
1654 2585 1832 2671 τ<ῷ>
1869 2586 1977 2669 οὗ]
2019 2590 2387 2666 ςυμφωνεῖν
2425 2585 2814 2670 ‘congruere’,
2858 2593 2933 2651 cf.
2971 2593 3125 2669 synt.

509 2682 654 2756 146,
677 2682 714 2739 9
769 2674 880 2740 ἵνα
934 2675 1147 2741 ἑνικὸν
1204 2676 1563 2755 γενόμενον
1619 2677 2006 2760 ςυμφωνήςῃ
2062 2676 2224 2741 κατὰ
2280 2675 2494 2741 ἑνικὸν
2549 2682 2642 2760 τῷ
2698 2675 2763 2741 οἷ
2821 2676 2875 2740 τ’
2933 2677 3126 2761 αὐτῷ.

503 2789 673 2848 pron.
714 2771 818 2846 60,
842 2772 878 2829 7
925 2764 1034 2831 ἵνα
1088 2767 1193 2831 καὶ
1246 2767 1328 2831 τὰ
1382 2768 1500 2832 τοῦ
1559 2765 1759 2832 τόνου
1816 2771 2127 2851 ςυμφωνῇ
2174 2768 2279 2831 καὶ
2323 2767 2404 2831 τὰ
2450 2770 2563 2845 τῆς
2610 2767 2925 2845 ςημαςίας.
2993 2771 3125 2831 adv.

510 2860 761 2935 123,16
812 2859 1282 2935 ςυμφωνοῦςαν
1326 2859 1466 2922 τοῖς
1520 2859 1637 2921 τοῦ
1685 2855 1969 2935 ῥήματος
2015 2856 2363 2936 χρόνοις..
2412 2857 2720 2922 ςύνταξιν.
2794 2861 2873 2920 ib.
2918 2861 3065 2937 151,
3088 2863 3124 2921 9

505 2944 544 3010 ὁ
591 2945 789 3021 λόγος
834 2949 1180 3024 ςυμφωνεῑ.
1254 2949 1535 3028 Egenolff
1563 2949 1596 3008 I
1635 2951 1762 3010 347
1810 2951 2096 3027 proponit
2139 2949 2257 3010 τοῦ
2296 2948 2318 3011 ἰ
2351 2943 2499 3028 (καὶ
2540 2945 2934 3029 ςυμ>φώνου
2971 2947 3126 3028 (λή-

502 3033 783 3118 γοντος)
814 3039 933 3099 τοῦ
971 3035 1044 3099 ἐν
1088 3041 1182 3120 τῷ
1220 3033 1507 3114 ὀνόματι.
1573 3035 1947 3114 Συμφώνου
1992 3040 2045 3099 si
2089 3058 2296 3099 verum
2341 3042 2449 3115 est,
2494 3039 2608 3117 Ap.
2646 3040 2798 3099 talia
2847 3039 3128 3100 adverbia

504 3129 710 3205 qualia
755 3131 898 3188 sunt
942 3123 1236 3203 ἀκονητ-ί
1281 3125 1625 3203 παμμαχ-ί,
1672 3129 1736 3187 ιιι
1782 3129 2000 3206 quibus
2046 3145 2374 3188 consonans
2420 3126 2459 3189 τ’
2503 3129 2600 3189 vel
2644 3126 2686 3202 ἶ(
2732 3131 2971 3190 servata
3018 3132 3127 3205 est,

504 3236 806 3295 opponere
849 3217 1090 3279 videtur
1132 3212 1234 3293 ἶφι
1281 3212 1426 3279 αὖθι
1471 3218 1699 3292 formis,
1746 3218 1906 3295 quod
1950 3217 2014 3276 in
2057 3217 2152 3277 his
2199 3218 2415 3320 stirpes
2463 3217 2521 3279 ἵν
2567 3217 2689 3278 &Ur
2736 3221 3127 3279 consonantes

500 3324 544 3368 ν
589 3324 627 3368 τ
672 3307 1032 3369 abiecerunt.
1124 3305 1296 3377 Quod
1340 3307 1393 3367 si
1437 3307 1528 3367 ita
1573 3308 1690 3384 est,
1746 3303 2065 3382 λήγοντος
2112 3307 2436 3384 omiserim,
2495 3328 2636 3367 nam
2681 3310 2945 3385 spatium
2990 3310 3131 3385 post

504 3414 742 3474 φωνου
789 3398 853 3456 ιιι
900 3397 1098 3457 codice
1143 3398 1531 3474 perexiguum
1579 3400 1696 3473 est3
1750 3415 1941 3473 neque
1988 3391 2280 3472 ὀνόματα
2325 3394 2505 3472 λήγει
2553 3393 2644 3459 εἰς
2687 3414 2727 3458 ν
2773 3399 2869 3459 vel
2913 3415 2971 3472 τ,
3025 3397 3130 3458 sed

496 3488 720 3588 stirpes
781 3505 1001 3546 eorum.
1095 3485 1211 3546 Sed
1264 3486 1447 3546 etiam
1505 3486 1680 3547 hodie
1740 3487 2100 3564 scripturam
2158 3506 2197 3546 a
2253 3506 2348 3547 me
2406 3489 2778 3567 propositam
2836 3487 3128 3565 praefero,

496 3578 669 3638 nisus
714 3576 1058 3637 testimonio
1104 3575 1237 3636 adv.
1272 3577 1417 3653 161,
1438 3578 1494 3635 4.

1051 3729 1119 3819 b)
1170 3736 1521 3798 Omauwm
1563 3754 1714 3812 quac
1755 3738 1835 3798 sit
1876 3739 1968 3797 vis
2017 3738 2163 3814 234,
2188 3738 2512 3815 13-235,
2533 3740 2591 3797 4.

687 3844 1036 3906 Gausala‘um
1091 3846 1233 3905 haec
1290 3849 1374 3905 est
1414 3844 1667 3914 indoles,
1723 3848 1791 3903 ut
1845 3844 2105 3904 indicent
2161 3847 2215 3905 et
2265 3849 2482 3905 cerbwm
2541 3860 2661 3905 esse
2710 3847 3129 3905 sententiarum

476 3935 769 3995 ,ordinem
807 3929 1008 4012 (τάξις
1044 3935 1140 3993 vel
1178 3929 1557 4011 ἀκολουθία)
1596 3938 1650 3994 ct
1682 3951 1915 4002 causas,
1960 3952 2065 3994 cur
2100 3935 2244 4009 quid
2286 3937 2397 4007 fiat
2429 3935 2520 3995 vel
2553 3936 2778 4009 factum
2819 3937 2914 4004 sit,
2957 3952 3129 3995 veras

488 4024 804 4085 habendas
840 4041 961 4084 esse
989 4019 1328 4102 (ὕπαρξις).
1384 4024 1595 4098 Itaque
1630 4026 1980 4083 conveniwnt
2011 4025 2135 4098 fere
2170 4042 2303 4084 cum
2336 4024 2875 4085 subconwnuativis.
2934 4024 3129 4099 Quare

487 4114 750 4190 quidam
804 4109 969 4174 ἐπεί
1024 4115 1483 4173 coniunctionem
1538 4107 1629 4191 (et
1681 4114 2220 4173 subcontinuativis
2275 4105 2363 4194 et)
2410 4113 2748 4173 causalibus
2800 4114 3130 4174 tribucum

488 4205 656 4278 234,
680 4202 1005 4278 13—235,
1024 4204 1084 4262 4.
1160 4201 1248 4262 Cf.
1278 4201 1460 4263 Prisc.
1489 4201 1633 4261 XVI
1663 4203 1700 4261 3
1739 4223 1797 4280 p.
1831 4205 1933 4278 94,
1957 4204 2038 4262 22
2088 4198 2667 4264 ‘subcontinuativae
2701 4222 2842 4263 vero
2889 4222 3129 4263 causam

484 4293 972 4354 continuationis
1018 4291 1342 4352 ostendunt
1385 4294 1838 4369 consequentem
1885 4311 2020 4352 cum
2074 4293 2333 4352 essentia
2384 4311 2609 4368 rerum,
2664 4288 2797 4352 ιι1,(
2803 4287 3126 4370 (ᾳιιοιιιαιιι,

480 4376 716 4460 quia'',
762 4375 895 4441 ut‘
901 4376 1210 4484 ‘quoniam
1256 4381 1542 4456 ambulat,
1586 4375 1908 4441 movetur''
1988 4376 2181 4459 “quia
2224 4383 2315 4442 sol
2361 4401 2537 4459 super
2581 4385 2803 4442 terram
2848 4385 2956 4458 est,
3002 4383 3127 4443 dies

487 4465 677 4534 est'’:
736 4474 1056 4548 utrumque
1103 4473 1262 4530 enim
1307 4470 1605 4549 significat
1649 4470 1779 4529 fieri
1825 4404 2030 4530 ord³me
2075 4472 2473 4548 consequenti.
2530 4472 2775 4548 quidam
2819 4473 3020 4531 tamen
3067 4476 3129 4533 et

474 4563 614 4623 has
662 4562 724 4620 et
758 4560 1199 4621 continuativas
1243 4561 1403 4620 inter
1436 4562 1660 4637 species
1699 4561 2028 4619 causalium
2063 4564 2407 4638 posuerunt,
2455 4561 2750 4639 quomodo
2789 4564 2850 4620 et
2887 4562 3127 4622 adiunc-

473 4654 665 4714 tivas
703 4654 764 4711 et
801 4651 1118 4726 effectivas,
1165 4668 1272 4710 nec
1308 4644 1825 4710 irrationabiliter'
1857 4696 1868 4707 .
1902 4696 1913 4707 .
1947 4695 1957 4707 .
2023 4650 2102 4708 ib.
2137 4651 2239 4725 95,
2262 4652 2343 4709 13
2394 4644 2699 4710 ‘causales
2736 4651 2940 4728 igitur,
2980 4669 3127 4728 quas

474 4741 615 4804 alii
658 4740 723 4800 in
767 4760 887 4800 una
933 4740 1126 4817 specie
1170 4742 1514 4817 posuerunt,
1560 4740 2020 4817 Apollonius,
2072 4742 2248 4816 pater
2281 4739 2707 4815 Herodiani,
2752 4742 2816 4798 in
2862 4742 3127 4819 quinque

470 4831 731 4910 specics
758 4829 995 4906 dividit,
1032 4848 1182 4909 quas
1209 4848 1392 4907 supra
1428 4828 1810 4904 ostendimus,
1846 4829 1912 4888 id
1938 4831 2030 4888 est
2061 4829 2518 4905 continuativas,
2555 4829 3127 4906 subcontinuativas,

467 4921 797 4997 causales,
858 4920 1258 4994 adiunctivas,
1318 4918 1617 4979 effectivas
1656 4963 1670 4976 .
1709 4965 1721 4977 .
1763 4965 1776 4977 .
1833 4921 1896 4978 et
1946 4917 2058 4978 hoc
2116 4919 2368 4979 interest
2424 4920 2583 4978 inter
2637 4918 3012 4980 adiunctivas
3067 4923 3129 4978 et

462 5011 745 5093 proprie
792 5010 1084 5084 causales,
1129 5007 1288 5085 quod
1330 5009 1443 5068 hae
1491 5027 1623 5068 cum
1670 5007 2094 5083 affirmatione,
2147 5009 2290 5068 illae
2335 5028 2469 5069 cum
2515 5008 2888 5069 dubitatione
2931 5009 3126 5087 profe-
