3738 5530
1462 1488 2216 1573 PRAEFATIO.

710 1839 1043 1922 Apollonii
1079 1838 1334 1922 Dyscoli
1378 1836 1644 1917 librum,
1690 1833 1799 1918 qui
1844 1837 1943 1899 est
1986 1833 2064 1897 de
2094 1832 2502 1917 pronomine,
2549 1831 2748 1895 edidit
2777 1830 3129 1896 Immauuel

546 1940 795 2004 Bekker
836 1940 905 2003 in
948 1940 1158 2024 primo
1190 1938 1394 2003 Musei
1424 1935 1847 2020 Antiquitatis
1879 1934 2248 2001 Studiorum
2292 1934 2643 2015 volumine,
2691 1955 2766 1997 ex
2809 1954 2934 2017 quo
2964 1955 3135 1997 anno

540 2040 726 2105 huius
784 2040 1021 2105 saeculi
1065 2039 1226 2104 XIII
1282 2061 1566 2105 seorsum
1618 2037 1792 2123 typis
1847 2059 2183 2122 expressus
2240 2040 2355 2101 est.
2435 2034 2832 2118 Scriptiones
2886 2039 3131 2117 autem,

537 2163 700 2227 quae
744 2142 821 2206 de
850 2142 1150 2207 adverbio
1195 2145 1261 2207 et
1302 2140 1380 2205 de
1410 2139 1856 2205 coniunctione
1901 2144 2083 2223 sunt,
2129 2138 2297 2202 idem
2340 2136 2449 2200 ille
2491 2136 2803 2201 editorum
2839 2137 3133 2222 princeps

537 2242 779 2328 publici
823 2244 980 2308 iuris
1021 2244 1180 2308 fecit
1221 2264 1391 2307 anno
1433 2242 1498 2305 h.
1530 2264 1582 2304 s.
1614 2240 1769 2306 XVI
1813 2242 1884 2305 in
1927 2239 2206 2305 secundo
2241 2239 2710 2304 Anecdotorum
2746 2240 3133 2303 Graecorum

541 2345 868 2410 volumine
921 2345 1074 2409 inde
1131 2367 1170 2409 a
1222 2367 1284 2428 p.
1326 2344 1454 2409 479
1508 2365 1707 2426 usque
1765 2343 1844 2407 ad
1892 2366 1955 2426 p.
2003 2344 2161 2422 625,
2219 2346 2283 2406 et
2337 2362 2500 2425 quae
2555 2340 2636 2403 ad
2694 2362 2800 2404 eas
2853 2340 3131 2424 pertine·
3261 2367 3271 2377 ·

544 2446 702 2510 bant
743 2446 1194 2511 adnotationes
1238 2447 1429 2511 tertio
1473 2444 1754 2509 eiusdem
1798 2445 2010 2529 operis
2055 2444 2368 2509 volumini
2411 2465 2450 2506 a
2491 2465 2556 2527 p.
2601 2443 2761 2506 1117
2810 2464 3008 2527 usque
3053 2443 3131 2506 ad

538 2570 603 2630 p.
652 2548 811 2612 1127
856 2548 1143 2612 inseruit.

712 2648 977 2714 Praeter
1019 2649 1217 2714 libros
1261 2649 1339 2713 de
1384 2648 1859 2714 constructione
1905 2650 1972 2712 et
2015 2668 2157 2730 eos,
2202 2646 2280 2711 de
2323 2646 2554 2730 quibus
2598 2645 2786 2709 modo
2831 2646 3129 2730 diximuS,

538 2750 754 2816 nullus
798 2774 832 2815 e
860 2751 1197 2837 permultis
1241 2750 1400 2835 illis,
1447 2773 1603 2836 quos
1637 2750 2090 2835 conscripsisse
2123 2752 2373 2814 constat
2405 2747 2854 2832 Apollonium,
2902 2748 2983 2813 ad
3014 2773 3131 2814 nos

534 2853 847 2936 pervenit.
936 2853 1108 2919 Nam
1154 2876 1314 2938 quae
1359 2853 1527 2938 apud
1576 2852 1938 2917 Fabricium
1984 2852 2288 2938 leguntur
2332 2849 2424 2914 VI
2470 2873 2531 2934 p.
2577 2852 2737 2915 336:
2795 2850 3130 2915 «Eiusdem

536 2954 924 3039 (Apollonii)
983 2955 1060 3019 de
1114 2955 1520 3040 passionibus
1577 2953 1932 3020 dictionum
1989 2954 2055 3017 iu
2112 2952 2325 3018 codice
2372 2951 2631 3016 Barocc.
2680 2951 2854 3016 XLV
2899 2953 3132 3038 incipit

535 3059 618 3122 τὰ
659 3058 828 3137 πάθη
873 3063 1005 3124 τῶν
1050 3060 1316 3125 λέξεων»
1367 3057 1477 3139 (cf.
1526 3055 1739 3120 Miller
1770 3055 2124 3140 catalogue
2169 3054 2278 3118 des
2307 3075 2623 3122 manuscr.
2674 3054 2752 3117 de
2796 3053 3131 3119 l'Escurial

536 3180 600 3241 p.
644 3158 833 3240 493):
881 3180 955 3222 ea
998 3159 1238 3223 nullam
1286 3157 1520 3222 habere
1564 3157 1752 3221 fidem
1798 3159 1863 3221 et
1906 3156 2182 3243 EEgger
2224 3154 2620 3220 indicaverat
2662 3156 2883 3242 Apoll.
2932 3156 3126 3240 Dysc.

534 3281 601 3342 p.
633 3258 714 3323 27
762 3263 827 3325 et
867 3282 988 3324 nos
1032 3258 1544 3325 confirmavimus
1589 3258 2014 3325 Maximiliaui
2056 3257 2346 3335 Muelleri
2390 3257 2761 3325 testimonio
2805 3258 2929 3321 nisi
2963 3257 3126 3326 Mus.

545 3358 751 3425 Rhen.
799 3359 1014 3425 XXIV
1061 3383 1122 3445 p.
1168 3361 1316 3426 585.

707 3465 922 3547 Atque
975 3463 1173 3526 trium
1231 3462 1485 3527 illorum
1530 3464 1943 3547 scriptorum,
2001 3484 2163 3547 quae
2218 3461 2422 3526 adhuc
2478 3465 2767 3543 exstant,
2825 3463 3130 3527 memoria

535 3563 618 3627 ab
647 3585 775 3628 uno
806 3563 1023 3628 codice
1055 3563 1399 3628 Parisiensi
1429 3565 1598 3629 2548
1642 3565 1847 3648 repeti
1891 3585 2080 3649 posse
2113 3562 2379 3628 videtur.
2455 3562 2621 3628 Nam
2653 3565 2718 3627 in
2752 3564 2855 3628 his
2888 3563 3131 3627 Biblio-

533 3664 761 3730 thecae
806 3664 1160 3731 Vaticanae
1218 3665 1540 3730 codicibus
1587 3666 1895 3730 Ottobon.
1957 3666 2077 3730 173
2132 3665 2331 3730 chart.
2389 3686 2548 3731 saec.
2609 3664 2765 3728 XVI
2823 3665 2931 3729 fol.
2985 3667 3129 3730 183r

535 3765 647 3852 (de
688 3767 1096 3852 pronomine)
1153 3770 1218 3830 et
1261 3765 1491 3831 Urbin.
1540 3767 1662 3832 150
1720 3767 2008 3850 bombyc.
2053 3789 2215 3832 saec.
2261 3765 2457 3831 XIIII
2502 3766 2612 3832 fol.
2657 3769 2771 3830 45v
2833 3767 2939 3850 (de
2984 3788 3127 3848 pro·

542 3868 832 3953 nomine)
875 3890 1010 3933 non
1051 3868 1222 3932 inest
1264 3867 1597 3952 Apollonii
1640 3872 1787 3950 περὶ
1830 3870 2234 3950 ἀντωνυμία(
2279 3869 2764 3952 commentatiO‚
2811 3868 2921 3933 sed
2968 3870 3131 3934 liber

534 3969 615 4033 de
658 3970 913 4053 syntaxi
967 3969 1310 4055 secundus;
1369 3991 1574 4054 neque
1620 3972 1898 4056 contigit
1952 3971 2077 4054 eis,
2138 3971 2247 4055 qui
2301 3970 2460 4034 alias
2517 3970 2934 4035 bibliothecas
2991 3994 3126 4056 per-

535 4072 806 4137 scrutati
853 4076 1032 4153 sunt,
1098 4075 1170 4136 ut
1224 4093 1394 4138 nova
1446 4072 1804 4157 reperirent
1856 4073 2225 4137 adiumenta
2277 4073 2358 4136 ad
2412 4072 2607 4136 crisin
2667 4072 2736 4137 in
2793 4072 2893 4138 his
2948 4073 3129 4136 libris

534 4172 958 4237 factitandam
1015 4174 1126 4257 (cf.
1173 4174 1570 4241 Studemund
1629 4175 1695 4237 in
1752 4174 1919 4239 MuS.
1973 4174 2097 4239 Rh.
2154 4173 2372 4239 XXIV
2418 4196 2481 4258 p.
2537 4175 2664 4240 586
2721 4175 2864 4259 sq.).
2987 4173 3126 4250 Quo

536 4275 746 4358 magis
791 4274 1239 4340 elaborandum
1299 4280 1397 4340 est
1438 4275 1506 4339 in
1551 4297 1662 4359 e0,
1718 4281 1819 4359 ut,
1876 4276 2181 4360 quidquid
2237 4275 2541 4361 praesidii
2596 4275 2676 4339 ad
2732 4275 3130 4341 restituenda

538 4374 864 4458 Apollonii
911 4377 1106 4440 verba
1162 4400 1239 4441 ex
1284 4378 1476 4442 unico
1518 4377 1631 4441 illo
1676 4377 1897 4443 codice
1938 4377 2144 4461 possit
2189 4378 2353 4461 peti,
2410 4382 2667 4461 petatur
2710 4382 2775 4441 et
2817 4382 3128 4462 tanquam

535 4476 962 4542 exhauriatur.
1064 4478 1162 4544 De
1216 4478 1342 4544 hoc
1399 4479 1563 4543 libro
1616 4480 2172 4563 praestantissimo
2226 4479 2382 4544 haec
2424 4480 2695 4564 protulit
2745 4479 3001 4544 Bekker
3045 4482 3122 4543 ad

534 4597 720 4661 pron.
768 4602 827 4663 p.
865 4579 1015 4644 149:
1064 4579 1221 4648 «Hic
1267 4581 1463 4645 codex
1500 4578 1715 4664 (cuius
1760 4582 2034 4665 paginas
2079 4581 2527 4667 diplomaticae
2572 4581 2718 4645 fidei
2761 4603 2952 4646 causa.
2994 4583 3126 4648 suis

537 4700 819 4765 quasque
863 4680 1019 4747 locis
1065 4683 1546 4768 adscripsimus)
1601 4689 1976 4748 numeratur
2015 4681 2201 4748 ‘inter
2242 4683 2635 4748 Parisienses
2687 4683 2888 4749 2548:
2955 4670 3149 4748 com-⁹

537 4786 970 4849 memorarunt
1026 4806 1168 4848 eum
1214 4783 1502 4867 Baetim,
1559 4784 1767 4871 Epist.
1827 4787 1967 4850 crit.
2027 4808 2086 4870 p.
2139 4786 2253 4850 147
2315 4789 2380 4850 et
2423 4785 2696 4867 Hasiu3‚
2742 4784 3003 4851 Recueil
3048 4787 3125 4851 de

1600 5133 2044 5197 0559?wa
2077 5127 2136 5206 1
