3738 5530
614 378 700 443 94
1547 382 1725 433 ΠΕΡΙ
1761 380 2273 434 ΑΝΤΩΝΤΜΙΑΣ.

1446 502 1491 539 p.
1524 492 1599 530 119
1628 490 1737 540 (3⁷9)
1766 492 1800 531 ο
1827 491 1854 529 4
1883 511 1928 519 -
1957 490 2035 530 122
2064 491 2170 540 (sss)
2197 489 2239 531 A
2271 492 2318 533 ιο
2347 491 2378 530 ι)

785 584 859 649 Αἱ
927 582 1280 649 ὑποςτολαὶ
1334 587 1451 669 τοῦ
1506 586 1527 648 ἰ
1583 583 1969 662 ὁμολογοῦςι
2022 589 2138 665 τὴν
2195 584 2300 649 διὰ
2363 588 2480 648 τοῦ
2535 588 2590 648 ἐἶ
2644 585 2936 663 γραφήν·
3006 604 3209 664 παρα-

616 686 943 765 πεμπτέον
1001 684 1121 750 οὖν
1181 686 1334 751 τοὺς
1387 687 1491 750 διὰ
1546 689 1662 750 τοῦ
1718 688 1753 750 ἒ
1796 686 2145 764 ἠξιωκότας
2196 685 2501 765 γράφειν,
2563 684 2652 749 ὡς
2698 689 2815 750 τοῦ
2859 688 2880 749 i
2924 685 3013 750 εἰς
3055 686 3132 750 τὸ
3177 684 3212 749 ἒ

617 789 1211 868 μεταβαλλομένου,
1266 787 1619 864 κέρνημι,
1678 788 1980 866 πέρημι.
2086 788 2191 853 ἐπὶ
2245 788 2369 866 γὰρ
2415 788 2901 867 βραχυνομένου
2943 786 2983 864 ἡ
3030 788 3209 866 μετά-

619 892 831 968 ληψις.
920 889 1078 952 «Ἔτι
1124 888 1179 952 εἰ
1222 888 1476 971 πᾶςαί»,
1521 910 1709 971 φαςι,
1758 890 1877 953 «δι’
1921 890 2100 972 ἑνός,
2146 891 2246 954 καὶ
2287 890 2327 968 ἡ
2375 889 2589 954 εὐθεῖα
2632 890 2704 953 ἓν
2739 888 2860 956 ἕξει
2890 893 3207 969 φωνῆεν».

523 1010 582 1057 ’5
620 991 811 1054 Ἀλλὰ
865 991 966 1054 καὶ
1022 992 1062 1070 ἡ
1119 994 1343 1069 ςοφῶν
1398 989 1468 1053 ἓν
1527 989 1658 1069 ἔχει
1704 996 1999 1074 φωνῆεν,
2055 990 2118 1055 αἱ
2165 993 2236 1055 δὲ
2280 990 2628 1055 ὑπόλοιποι
2672 992 2810 1055 δύο.
2912 991 2968 1054 εἰ
3012 992 3083 1053 δὲ
3128 990 3208 1053 οὐ

623 1093 952 1171 διαιρεῖται
998 1090 1084 1155 εἰς
1130 1092 1250 1155 δύο
1298 1095 1360 1174 ἓ,
1405 1091 1621 1156 καθότι
1668 1091 1730 1156 αἱ
1775 1092 1861 1157 εἰς
1905 1095 1995 1157 {ii
2039 1091 2276 1157 εὐθεῖαι
2320 1096 2515 1157 τοῦτο
2562 1091 3015 1171 ἀναδέχονται,
3061 1092 3208 1172 φαί-

620 1213 844 1258 νονται
900 1197 1017 1272 τὴν
1075 1193 1147 1257 ἑν
1206 1192 1511 1272 ὀνόμαςιν
1557 1193 1946 1259 ἀκολουθίαν
1990 1197 2330 1273 ζητοῦντε(
2376 1193 2447 1259 ἐν
2495 1193 2947 1271 ἀντωνυμίαις,
3005 1192 3210 1271 ἥνπερ

617 1295 740 1373 οὐχ
786 1293 1081 1374 εὕρομεν.
1172 1297 1400 1378 πολλῷ
1446 1295 1519 1359 δὲ
1561 1296 1884 1373 πρότερον
1932 1297 2035 1359 καὶ
2076 1298 2191 1374 τὴν
2238 1294 2326 1360 εἰς
2367 1299 2403 1359 ἱ
2446 1295 2705 1373 γενικὴν
2752 1296 2993 1374 ἑνικήν·
3052 1295 3209 1372 αὕτη

615 1398 738 1475 γὰρ
783 1400 914 1460 τῶν
966 1397 1071 1460 διὰ
1115 1394 1235 1460 δύο
1279 1398 1315 1459 ἓ
1358 1396 1813 1475 ἐκφερομένων
1860 1396 2129 1463 εὐθειῶν
2173 1398 2390 1474 γένική
2436 1397 2623 1461 ἐςτιν.

519 1518 578 1565 ιο
785 1497 939 1560 Οὐδ’
996 1497 1167 1572 ὑγιὲς
1224 1498 1328 1561 διὰ
1387 1499 1503 1561 τὸν
1571 1498 1815 1577 μακρὸν
1886 1500 2129 1579 χρόνον
2191 1501 2302 1576 τῆς
2370 1497 2616 1562 εὐθείας
2674 1497 2793 1562 δύο
2863 1498 3209 1577 φωνήεντα

613 1599 1110 1676 παραδέχεςθαι,
1160 1597 1250 1661 ὥς
1295 1617 1460 1662 τινες
1507 1600 1824 1681 ᾡήθηςαν.
1907 1601 2047 1664 ἐπεὶ
2090 1599 2147 1664 τί
2192 1599 2271 1663 ἂν
2319 1598 2416 1678 εἴη
2461 1600 2537 1664 τὸ
2585 1599 2759 1677 ἰχθῦς
2804 1599 2842 1676 ἢ
2889 1599 3076 1662 νέκυς
3107 1599 3205 1661 καὶ

566 1701 694 1786 ’τὰ
756 1700 1015 1764 τούτοις
1081 1697 1271 1777 ὅμοια
1337 1700 1836 1782 ςυναιροὺμενα,
1903 1701 1970 1765 αἵ
2027 1721 2095 1765 τε
2161 1701 2326 1780 παρ’
2390 1702 2555 1765 Ἴωςι
2620 1701 2890 1779 γραφαί,
2959 1700 3210 1774 πόλις,

614 1800 871 1881 φὺςις;
929 1802 1138 1865 Πάλιν
1194 1802 1266 1865 δὲ
1325 1802 1427 1865 καὶ
1479 1802 1595 1878 τὴν
1653 1803 1911 1879 δοτικὴν
1968 1801 2244 1882 γράφειν
2301 1804 2407 1866 διὰ
2461 1806 2576 1865 τοῦ
2632 1804 2693 1876 ἒ,
2755 1800 2988 1883 «ἐπεί»,
3041 1820 3211 1879 φαςι,

616 1902 746 1965 «καὶ
790 1902 829 1979 ἡ
875 1902 1090 1966 εὐθεῖα
1132 1902 1231 1965 καὶ
1275 1900 1314 1977 ἡ
1359 1903 1607 1981 γενική·
1657 1902 1869 1980 ἡμέων
1905 1902 2057 1982 γάρ·
2104 1906 2206 1967 καὶ
2249 1904 2288 1980 ἡ
2335 1902 2668 1980 αἰτιατική,
2714 1902 2959 1981 ἡμέας».
3048 1902 3213 1965 Ἀλλ’

519 2002 654 2088 ιδὴ
699 2005 813 2080 μὲν
856 2006 1074 2082 γενικὴ
1120 2005 1223 2069 καὶ
1267 2003 1568 2081 αἰτιατικὴ
1614 2007 1972 2087 διῄρηνται,
2017 2003 2057 2081 ἡ
2104 2006 2175 2069 δὲ
2220 2005 2577 2083 ἀδιαίρετος
2608 2004 2928 2086 τυγχάνει,
2959 2025 3211 2068 πιςτου-

615 2106 769 2183 μένη
800 2105 1144 2182 παραδόςει
1175 2106 1360 2185 <καὶ>
1391 2105 1741 2170 διαλέκτων
1774 2106 2055 2188 ἐκφορᾷ·
2102 2106 2192 2183 ἁμ
2211 2106 2281 2170 ίν
2312 2107 2437 2184 γὰρ
2468 2108 2782 2184 Δωριεῖς,
2831 2106 2933 2170 καὶ
2978 2104 3209 2184 ἄμμιν

615 2204 877 2271 Αἰολεῖς.
966 2205 1179 2271 ἄλλως
1223 2226 1291 2270 τε
1338 2205 1492 2271 οὐδὲ
1535 2207 1614 2270 τὸ
1658 2207 1940 2286 νύμφαις
1996 2206 2126 2285 ἔχει
2169 2208 2245 2271 τὸ
2292 2211 2353 2282 ἒ,
2415 2211 2532 2271 τοῦ
2577 2207 2886 2286 νυμφέων
2932 2207 3002 2270 ἐν
3051 2212 3211 2270 διαι-

615 2308 778 2386 ρέςει
824 2308 1092 2386 ἔχοντος
1137 2310 1212 2373 τό
1258 2312 1308 2372 ἒ.

784 2409 855 2473 Ἡ
906 2413 1127 2489 ςφεῑς
1173 2409 1364 2493 <οὔτε
1409 2410 1570 2488 παρ’
1603 2409 1976 2491 Αἰολεῦςιν)
2019 2410 2172 2474 οὔτε
2217 2410 2391 2489 παρὰ
2421 2412 2782 2490 Δωριεῦςιν
2816 2409 3204 2474 ἀκολουθίαν

512 2532 578 2580 20
615 2510 755 2590 ἔςχε
799 2511 965 2589 πρὸς
1007 2513 1086 2575 τὰ
1132 2511 1383 2575 τούτων
1429 2509 1669 2588 πρῶτα
1702 2513 1800 2574 καὶ
1846 2511 2153 2592 δεύτερα,
2212 2512 2330 2576 οὐκ
2375 2512 2801 2576 ἀπεοικότως·
2859 2512 2961 2575 καὶ
3003 2513 3127 2589 γὰρ
3170 2511 3208 2587 ἡ

614 2611 744 2690 έμεί
800 2613 900 2693 καὶ
957 2613 1077 2688 τεί,
1135 2613 1313 2691 παρὰ
1366 2616 1499 2676 τοῖς
1543 2614 1864 2690 Δωριεῡςι
1921 2615 2392 2694 προςλαβοῦςαι
2450 2615 2524 2677 τὸ
2571 2616 2621 2695 ἰ,
2678 2612 2888 2677 οὐκέτι
2933 2614 3092 2676 κατὰ
3134 2611 3208 2674 τὸ

614 2713 828 2792 τρίτον
873 2715 1295 2793 προςέλαβον.

781 2815 851 2878 Ἡ
908 2813 1180 2892 ,ἡμέων
1239 2818 1739 2896 τριςυλλαβοῦςα
1804 2818 1968 2895 παρ’
2032 2819 2235 2882 Ἴωςιν
2344 2817 2727 2897 ὑπεμφαίνει
2802 2815 3205 2891 ἀκολουθίαν,

612 2915 771 2981 καθὸ
817 2915 881 2978 αἱ
926 2916 1014 2980 εἰς
1060 2921 1148 2979 ἐἷς
1196 2918 1504 2995 λήγουςαι
1535 2917 1770 2982 εὐθεῖαι
1800 2919 2195 3010 τὸνιτρόπον
2228 2922 2464 2984 τοῦτον
2496 2917 2851 2983 κλίνονται·
2898 2919 3205 2996 ταχέων

748 3135 965 3188 Anovu.
1053 3141 1075 3188 1
1127 3134 1386 3189 Ceterum
1433 3137 1587 3202 ὑμεῖς
1636 3138 1797 3202 ἡμεῖς
1842 3137 2117 3206 genuinas
2164 3137 2372 3190 formas
2418 3151 2565 3200 esse,
2619 3151 2688 3189 ea
2731 3152 2799 3189 ex
2844 3152 2905 3190 re
2951 3135 3208 3204 apparet,

617 3219 770 3287 quod
804 3221 826 3272 ἰ
860 3220 930 3271 iis
961 3219 1336 3273 subtrahitur:
1376 3234 1441 3273 ex
1477 3220 1635 3285 ὑμεῖς
1670 3221 1849 3274 oritur
1885 3223 2036 3287 ὑμές,
2108 3221 2190 3274 Ex
2226 3223 2385 3285 ὑμεῖς
2412 3222 2599 3273 autem
2627 3221 2818 3286 ὑμέες,
2857 3236 3004 3288 quae
3026 3221 3210 3273 forma

612 3304 725 3357 iam
772 3319 941 3372 supra.
983 3303 1215 3372 explosa
1258 3304 1370 3370 est,
1416 3302 1569 3356 nasei
1614 3321 1726 3358 non
1772 3306 1979 3373 pot-est.
2028 3342 2090 3350 -
2142 3312 2173 3359 5
2208 3304 2409 3373 Neque
2454 3304 2765 3373 quidquam
2812 3304 3209 3372 comprobatur

614 3387 852 3441 aliarum
886 3388 944 3440 in
982 3394 1059 3442 εῖς
1096 3403 1296 3442 vocum
1333 3390 1620 3458 analogia;
1659 3405 1784 3442 eam
1812 3389 1960 3443 enim
1989 3406 2100 3443 non
2127 3392 2437 3458 sequuntur
2461 3389 2811 3456 pronomina.
2838 3419 2895 3427 -
2929 3394 2991 3442 10
3013 3389 3206 3456 Neque

612 3471 947 3526 nominativi
982 3475 1141 3540 ἡμεῖς
1177 3475 1335 3540 ὑμεῖς
1371 3473 1699 3528 terminatio
1727 3474 1947 3528 duabus
1974 3474 2259 3527 vocalibus
2284 3476 2506 3526 constat
2530 3472 2653 3542 (sed
2679 3489 2792 3526 una
2815 3472 3207 3542 diphthongo),

610 3572 798 3626 neque
836 3556 1016 3611 dativi
1051 3556 1152 3610 fini
1185 3558 1555 3628 {adicienda
1580 3560 1692 3624 est,
1730 3559 1795 3611 ut
1816 3558 1892 3612 sit
1914 3561 2094 3626 ἡμεῑν.
2131 3587 2196 3597 -
2239 3565 2300 3610 19
2328 3557 2722 3610 Nominativus
2745 3556 2981 3626 pluralis
3004 3556 3205 3610 tertiae

610 3657 884 3710 personae
923 3647 1079 3708 ςφεῖς
1117 3660 1243 3695 cum
1281 3643 1453 3697 etiam
1479 3642 1701 3697 doricus
1738 3644 1798 3696 et
1830 3641 2078 3697 aeolieus
2114 3642 2215 3704 sit,
2254 3642 2724 3696 nominativorum
2762 3640 2978 3710 primae
3016 3657 3207 3693 seeun-

611 3726 830 3794 daeque
867 3725 1191 3796 analogiam
1226 3744 1337 3781 non
1378 3728 1654 3796 sequitui-5
1696 3727 1795 3781 sed
1830 3727 1984 3781 idem
2021 3727 2091 3781 de
2130 3729 2159 3782 ἕ
2195 3728 2312 3795 ἐμεί
2338 3727 2423 3780 τεί
2458 3725 2566 3779 diei
2591 3726 2794 3795 potest.
2833 3756 2895 3764 -
2934 3732 2999 3780 23
3026 3724 3206 3779 Gene-

608 3811 710 3864 tivi
756 3810 989 3881 pluralis
1033 3811 1250 3881 primae
1297 3812 1478 3866 forma
1513 3815 1708 3879 ἡμέων
1745 3811 1931 3866 ionica
1971 3811 2193 3865 videtur
2239 3811 2341 3865 illa
2384 3811 2614 3879 quidem
2652 3808 2967 3878 analogiam
3006 3824 3204 3862 vocum

612 3912 802 3949 earum
850 3896 1035 3965 sequi,
1091 3913 1328 3965 quarum
1366 3896 1703 3951 nominativi
1755 3895 1989 3966 pluralis
2033 3895 2089 3949 in
2137 3902 2214 3951 εἶς
2261 3897 2494 3960 exeunt,
2548 3894 2648 3949 sed
2694 3892 2922 3947 videtur
2966 3894 3202 3968 tantem,

610 3997 742 4034 nam
777 3980 903 4034 aliis
939 3980 1108 4035 rebus
1144 3981 1214 4035 ab
1251 3980 1339 4035 his
1374 3982 1598 4035 diversa
1635 3983 1734 4036 est.
1800 3981 1997 4048 Itaque
2036 3979 2276 4034 diaeresi
2313 3979 2383 4034 ab
2422 3982 2586 4048 ἡμῶν
2613 3977 2836 4047 vulgari
2861 3977 3201 4032 descendere

609 4064 865 4134 putanda
900 4066 1003 4120 est.

746 4270 934 4324 D1scn.
976 4289 1177 4328 sempr.
1253 4278 1296 4325 1.
1332 4273 1420 4325 διὰ
1455 4275 1558 4324 τοῦ
1596 4274 1645 4324 εἶ
1682 4270 1744 4337 b,
1783 4273 1874 4323 δια
1910 4287 2013 4325 του
2051 4287 2077 4325 ε
2115 4271 2202 4336 Αί,
2239 4271 2339 4323 sed
2377 4282 2444 4322 ex
2484 4285 2510 4322 ε
2550 4268 2758 4322 factum
2796 4267 2883 4320 eet
2907 4280 2955 4320 ει
2980 4266 3052 4320 ab
3079 4266 3197 4334 At!

610 4360 656 4408 2.
685 4356 773 4410 διὰ
806 4359 909 4408 τοθ
946 4362 979 4409 ’ἑ
1014 4354 1387 4422 RSehneider‚
1424 4356 1514 4409 διὰ
1547 4360 1650 4408 τοῦ
1685 4356 1708 4408 i
1744 4354 1836 4409 Ab
1866 4357 1877 4422 Ι
1907 4361 1956 4407 4.
1985 4355 2151 4411 πᾶςαί
2177 4354 2240 4419 b,
2269 4370 2418 4408 παςα
2446 4356 2488 4408 Α
2521 4355 2530 4419 Ι
2561 4369 2728 4420 φαςιν
2755 4355 2797 4407 Α
2832 4357 2840 4418 Ι
2878 4358 2952 4404 11.
2976 4355 3010 4417 ἢ
3037 4352 3202 4406 νέκυς

610 4439 675 4503 b,
713 4456 765 4492 οι
801 4455 965 4493 νεκυς
1002 4440 1045 4493 Α
1077 4443 1086 4506 Ι
1121 4445 1198 4492 12.
1235 4457 1390 4494 ιωςιν
1426 4441 1469 4494 Α
1501 4441 1510 4505 Ι
1540 4446 1817 4516 13.φαςιν
1842 4442 1885 4494 Α
1918 4441 1927 4505 Ι
1965 4447 2039 4493 15.
2066 4455 2366 4506 τυγχαννει
2393 4438 2435 4491 Α
2469 4440 2478 4505 Ι
2510 4444 2588 4493 16.
2617 4438 2930 4491 διαλέκτων
2958 4436 3199 4503 ἐκφορᾷ]

609 4522 704 4576 fol.
748 4529 841 4577 187
866 4540 910 4578 r.
977 4527 986 4589 1
1059 4525 1149 4576 καὶ
1184 4525 1312 4590 post
1346 4525 1660 4590 παραδωςει
1696 4523 1826 4577 add.
1868 4524 1905 4575 b
1969 4527 1980 4592 Ι
2044 4524 2176 4589 ἁμίν
2212 4521 2550 4588 HLAhrens‚
2590 4523 2724 4586 ἁμῖν
2760 4522 2796 4573 b
2859 4525 2868 4586 Ι
2930 4526 3004 4574 18.
3048 4536 3201 4586 εχον·

609 4624 809 4662 τοςτος
842 4609 888 4662 Α
919 4612 929 4673 Ι
966 4613 1042 4661 19.
1081 4604 1371 4675 inscriptio
1408 4622 1532 4673 περι
1567 4623 1670 4674 της
1707 4623 1861 4674 ςφεις
1898 4606 2128 4662 maiuse.
2168 4609 2210 4661 A
2245 4613 2253 4671 Ι
2283 4609 2418 4660 οὔτε
2457 4607 2600 4673 παρ’
2634 4606 2922 4660 Αἰολεθςιν
2959 4602 3086 4657 add.
3121 4602 3159 4655 b
3189 4604 3197 4670 Ι

611 4694 977 4746 ακολουθειαν
1014 4694 1056 4746 Α
1112 4694 1121 4758 Ι
1173 4698 1255 4744 20.
1296 4707 1453 4756 εςχεν
1490 4694 1533 4744 Α
1587 4693 1597 4758 Ι
1649 4696 1731 4746 21.
1771 4692 1890 4757 ἑμεί
1926 4694 2016 4746 καὶ
2051 4692 2136 4745 τε(
2172 4690 2514 4756 HLAhrens,
2553 4691 2677 4755 ἐμεῖ
2709 4692 2800 4743 καί
2834 4688 2992 4743 τεῖ·1)
3036 4691 3045 4756 Ι
3094 4690 3201 4739 δω·

3251 1006 3413 1059 12οΑ

3247 2937 3341 2985 121
3364 2933 3416 2985 A

610 4791 815 4841 ριευςιν
851 4778 894 4830 Α
960 4778 970 4843 Ι
1033 4782 1116 4830 23.
1150 4773 1441 4843 inscriptio
1481 4790 1604 4841 περι
1638 4791 1742 4842 της
1777 4776 1974 4842 ημέων
2009 4775 2239 4834 muiuse.
2277 4779 2319 4831 A
2373 4776 2383 4842 Ι
2437 4781 2520 4833 21.
2556 4791 2768 4829 τουτον
2805 4772 2891 4827 bis
2925 4771 3198 4840 seriptum
3295 4779 3322 4801 ‘

610 4858 739 4912 inA
