3738 5530
601 331 731 397 268
806 328 1255 387 Commentarius
1283 328 1510 386 criticus
1538 333 1598 386 et
1624 328 1946 401 exegeticus
1973 329 2035 385 in
2061 328 2351 400 Apollonii
2377 329 2607 400 Dyscoli
2635 329 2847 401 scripta
2871 330 3103 386 minora.

601 504 850 579 elegerit
895 504 1075 578 atque
1122 495 1589 562 consarcinarit'.
1664 501 1855 588 Immo
1902 519 2062 577 vero,
2107 502 2389 578 quoniam
2434 504 2660 578 septem
2704 502 2908 577 priora
2943 500 3216 580 deinceps

602 592 803 668 capita
862 591 1105 667 desunt,
1163 610 1235 651 ea
1291 592 1438 667 215,
1461 592 1541 651 13
1599 593 1737 668 post
1796 586 2053 665 δόκηειν
2110 610 2229 649 una
2286 592 2531 668 periisse
2592 593 3050 651 consentaneum
3110 595 3214 652 est.

598 682 735 741 Iure
779 681 931 740 illud
967 699 1202 758 quoque
1249 684 1512 740 statuere
1557 681 1706 739 mihi
1742 681 1965 755 videor,
2015 682 2159 756 223,
2184 682 2265 739 22
2306 684 2444 740 ante
2490 675 2664 756 Ἑξῆς
2707 681 2828 740 tria
2871 681 2980 739 illa
3016 684 3216 759 capita

600 770 815 848 quibus
861 766 1008 846 περὶ
1050 770 1184 830 τῶν
1233 765 1803 845 ἐναντιωματικῶν,
1860 766 2008 845 περὶ
2052 768 2186 830 τῶν
2232 764 2651 845 ἀναιρετικῶν
2704 770 2799 830 vel
2846 771 3215 845 δυνητικῶν,

600 856 747 935 περὶ
791 858 925 920 τῶν
971 858 1460 931 ευλλογιετικῶν
1505 860 1604 919 vel
1651 856 2049 935 ἑπιφορικῶν
2093 858 2189 920 vel
2236 858 2725 936 προεληπτικῶν
2772 860 3077 940 agebatur,
3124 861 3216 921 in-

599 949 919 1010 tercidisse.

779 1038 937 1109 Quas
991 1040 1253 1100 iacturas
1308 1040 1509 1098 utrum
1555 1037 1793 1098 cuidam
1839 1040 1944 1114 qui
1987 1038 2295 1117 Apollonii
2355 1038 2574 1098 librum
2635 1038 2952 1116 excerpsit,
3010 1058 3086 1098 an
3143 1040 3218 1099 li·-

600 1128 799 1188 brario
838 1131 940 1206 qui
972 1129 1164 1189 multa
1199 1147 1353 1207 quae
1391 1129 1447 1188 ei
1484 1127 1866 1188 describenda
1895 1132 2067 1189 erant
2102 1129 2299 1208 legere
2325 1149 2445 1189 non
2471 1131 2727 1205 poterat,
2764 1148 2842 1187 an
2877 1131 3212 1206 temporum

599 1217 907 1295 iniquitati
952 1220 1230 1295 imputeS,
1276 1221 1514 1278 omnino
1560 1217 1711 1277 nihil
1753 1218 1953 1278 refert.

777 1307 847 1366 In
889 1308 973 1368 eis
1013 1308 1201 1387 igitur
1244 1326 1396 1384 quae
1439 1307 1803 1385 praecedunt
1847 1307 2204 1384 syndesmici
2250 1308 2700 1385 dispositionem
2744 1307 2834 1368 ita
2878 1326 3080 1368 eruere
3118 1326 3211 1368 co·

599 1399 777 1457 natus
832 1416 990 1474 sum,
1049 1401 1119 1458 ut
1172 1400 1236 1457 in
1289 1398 1487 1474 priore
1541 1399 1713 1474 parte
1766 1398 1963 1475 ipsum
2007 1397 2421 1474 Apollonium,
2479 1399 2543 1456 in
2600 1399 2792 1457 altera
2843 1398 3214 1457 Priscianum

599 1487 808 1546 ducem
843 1487 1098 1547 maxime
1143 1504 1443 1564 sequerer:
1488 1487 1688 1564 idque,
1731 1487 1795 1545 ni
1837 1487 2033 1562 fallor,
2077 1490 2251 1547 recte.
2324 1487 2483 1547 Nam
2518 1490 2588 1546 ut
2623 1487 2889 1548 definitio
2926 1487 3216 1548 Prisciani

600 1595 720 1636 non
773 1579 866 1636 est
916 1576 1321 1653 Apolloniana
1376 1568 1459 1657 (v.
1499 1567 1593 1657 s.),
1637 1578 1727 1636 ita
1771 1595 2014 1654 prorsus
2060 1577 2135 1636 ab
2185 1576 2507 1654 Apollonio
2554 1577 2873 1638 abhorrent
2926 1595 3080 1654 quae
3125 1596 3213 1637 se-

602 1669 867 1742 quuntur
903 1658 1073 1748 (XV1
1106 1667 1138 1724 1
1180 1685 1237 1743 p.
1271 1667 1374 1741 93,
1395 1657 1669 1747 9—10):
1734 1658 2057 1726 ‘Accidunt
2098 1667 2288 1745 igitur
2321 1667 2723 1727 coniuncin'oni
2759 1666 2951 1745 figura
2987 1669 3048 1725 et
3087 1684 3218 1743 spe-

603 1758 746 1830 cieS‚
800 1774 982 1833 quam
1038 1755 1141 1814 alii
1197 1758 1555 1831 potestatem
1612 1755 1949 1832 nominant,
2006 1775 2156 1833 quae
2212 1759 2303 1817 est
2354 1758 2418 1815 in
2464 1756 2895 1834 significatione
2941 1756 3217 1816 coniunc-

600 1843 858 1921 tionum,
912 1846 1222 1922 praeterea
1266 1838 1449 1905 ordo.'
1540 1844 1755 1921 Itaque
1801 1845 1865 1904 in
1909 1845 2003 1906 his
2048 1845 2200 1904 nihil
2246 1848 2362 1920 est,
2416 1864 2535 1923 quo
2580 1848 2818 1925 integra
2861 1845 3216 1922 syndesmici

602 1934 795 1994 forma
839 1937 1248 2013 cognoscatur,
1292 1953 1484 2011 neque
1528 1953 1669 1994 vcro
1713 1934 2023 2012 probabile
2070 1937 2177 2010 est,
2220 1934 2608 2012 Apollonium
2654 1931 2800 2010 περὶ
2844 1930 3216 2010 προτάξεωε

602 2020 704 2083 καὶ
760 2018 1131 2086 ὑποτάξεω(
1189 2022 1671 2084 coniunctionum
1729 2026 1989 2083 extremo
2050 2023 2201 2084 libro
2262 2024 2482 2103 egisse,
2538 2024 2644 2084 ubi
2701 2024 2774 2083 de
2832 2024 3039 2084 ordine
3093 2026 3218 2102 egit

603 2113 944 2173 Priscianus
991 2105 1075 2195 (p.
1119 2114 1747 2190 104,14—105,14;
1791 2133 1846 2174 v.
1886 2109 1980 2192 s.).

781 2200 1001 2263 Contra
1044 2203 1108 2262 in
1155 2203 1345 2262 altera
1389 2205 1590 2280 parte,
1643 2205 1707 2262 in
1753 2222 1875 2280 qua
1919 2205 2361 2263 coniunctiones
2407 2203 2740 2282 generatim
2787 2204 3217 2278 examinantur,

600 2291 968 2352 Priscianum
1004 2292 1311 2369 Apollonii
1354 2293 1611 2371 vestigia
1655 2295 1924 2352 secutum
1968 2311 2111 2367 esse,
2157 2296 2218 2353 et
2261 2293 2503 2352 nomina
2549 2293 2623 2352 ab
2668 2296 2921 2370 utroque
2966 2292 3111 2352 data
3155 2295 3218 2353 et

600 2385 919 2460 praecepta
973 2381 1045 2441 de
1101 2382 1631 2460 significationibus
1677 2385 2089 2459 comparantes
2142 2384 2548 2460 perspicimus.
2642 2381 2871 2453 Quibus
2926 2401 2997 2442 ex
3041 2381 3215 2442 rebus

602 2490 755 2548 quae
811 2470 888 2530 ad
942 2474 1179 2531 servata
1232 2473 1433 2548 capita
1486 2470 1811 2548 pertinent,
1872 2490 1979 2532 suo
2034 2473 2162 2532 loco
2219 2476 2280 2532 et
2332 2473 2397 2530 in
2443 2473 2796 2532 testimoniis
2843 2474 2905 2532 et
2947 2472 3013 2530 in
3057 2491 3215 2532 com·

601 2561 894 2621 mentario
932 2561 1153 2620 allatae
1189 2563 1345 2621 sunt.
1415 2559 1639 2630 Quodsi
1676 2579 1774 2621 eas
1812 2581 2051 2638 quoque
2086 2580 2403 2640 congerere
2438 2561 2670 2636 vellem,
2706 2580 2858 2639 quae
2897 2561 2975 2620 ad
3010 2561 3215 2638 deper-

602 2649 732 2709 dita
777 2653 1068 2727 spectant,
1111 2650 1258 2710 fines
1305 2650 1521 2727 quibus
1567 2653 2023 2712 commentarius
2069 2650 2570 2712 circumscribitur
2603 2651 3062 2731 transgrederer.
