<?xml version="1.0" encoding="UTF-8"?>
<!DOCTYPE html PUBLIC "-//W3C//DTD XHTML 1.0 Transitional//EN"
    "http://www.w3.org/TR/xhtml1/DTD/xhtml1-transitional.dtd">
<html xmlns="http://www.w3.org/1999/xhtml" xml:lang="en" lang="en">
 <head>
  <title>
</title>
<meta http-equiv="Content-Type" content="text/html;charset=utf-8" />
  <meta name='ocr-system' content='tesseract 3.04.00' />
  <meta name='ocr-capabilities' content='ocr_page ocr_carea ocr_par ocr_line ocrx_word'/>
</head>
<body>
  <div class='ocr_page' id='page_1' title='image "./grammaticigraec00unkngoog_0439.png"; bbox 0 0 3738 5530; ppageno 0'>
   <div class='ocr_carea' id='block_1_1' title="bbox 537 325 3056 427">
    <p class='ocr_par' dir='ltr' id='par_1_1' title="bbox 537 325 3056 427">
     <span class='ocr_line' id='line_1_1' title="bbox 537 325 3056 427; baseline -0.001 -13"><span class='ocrx_word' id='word_1_1' title='bbox 537 325 984 414; x_wconf 82' lang='lat' dir='ltr'><strong>Commentarius</strong></span> <span class='ocrx_word' id='word_1_2' title='bbox 1012 358 1240 413; x_wconf 88' lang='lat' dir='ltr'><strong>criticus</strong></span> <span class='ocrx_word' id='word_1_3' title='bbox 1267 358 1327 411; x_wconf 84' lang='lat' dir='ltr'><strong>et</strong></span> <span class='ocrx_word' id='word_1_4' title='bbox 1359 356 1682 427; x_wconf 72' lang='lat' dir='ltr'><strong>exegeticus</strong></span> <span class='ocrx_word' id='word_1_5' title='bbox 1709 356 1770 410; x_wconf 91' lang='lat' dir='ltr'><strong>in</strong></span> <span class='ocrx_word' id='word_1_6' title='bbox 1797 355 2087 426; x_wconf 84' lang='lat' dir='ltr'><strong>Apollonii</strong></span> <span class='ocrx_word' id='word_1_7' title='bbox 2113 354 2342 426; x_wconf 81' lang='lat' dir='ltr'><strong>Dyscoli</strong></span> <span class='ocrx_word' id='word_1_8' title='bbox 2371 355 2583 426; x_wconf 84' lang='lat' dir='ltr'><strong>scripta</strong></span> <span class='ocrx_word' id='word_1_9' title='bbox 2610 355 2842 411; x_wconf 82' lang='lat' dir='ltr'><strong>minora.</strong></span> <span class='ocrx_word' id='word_1_10' title='bbox 2930 357 3056 422; x_wconf 75' lang='lat'><strong>145</strong></span> 
     </span>
    </p>
   </div>
   <div class='ocr_carea' id='block_1_2' title="bbox 435 524 3063 5162">
    <p class='ocr_par' dir='ltr' id='par_1_2' title="bbox 436 524 3059 2041">
     <span class='ocr_line' id='line_1_2' title="bbox 441 524 3055 603; baseline -0.002 -15"><span class='ocrx_word' id='word_1_11' title='bbox 441 524 756 603; x_wconf 82' lang='grc' dir='ltr'>ἐπίρρημα</span> <span class='ocrx_word' id='word_1_12' title='bbox 792 528 1145 588; x_wconf 80' lang='lat' dir='ltr'><strong>vocabulum</strong></span> <span class='ocrx_word' id='word_1_13' title='bbox 1192 545 1317 587; x_wconf 88' lang='lat' dir='ltr'><strong>esse</strong></span> <span class='ocrx_word' id='word_1_14' title='bbox 1363 526 1543 587; x_wconf 80' lang='lat' dir='ltr'><strong>verbo</strong></span> <span class='ocrx_word' id='word_1_15' title='bbox 1587 525 2007 603; x_wconf 88' lang='lat' dir='ltr'><strong>postpositum,</strong></span> <span class='ocrx_word' id='word_1_16' title='bbox 2049 525 2278 603; x_wconf 87' lang='lat' dir='ltr'><strong>triplici</strong></span> <span class='ocrx_word' id='word_1_17' title='bbox 2312 525 2645 585; x_wconf 77' lang='lat' dir='ltr'><strong>mutatione</strong></span> <span class='ocrx_word' id='word_1_18' title='bbox 2682 526 2737 584; x_wconf 89' lang='lat' dir='ltr'><strong>h.</strong></span> <span class='ocrx_word' id='word_1_19' title='bbox 2767 526 2805 584; x_wconf 93' lang='lat' dir='ltr'><strong>l.</strong></span> <span class='ocrx_word' id='word_1_20' title='bbox 2844 544 3055 586; x_wconf 84' lang='lat' dir='ltr'><strong>sanare</strong></span> 
     </span>
     <span class='ocr_line' id='line_1_3' title="bbox 440 614 3054 695; baseline -0.002 -16"><span class='ocrx_word' id='word_1_21' title='bbox 440 621 687 679; x_wconf 87' lang='lat' dir='ltr'><strong>conatus</strong></span> <span class='ocrx_word' id='word_1_22' title='bbox 724 621 834 693; x_wconf 87' lang='lat' dir='ltr'><strong>est,</strong></span> <span class='ocrx_word' id='word_1_23' title='bbox 877 617 1072 676; x_wconf 89' lang='lat' dir='ltr'><strong>tribus</strong></span> <span class='ocrx_word' id='word_1_24' title='bbox 1107 617 1416 695; x_wconf 88' lang='lat' dir='ltr'><strong>Apollonii</strong></span> <span class='ocrx_word' id='word_1_25' title='bbox 1451 617 1598 676; x_wconf 89' lang='lat' dir='ltr'><strong>locis</strong></span> <span class='ocrx_word' id='word_1_26' title='bbox 1642 616 1827 692; x_wconf 89' lang='lat' dir='ltr'><strong>m&#39;sus,</strong></span> <span class='ocrx_word' id='word_1_27' title='bbox 1875 633 2022 693; x_wconf 89' lang='lat' dir='ltr'><strong>quos</strong></span> <span class='ocrx_word' id='word_1_28' title='bbox 2066 616 2275 692; x_wconf 83' lang='lat' dir='ltr'><strong>postea</strong></span> <span class='ocrx_word' id='word_1_29' title='bbox 2318 614 2805 691; x_wconf 87' lang='lat' dir='ltr'><strong>percensebimus.</strong></span> <span class='ocrx_word' id='word_1_30' title='bbox 2878 615 3054 675; x_wconf 82' lang='lat' dir='ltr'><strong>Nunc</strong></span> 
     </span>
     <span class='ocr_line' id='line_1_4' title="bbox 437 704 3056 785; baseline -0.001 -19"><span class='ocrx_word' id='word_1_31' title='bbox 437 711 509 766; x_wconf 91' lang='lat' dir='ltr'><strong>ut</strong></span> <span class='ocrx_word' id='word_1_32' title='bbox 552 707 617 766; x_wconf 88' lang='lat' dir='ltr'><strong>in</strong></span> <span class='ocrx_word' id='word_1_33' title='bbox 661 707 718 765; x_wconf 90' lang='lat' dir='ltr'><strong>h.</strong></span> <span class='ocrx_word' id='word_1_34' title='bbox 758 708 799 767; x_wconf 92' lang='lat' dir='ltr'><strong>l.</strong></span> <span class='ocrx_word' id='word_1_35' title='bbox 845 707 1262 767; x_wconf 72' lang='lat' dir='ltr'><strong>subsistamus:</strong></span> <span class='ocrx_word' id='word_1_36' title='bbox 1306 706 1417 765; x_wconf 80' lang='lat' dir='ltr'><strong>illa</strong></span> <span class='ocrx_word' id='word_1_37' title='bbox 1460 705 1794 785; x_wconf 84' lang='lat' dir='ltr'><strong>corrigendi</strong></span> <span class='ocrx_word' id='word_1_38' title='bbox 1838 705 1994 764; x_wconf 82' lang='lat' dir='ltr'><strong>ratio</strong></span> <span class='ocrx_word' id='word_1_39' title='bbox 2041 723 2176 764; x_wconf 90' lang='lat' dir='ltr'><strong>cum</strong></span> <span class='ocrx_word' id='word_1_40' title='bbox 2218 723 2327 781; x_wconf 88' lang='lat' dir='ltr'><strong>per</strong></span> <span class='ocrx_word' id='word_1_41' title='bbox 2370 723 2432 764; x_wconf 91' lang='lat' dir='ltr'><strong>se</strong></span> <span class='ocrx_word' id='word_1_42' title='bbox 2476 723 2691 781; x_wconf 87' lang='lat' dir='ltr'><strong>parum</strong></span> <span class='ocrx_word' id='word_1_43' title='bbox 2732 704 3056 782; x_wconf 82' lang='lat' dir='ltr'><strong>probabili-</strong></span> 
     </span>
     <span class='ocr_line' id='line_1_5' title="bbox 437 794 3055 879; baseline -0.002 -23"><span class='ocrx_word' id='word_1_44' title='bbox 437 797 583 857; x_wconf 81' lang='lat' dir='ltr'><strong>tatis</strong></span> <span class='ocrx_word' id='word_1_45' title='bbox 630 796 875 872; x_wconf 82' lang='lat' dir='ltr'><strong>habeat,</strong></span> <span class='ocrx_word' id='word_1_46' title='bbox 931 800 1063 856; x_wconf 87' lang='lat' dir='ltr'><strong>tum</strong></span> <span class='ocrx_word' id='word_1_47' title='bbox 1107 795 1351 856; x_wconf 76' lang='lat' dir='ltr'><strong>obstant</strong></span> <span class='ocrx_word' id='word_1_48' title='bbox 1404 813 1476 856; x_wconf 85' lang='lat' dir='ltr'><strong>ea</strong></span> <span class='ocrx_word' id='word_1_49' title='bbox 1524 815 1674 872; x_wconf 83' lang='lat' dir='ltr'><strong>quae</strong></span> <span class='ocrx_word' id='word_1_50' title='bbox 1720 796 2074 871; x_wconf 86' lang='lat' dir='ltr'><strong>sequuntur,</strong></span> <span class='ocrx_word' id='word_1_51' title='bbox 2128 797 2199 854; x_wconf 90' lang='lat' dir='ltr'><strong>ut</strong></span> <span class='ocrx_word' id='word_1_52' title='bbox 2242 796 2399 879; x_wconf 84' lang='lat' dir='ltr'><strong>recte</strong></span> <span class='ocrx_word' id='word_1_53' title='bbox 2444 797 2649 854; x_wconf 87' lang='lat' dir='ltr'><strong>monet</strong></span> <span class='ocrx_word' id='word_1_54' title='bbox 2693 794 2816 854; x_wconf 70' lang='lat' dir='ltr'><strong>Sko,</strong></span> <span class='ocrx_word' id='word_1_55' title='bbox 2851 794 2914 853; x_wconf 90' lang='grc' dir='ltr'>Π</span> <span class='ocrx_word' id='word_1_56' title='bbox 2955 795 3055 854; x_wconf 93' lang='grc'><strong>23.</strong></span> 
     </span>
     <span class='ocr_line' id='line_1_6' title="bbox 439 882 3057 961; baseline -0.001 -16"><span class='ocrx_word' id='word_1_57' title='bbox 439 886 509 945; x_wconf 90' lang='grc' dir='ltr'><strong>Ιιι</strong></span> <span class='ocrx_word' id='word_1_58' title='bbox 557 887 640 947; x_wconf 89' lang='lat' dir='ltr'><strong>eis</strong></span> <span class='ocrx_word' id='word_1_59' title='bbox 687 889 846 945; x_wconf 91' lang='lat' dir='ltr'><strong>enim</strong></span> <span class='ocrx_word' id='word_1_60' title='bbox 890 885 1064 946; x_wconf 89' lang='lat' dir='ltr'><strong>docet</strong></span> <span class='ocrx_word' id='word_1_61' title='bbox 1108 885 1426 961; x_wconf 79' lang='lat' dir='ltr'><strong>Dyscolus,</strong></span> <span class='ocrx_word' id='word_1_62' title='bbox 1482 885 1703 946; x_wconf 86' lang='lat' dir='ltr'><strong>falsum</strong></span> <span class='ocrx_word' id='word_1_63' title='bbox 1747 902 1874 945; x_wconf 87' lang='lat' dir='ltr'><strong>esse</strong></span> <span class='ocrx_word' id='word_1_64' title='bbox 1921 882 2079 960; x_wconf 90' lang='lat' dir='ltr'><strong>quod</strong></span> <span class='ocrx_word' id='word_1_65' title='bbox 2125 884 2232 943; x_wconf 82' lang='lat' dir='ltr'><strong>alii</strong></span> <span class='ocrx_word' id='word_1_66' title='bbox 2278 883 2577 958; x_wconf 82' lang='lat' dir='ltr'><strong>dixerant,</strong></span> <span class='ocrx_word' id='word_1_67' title='bbox 2631 885 2813 943; x_wconf 87' lang='lat' dir='ltr'><strong>etiam</strong></span> <span class='ocrx_word' id='word_1_68' title='bbox 2856 887 3057 960; x_wconf 92' lang='lat' dir='ltr'><strong>post-</strong></span> 
     </span>
     <span class='ocr_line' id='line_1_7' title="bbox 436 973 3057 1053; baseline -0.002 -18"><span class='ocrx_word' id='word_1_69' title='bbox 436 978 580 1053; x_wconf 87' lang='lat' dir='ltr'><strong>poni</strong></span> <span class='ocrx_word' id='word_1_70' title='bbox 627 974 907 1035; x_wconf 80' lang='lat' dir='ltr'><strong>adverbia</strong></span> <span class='ocrx_word' id='word_1_71' title='bbox 951 975 1117 1035; x_wconf 86' lang='lat' dir='ltr'><strong>nullo</strong></span> <span class='ocrx_word' id='word_1_72' title='bbox 1153 974 1519 1035; x_wconf 81' lang='lat' dir='ltr'><strong>discrimine:</strong></span> <span class='ocrx_word' id='word_1_73' title='bbox 1565 975 1663 1053; x_wconf 88' lang='lat' dir='ltr'><strong>leg</strong></span> <span class='ocrx_word' id='word_1_74' title='bbox 1663 993 1758 1034; x_wconf 89' lang='lat' dir='ltr'><strong>em</strong></span> <span class='ocrx_word' id='word_1_75' title='bbox 1802 976 1963 1034; x_wconf 84' lang='lat' dir='ltr'><strong>enim</strong></span> <span class='ocrx_word' id='word_1_76' title='bbox 2007 991 2132 1034; x_wconf 86' lang='lat' dir='ltr'><strong>esse</strong></span> <span class='ocrx_word' id='word_1_77' title='bbox 2178 976 2248 1033; x_wconf 85' lang='grc' dir='ltr'><strong>ιιι</strong></span> <span class='ocrx_word' id='word_1_78' title='bbox 2291 977 2800 1050; x_wconf 70' lang='lat' dir='ltr'><strong>praeponantur,</strong></span> <span class='ocrx_word' id='word_1_79' title='bbox 2845 973 2908 1032; x_wconf 91' lang='lat' dir='ltr'><strong>id</strong></span> <span class='ocrx_word' id='word_1_80' title='bbox 2952 973 3057 1032; x_wconf 88' lang='lat' dir='ltr'><strong>ubi</strong></span> 
     </span>
     <span class='ocr_line' id='line_1_8' title="bbox 438 1055 3055 1176; baseline -0.001 -52"><span class='ocrx_word' id='word_1_81' title='bbox 438 1085 558 1125; x_wconf 89' lang='lat' dir='ltr'><strong>non</strong></span> <span class='ocrx_word' id='word_1_82' title='bbox 601 1065 726 1141; x_wconf 87' lang='lat' dir='ltr'><strong>fiat,</strong></span> <span class='ocrx_word' id='word_1_83' title='bbox 770 1061 1136 1140; x_wconf 81' lang='grc' dir='ltr'>ὑπερβατὸν</span> <span class='ocrx_word' id='word_1_84' title='bbox 1183 1083 1308 1125; x_wconf 87' lang='lat' dir='ltr'><strong>esse</strong></span> <span class='ocrx_word' id='word_1_85' title='bbox 1356 1056 1438 1147; x_wconf 82' lang='lat' dir='ltr'><strong>(v.</strong></span> <span class='ocrx_word' id='word_1_86' title='bbox 1476 1064 1755 1142; x_wconf 71' lang='lat' dir='ltr'><strong>paraphr.</strong></span> <span class='ocrx_word' id='word_1_87' title='bbox 1803 1065 1875 1124; x_wconf 91' lang='lat' dir='ltr'><strong>cl.</strong></span> <span class='ocrx_word' id='word_1_88' title='bbox 1915 1066 2070 1140; x_wconf 81' lang='lat' dir='ltr'><strong>synt.</strong></span> <span class='ocrx_word' id='word_1_89' title='bbox 2114 1063 2215 1138; x_wconf 89' lang='lat'><strong>18,</strong></span> <span class='ocrx_word' id='word_1_90' title='bbox 2238 1055 2352 1176; x_wconf 85' lang='grc'><strong>7).</strong></span> <span class='ocrx_word' id='word_1_91' title='bbox 2404 1063 2495 1122; x_wconf 82' lang='lat' dir='ltr'><strong>Ex</strong></span> <span class='ocrx_word' id='word_1_92' title='bbox 2541 1063 2652 1122; x_wconf 89' lang='lat' dir='ltr'><strong>hoc</strong></span> <span class='ocrx_word' id='word_1_93' title='bbox 2691 1064 2881 1142; x_wconf 89' lang='lat' dir='ltr'><strong>igitur</strong></span> <span class='ocrx_word' id='word_1_94' title='bbox 2926 1063 3055 1122; x_wconf 93' lang='lat' dir='ltr'><strong>loco</strong></span> 
     </span>
     <span class='ocr_line' id='line_1_9' title="bbox 439 1146 3056 1232; baseline -0 -18"><span class='ocrx_word' id='word_1_95' title='bbox 439 1154 665 1232; x_wconf 88' lang='lat' dir='ltr'><strong>optimo</strong></span> <span class='ocrx_word' id='word_1_96' title='bbox 720 1155 849 1214; x_wconf 90' lang='lat' dir='ltr'><strong>iure</strong></span> <span class='ocrx_word' id='word_1_97' title='bbox 908 1154 1223 1214; x_wconf 88' lang='lat' dir='ltr'><strong>concludas</strong></span> <span class='ocrx_word' id='word_1_98' title='bbox 1279 1149 1710 1215; x_wconf 84' lang='grc' dir='ltr'>ἐπιτάςςεςθαι</span> <span class='ocrx_word' id='word_1_99' title='bbox 1765 1172 1891 1213; x_wconf 89' lang='lat' dir='ltr'><strong>esse</strong></span> <span class='ocrx_word' id='word_1_100' title='bbox 1947 1152 2107 1231; x_wconf 89' lang='lat' dir='ltr'><strong>apud</strong></span> <span class='ocrx_word' id='word_1_101' title='bbox 2161 1153 2275 1229; x_wconf 86' lang='lat' dir='ltr'><strong>Ap.</strong></span> <span class='ocrx_word' id='word_1_102' title='bbox 2333 1146 2686 1229; x_wconf 76' lang='lat' dir='ltr'><strong>‘praeponi&#39;,</strong></span> <span class='ocrx_word' id='word_1_103' title='bbox 2750 1152 2835 1213; x_wconf 91' lang='lat' dir='ltr'><strong>eis</strong></span> <span class='ocrx_word' id='word_1_104' title='bbox 2895 1155 3056 1213; x_wconf 82' lang='lat' dir='ltr'><strong>certe</strong></span> 
     </span>
     <span class='ocr_line' id='line_1_10' title="bbox 440 1239 3059 1321; baseline -0.002 -17"><span class='ocrx_word' id='word_1_105' title='bbox 440 1244 603 1319; x_wconf 88' lang='lat' dir='ltr'><strong>locis,</strong></span> <span class='ocrx_word' id='word_1_106' title='bbox 649 1244 751 1304; x_wconf 90' lang='lat' dir='ltr'><strong>ubi</strong></span> <span class='ocrx_word' id='word_1_107' title='bbox 788 1239 1244 1305; x_wconf 83' lang='grc' dir='ltr'>ὑποτάςςεςθαι</span> <span class='ocrx_word' id='word_1_108' title='bbox 1279 1242 1461 1304; x_wconf 80' lang='lat' dir='ltr'><strong>verbo</strong></span> <span class='ocrx_word' id='word_1_109' title='bbox 1498 1243 1836 1321; x_wconf 87' lang='lat' dir='ltr'><strong>opponitur,</strong></span> <span class='ocrx_word' id='word_1_110' title='bbox 1883 1245 1953 1302; x_wconf 89' lang='lat' dir='ltr'><strong>ut</strong></span> <span class='ocrx_word' id='word_1_111' title='bbox 1994 1242 2158 1301; x_wconf 84' lang='lat' dir='ltr'><strong>h.1.:</strong></span> <span class='ocrx_word' id='word_1_112' title='bbox 2202 1241 2266 1301; x_wconf 90' lang='lat' dir='ltr'><strong>id</strong></span> <span class='ocrx_word' id='word_1_113' title='bbox 2312 1241 2469 1301; x_wconf 87' lang='lat' dir='ltr'><strong>enim</strong></span> <span class='ocrx_word' id='word_1_114' title='bbox 2506 1241 2610 1300; x_wconf 91' lang='lat' dir='ltr'><strong>ubi</strong></span> <span class='ocrx_word' id='word_1_115' title='bbox 2652 1261 2773 1302; x_wconf 91' lang='lat' dir='ltr'><strong>non</strong></span> <span class='ocrx_word' id='word_1_116' title='bbox 2811 1243 3059 1319; x_wconf 86' lang='lat' dir='ltr'><strong>opponi-</strong></span> 
     </span>
     <span class='ocr_line' id='line_1_11' title="bbox 437 1328 3054 1408; baseline -0.002 -14"><span class='ocrx_word' id='word_1_117' title='bbox 437 1338 556 1408; x_wconf 83' lang='lat' dir='ltr'><strong>tur,</strong></span> <span class='ocrx_word' id='word_1_118' title='bbox 612 1328 1040 1394; x_wconf 80' lang='grc' dir='ltr'>ἐπιτάςςεςθαι</span> <span class='ocrx_word' id='word_1_119' title='bbox 1097 1329 1438 1394; x_wconf 80' lang='grc' dir='ltr'>ἐπικεῖςθαι</span> <span class='ocrx_word' id='word_1_120' title='bbox 1493 1337 1584 1393; x_wconf 90' lang='lat' dir='ltr'><strong>est</strong></span> <span class='ocrx_word' id='word_1_121' title='bbox 1635 1333 1879 1392; x_wconf 89' lang='lat' dir='ltr'><strong>notione</strong></span> <span class='ocrx_word' id='word_1_122' title='bbox 1923 1332 2108 1391; x_wconf 83' lang='lat' dir='ltr'><strong>latius</strong></span> <span class='ocrx_word' id='word_1_123' title='bbox 2163 1333 2406 1407; x_wconf 84' lang='lat' dir='ltr'><strong>patente</strong></span> <span class='ocrx_word' id='word_1_124' title='bbox 2460 1332 2728 1408; x_wconf 84' lang='lat' dir='ltr'><strong>apponi,</strong></span> <span class='ocrx_word' id='word_1_125' title='bbox 2781 1335 2853 1391; x_wconf 88' lang='lat' dir='ltr'><strong>ut</strong></span> <span class='ocrx_word' id='word_1_126' title='bbox 2905 1333 3054 1391; x_wconf 90' lang='lat' dir='ltr'><strong>coni.</strong></span> 
     </span>
     <span class='ocr_line' id='line_1_12' title="bbox 443 1416 3053 1499; baseline -0.001 -17"><span class='ocrx_word' id='word_1_127' title='bbox 443 1423 695 1499; x_wconf 83' lang='grc'><strong>222,18</strong></span> <span class='ocrx_word' id='word_1_128' title='bbox 741 1418 783 1496; x_wconf 84' lang='grc' dir='ltr'>ἡ</span> <span class='ocrx_word' id='word_1_129' title='bbox 821 1417 1145 1497; x_wconf 86' lang='grc' dir='ltr'>ἀπόφαςις</span> <span class='ocrx_word' id='word_1_130' title='bbox 1190 1419 1319 1497; x_wconf 86' lang='grc' dir='ltr'><strong>πρὸ</strong></span> <span class='ocrx_word' id='word_1_131' title='bbox 1357 1417 1639 1497; x_wconf 84' lang='grc' dir='ltr'>ῥήματος</span> <span class='ocrx_word' id='word_1_132' title='bbox 1686 1417 2143 1496; x_wconf 79' lang='grc' dir='ltr'>ἐπιταςςομένη</span> <span class='ocrx_word' id='word_1_133' title='bbox 2189 1419 2362 1481; x_wconf 86' lang='grc' dir='ltr'>ποιεῖ</span> <span class='ocrx_word' id='word_1_134' title='bbox 2398 1416 2830 1481; x_wconf 86' lang='grc' dir='ltr'>αὐτοτέλειαν.</span> <span class='ocrx_word' id='word_1_135' title='bbox 2885 1439 3053 1497; x_wconf 89' lang='lat' dir='ltr'><strong>pron.</strong></span> 
     </span>
     <span class='ocr_line' id='line_1_13' title="bbox 442 1505 3056 1593; baseline -0.001 -22"><span class='ocrx_word' id='word_1_136' title='bbox 442 1513 649 1588; x_wconf 85' lang='grc'><strong>62,16</strong></span> <span class='ocrx_word' id='word_1_137' title='bbox 690 1508 883 1572; x_wconf 85' lang='grc' dir='ltr'>παντὶ</span> <span class='ocrx_word' id='word_1_138' title='bbox 918 1508 1245 1593; x_wconf 85' lang='grc' dir='ltr'>προςώπω</span> <span class='ocrx_word' id='word_1_139' title='bbox 1292 1507 1829 1592; x_wconf 85' lang='grc' dir='ltr'>ὀρθοτονουμένῳ</span> <span class='ocrx_word' id='word_1_140' title='bbox 1878 1506 2145 1571; x_wconf 85' lang='grc' dir='ltr'>ςύνεςτι</span> <span class='ocrx_word' id='word_1_141' title='bbox 2192 1505 2259 1586; x_wconf 86' lang='grc' dir='ltr'><strong>(ἡ</strong></span> <span class='ocrx_word' id='word_1_142' title='bbox 2307 1506 2548 1588; x_wconf 86' lang='grc' dir='ltr'>αὐτός),</span> <span class='ocrx_word' id='word_1_143' title='bbox 2596 1507 2698 1571; x_wconf 81' lang='grc' dir='ltr'><strong>διὸ</strong></span> <span class='ocrx_word' id='word_1_144' title='bbox 2744 1506 2846 1570; x_wconf 86' lang='grc' dir='ltr'><strong>καὶ</strong></span> <span class='ocrx_word' id='word_1_145' title='bbox 2894 1506 3056 1569; x_wconf 82' lang='grc' dir='ltr'>ἐπι-</span> 
     </span>
     <span class='ocr_line' id='line_1_14' title="bbox 441 1591 3056 1683; baseline -0.001 -22"><span class='ocrx_word' id='word_1_146' title='bbox 441 1598 789 1676; x_wconf 79' lang='grc' dir='ltr'>ταγματικὴ</span> <span class='ocrx_word' id='word_1_147' title='bbox 838 1597 1129 1662; x_wconf 85' lang='grc' dir='ltr'>ἐκαλεῖτο</span> <span class='ocrx_word' id='word_1_148' title='bbox 1175 1596 1305 1661; x_wconf 82' lang='grc' dir='ltr'><strong>ὑπὸ</strong></span> <span class='ocrx_word' id='word_1_149' title='bbox 1349 1596 1764 1676; x_wconf 85' lang='grc' dir='ltr'>Ἀριςτάρχου</span> <span class='ocrx_word' id='word_1_150' title='bbox 1811 1594 1914 1683; x_wconf 82' lang='lat' dir='ltr'><strong>(cf.</strong></span> <span class='ocrx_word' id='word_1_151' title='bbox 1956 1602 2059 1677; x_wconf 89' lang='grc'><strong>60,</strong></span> <span class='ocrx_word' id='word_1_152' title='bbox 2082 1591 2212 1681; x_wconf 85' lang='grc'><strong>23).</strong></span> <span class='ocrx_word' id='word_1_153' title='bbox 2286 1599 2416 1659; x_wconf 86' lang='lat' dir='ltr'><strong>adv.</strong></span> <span class='ocrx_word' id='word_1_154' title='bbox 2460 1601 2607 1674; x_wconf 88' lang='grc'><strong>125,</strong></span> <span class='ocrx_word' id='word_1_155' title='bbox 2629 1602 2710 1659; x_wconf 91' lang='grc'><strong>22</strong></span> <span class='ocrx_word' id='word_1_156' title='bbox 2757 1595 2839 1659; x_wconf 88' lang='grc' dir='ltr'><strong>τὰ</strong></span> <span class='ocrx_word' id='word_1_157' title='bbox 2898 1594 3056 1659; x_wconf 86' lang='grc' dir='ltr'>ἐπι·</span> 
     </span>
     <span class='ocr_line' id='line_1_15' title="bbox 440 1682 3055 1765; baseline -0.001 -14"><span class='ocrx_word' id='word_1_158' title='bbox 440 1688 658 1751; x_wconf 84' lang='grc' dir='ltr'>θετικὰ</span> <span class='ocrx_word' id='word_1_159' title='bbox 701 1690 834 1751; x_wconf 86' lang='grc' dir='ltr'><strong>τῶν</strong></span> <span class='ocrx_word' id='word_1_160' title='bbox 880 1685 1224 1765; x_wconf 85' lang='grc' dir='ltr'>ὀνομάτων</span> <span class='ocrx_word' id='word_1_161' title='bbox 1270 1689 1709 1765; x_wconf 79' lang='grc' dir='ltr'>προηγεῖςθαι</span> <span class='ocrx_word' id='word_1_162' title='bbox 1755 1687 1927 1751; x_wconf 85' lang='grc' dir='ltr'>θέλει</span> <span class='ocrx_word' id='word_1_163' title='bbox 1963 1689 2096 1751; x_wconf 84' lang='grc' dir='ltr'><strong>τῶν</strong></span> <span class='ocrx_word' id='word_1_164' title='bbox 2134 1682 2232 1750; x_wconf 85' lang='grc' dir='ltr'><strong>οἷς</strong></span> <span class='ocrx_word' id='word_1_165' title='bbox 2270 1684 2616 1749; x_wconf 81' lang='grc' dir='ltr'>ἐπίκειται.</span> <span class='ocrx_word' id='word_1_166' title='bbox 2690 1688 2769 1748; x_wconf 89' lang='lat' dir='ltr'><strong>ib.</strong></span> <span class='ocrx_word' id='word_1_167' title='bbox 2807 1689 3055 1764; x_wconf 86' lang='grc'><strong>128,13</strong></span> 
     </span>
     <span class='ocr_line' id='line_1_16' title="bbox 441 1774 3059 1858; baseline -0.001 -17"><span class='ocrx_word' id='word_1_168' title='bbox 441 1776 512 1841; x_wconf 85' lang='grc' dir='ltr'><strong>ἐκ</strong></span> <span class='ocrx_word' id='word_1_169' title='bbox 565 1778 680 1856; x_wconf 83' lang='grc' dir='ltr'><strong>μὲν</strong></span> <span class='ocrx_word' id='word_1_170' title='bbox 736 1774 857 1840; x_wconf 88' lang='grc' dir='ltr'><strong>οὗν</strong></span> <span class='ocrx_word' id='word_1_171' title='bbox 912 1776 1266 1840; x_wconf 87' lang='grc' dir='ltr'>ςυντάξεως</span> <span class='ocrx_word' id='word_1_172' title='bbox 1320 1777 1580 1852; x_wconf 79' lang='grc' dir='ltr'>γένοιτο</span> <span class='ocrx_word' id='word_1_173' title='bbox 1628 1775 1709 1840; x_wconf 86' lang='grc' dir='ltr'><strong>ἂν</strong></span> <span class='ocrx_word' id='word_1_174' title='bbox 1756 1776 2154 1855; x_wconf 82' lang='grc' dir='ltr'>ἐπιρρήματα</span> <span class='ocrx_word' id='word_1_175' title='bbox 2207 1779 2385 1858; x_wconf 60' lang='grc' dir='ltr'><strong>τῇδε</strong></span> <span class='ocrx_word' id='word_1_176' title='bbox 2464 1774 2564 1838; x_wconf 88' lang='grc' dir='ltr'><strong>ὅτι</strong></span> <span class='ocrx_word' id='word_1_177' title='bbox 2620 1774 2923 1838; x_wconf 83' lang='grc' dir='ltr'>ἐπίκειται</span> <span class='ocrx_word' id='word_1_178' title='bbox 2977 1775 3059 1839; x_wconf 87' lang='grc' dir='ltr'><strong>τὰ</strong></span> 
     </span>
     <span class='ocr_line' id='line_1_17' title="bbox 440 1863 3059 1945; baseline -0 -16"><span class='ocrx_word' id='word_1_179' title='bbox 440 1865 838 1945; x_wconf 83' lang='grc' dir='ltr'>ἐπιρρήματα</span> <span class='ocrx_word' id='word_1_180' title='bbox 882 1868 1019 1930; x_wconf 85' lang='grc' dir='ltr'>τοῖς</span> <span class='ocrx_word' id='word_1_181' title='bbox 1066 1865 1348 1944; x_wconf 84' lang='grc' dir='ltr'>ῥήμαςιν.</span> <span class='ocrx_word' id='word_1_182' title='bbox 1422 1869 1667 1930; x_wconf 88' lang='lat' dir='ltr'><strong>Duobus</strong></span> <span class='ocrx_word' id='word_1_183' title='bbox 1714 1870 1859 1930; x_wconf 86' lang='lat' dir='ltr'><strong>locis</strong></span> <span class='ocrx_word' id='word_1_184' title='bbox 1905 1869 2010 1929; x_wconf 89' lang='lat' dir='ltr'><strong>ubi</strong></span> <span class='ocrx_word' id='word_1_185' title='bbox 2044 1869 2283 1928; x_wconf 87' lang='lat' dir='ltr'><strong>Bekker</strong></span> <span class='ocrx_word' id='word_1_186' title='bbox 2327 1870 2565 1944; x_wconf 76' lang='lat' dir='ltr'><strong>scripsit</strong></span> <span class='ocrx_word' id='word_1_187' title='bbox 2611 1863 3059 1939; x_wconf 82' lang='grc' dir='ltr'>ἐπιτάςςεςθαι,</span> 
     </span>
     <span class='ocr_line' id='line_1_18' title="bbox 439 1950 2502 2041; baseline -0.001 -23"><span class='ocrx_word' id='word_1_188' title='bbox 439 1961 504 2018; x_wconf 85' lang='grc' dir='ltr'><strong>ιιι</strong></span> <span class='ocrx_word' id='word_1_189' title='bbox 548 1959 606 2018; x_wconf 83' lang='lat' dir='ltr'>A</span> <span class='ocrx_word' id='word_1_190' title='bbox 650 1962 741 2019; x_wconf 88' lang='lat' dir='ltr'><strong>est</strong></span> <span class='ocrx_word' id='word_1_191' title='bbox 784 1954 1241 2020; x_wconf 85' lang='grc' dir='ltr'>ὑποτάςςεςθαι</span> <span class='ocrx_word' id='word_1_192' title='bbox 1286 1978 1452 2035; x_wconf 91' lang='lat' dir='ltr'><strong>pron.</strong></span> <span class='ocrx_word' id='word_1_193' title='bbox 1493 1960 1598 2035; x_wconf 88' lang='grc'><strong>43,</strong></span> <span class='ocrx_word' id='word_1_194' title='bbox 1623 1962 1721 2019; x_wconf 92' lang='grc'><strong>11.</strong></span> <span class='ocrx_word' id='word_1_195' title='bbox 1771 1961 1878 2034; x_wconf 87' lang='grc'><strong>43,</strong></span> <span class='ocrx_word' id='word_1_196' title='bbox 1902 1963 1937 2020; x_wconf 89' lang='grc'><strong>9</strong></span> <span class='ocrx_word' id='word_1_197' title='bbox 1988 1950 2178 2041; x_wconf 90' lang='lat' dir='ltr'><strong>(quod</strong></span> <span class='ocrx_word' id='word_1_198' title='bbox 2223 1951 2502 2040; x_wconf 76' lang='lat' dir='ltr'><strong>servavi).</strong></span> 
     </span>
    </p>

    <p class='ocr_par' dir='ltr' id='par_1_3' title="bbox 438 2047 3063 3828">
     <span class='ocr_line' id='line_1_19' title="bbox 615 2047 3057 2124; baseline -0.001 -17"><span class='ocrx_word' id='word_1_199' title='bbox 615 2048 748 2107; x_wconf 85' lang='lat' dir='ltr'><strong>Iam</strong></span> <span class='ocrx_word' id='word_1_200' title='bbox 791 2050 866 2107; x_wconf 91' lang='lat' dir='ltr'><strong>ut</strong></span> <span class='ocrx_word' id='word_1_201' title='bbox 910 2048 988 2107; x_wconf 87' lang='lat' dir='ltr'><strong>ad</strong></span> <span class='ocrx_word' id='word_1_202' title='bbox 1032 2047 1378 2108; x_wconf 86' lang='lat' dir='ltr'><strong>testimonia</strong></span> <span class='ocrx_word' id='word_1_203' title='bbox 1423 2048 1636 2124; x_wconf 87' lang='lat' dir='ltr'><strong>quibus</strong></span> <span class='ocrx_word' id='word_1_204' title='bbox 1681 2048 1868 2108; x_wconf 90' lang='lat' dir='ltr'><strong>Lehrs</strong></span> <span class='ocrx_word' id='word_1_205' title='bbox 1914 2066 2055 2108; x_wconf 88' lang='lat' dir='ltr'><strong>usus</strong></span> <span class='ocrx_word' id='word_1_206' title='bbox 2102 2050 2194 2108; x_wconf 89' lang='lat' dir='ltr'><strong>est</strong></span> <span class='ocrx_word' id='word_1_207' title='bbox 2237 2047 2611 2106; x_wconf 87' lang='lat' dir='ltr'><strong>accedamus:</strong></span> <span class='ocrx_word' id='word_1_208' title='bbox 2657 2050 2813 2123; x_wconf 84' lang='lat' dir='ltr'><strong>synt.</strong></span> <span class='ocrx_word' id='word_1_209' title='bbox 2852 2048 3057 2122; x_wconf 86' lang='grc'><strong>194,8</strong></span> 
     </span>
     <span class='ocr_line' id='line_1_20' title="bbox 442 2130 3061 2213; baseline 0 -16"><span class='ocrx_word' id='word_1_210' title='bbox 442 2133 936 2213; x_wconf 87' lang='grc' dir='ltr'>ἐπιταγματικὴν</span> <span class='ocrx_word' id='word_1_211' title='bbox 981 2137 1242 2198; x_wconf 83' lang='grc' dir='ltr'>καλοῦςι</span> <span class='ocrx_word' id='word_1_212' title='bbox 1287 2134 1406 2212; x_wconf 86' lang='grc' dir='ltr'><strong>τὴν</strong></span> <span class='ocrx_word' id='word_1_213' title='bbox 1453 2135 1678 2209; x_wconf 83' lang='grc' dir='ltr'>αὐτός,</span> <span class='ocrx_word' id='word_1_214' title='bbox 1725 2134 1912 2209; x_wconf 89' lang='grc' dir='ltr'>καθό,</span> <span class='ocrx_word' id='word_1_215' title='bbox 1962 2133 2170 2213; x_wconf 81' lang='grc' dir='ltr'>φαςίν,</span> <span class='ocrx_word' id='word_1_216' title='bbox 2218 2132 2639 2197; x_wconf 84' lang='grc' dir='ltr'>ὑποτάςςεται</span> <span class='ocrx_word' id='word_1_217' title='bbox 2685 2130 2877 2196; x_wconf 89' lang='grc' dir='ltr'>ἅπαςι</span> <span class='ocrx_word' id='word_1_218' title='bbox 2923 2135 3061 2197; x_wconf 87' lang='grc' dir='ltr'>τοῖς</span> 
     </span>
     <span class='ocr_line' id='line_1_21' title="bbox 441 2220 3056 2303; baseline -0.001 -16"><span class='ocrx_word' id='word_1_219' title='bbox 441 2222 901 2301; x_wconf 87' lang='grc' dir='ltr'>ἀντωνυμικοῑς</span> <span class='ocrx_word' id='word_1_220' title='bbox 929 2222 1314 2300; x_wconf 88' lang='grc' dir='ltr'>προςώποις.</span> <span class='ocrx_word' id='word_1_221' title='bbox 1362 2223 1465 2287; x_wconf 86' lang='grc' dir='ltr'><strong>καὶ</strong></span> <span class='ocrx_word' id='word_1_222' title='bbox 1493 2223 1548 2287; x_wconf 88' lang='grc' dir='ltr'><strong>εἰ</strong></span> <span class='ocrx_word' id='word_1_223' title='bbox 1576 2225 1692 2301; x_wconf 83' lang='grc' dir='ltr'><strong>μὲν</strong></span> <span class='ocrx_word' id='word_1_224' title='bbox 1721 2223 2077 2303; x_wconf 86' lang='grc' dir='ltr'>ἐξαιρέτως,</span> <span class='ocrx_word' id='word_1_225' title='bbox 2106 2223 2306 2302; x_wconf 77' lang='grc' dir='ltr'>ςαφὲς</span> <span class='ocrx_word' id='word_1_226' title='bbox 2334 2220 2436 2286; x_wconf 87' lang='grc' dir='ltr'><strong>ὅτι</strong></span> <span class='ocrx_word' id='word_1_227' title='bbox 2465 2222 2583 2286; x_wconf 86' lang='grc' dir='ltr'><strong>οὐκ</strong></span> <span class='ocrx_word' id='word_1_228' title='bbox 2609 2220 3056 2300; x_wconf 87' lang='grc' dir='ltr'>ἀληθεύουςιν·</span> 
     </span>
     <span class='ocr_line' id='line_1_22' title="bbox 440 2310 3061 2393; baseline -0 -18"><span class='ocrx_word' id='word_1_229' title='bbox 440 2311 583 2377; x_wconf 81' lang='grc' dir='ltr'>ἰδοὺ</span> <span class='ocrx_word' id='word_1_230' title='bbox 620 2312 744 2392; x_wconf 79' lang='grc' dir='ltr'><strong>γὰρ</strong></span> <span class='ocrx_word' id='word_1_231' title='bbox 780 2313 887 2376; x_wconf 78' lang='grc' dir='ltr'><strong>καὶ</strong></span> <span class='ocrx_word' id='word_1_232' title='bbox 920 2311 962 2389; x_wconf 84' lang='grc' dir='ltr'>ἡ</span> <span class='ocrx_word' id='word_1_233' title='bbox 1001 2311 1141 2375; x_wconf 81' lang='grc' dir='ltr'>ὅδε·</span> <span class='ocrx_word' id='word_1_234' title='bbox 1207 2310 1330 2376; x_wconf 67' lang='lat' dir='ltr'><strong>‘ob&#39;</strong></span> <span class='ocrx_word' id='word_1_235' title='bbox 1370 2311 1524 2388; x_wconf 85' lang='grc' dir='ltr'>ἐγώ’</span> <span class='ocrx_word' id='word_1_236' title='bbox 1561 2316 1773 2377; x_wconf 80' lang='grc' dir='ltr'>κ.τ.λ.;</span> <span class='ocrx_word' id='word_1_237' title='bbox 1816 2336 1953 2376; x_wconf 84' lang='grc' dir='ltr'>οιιιιι</span> <span class='ocrx_word' id='word_1_238' title='bbox 1990 2316 2270 2393; x_wconf 89' lang='lat' dir='ltr'><strong>exemplis</strong></span> <span class='ocrx_word' id='word_1_239' title='bbox 2306 2318 2518 2391; x_wconf 87' lang='lat' dir='ltr'><strong>postea</strong></span> <span class='ocrx_word' id='word_1_240' title='bbox 2554 2315 2756 2374; x_wconf 85' lang='lat' dir='ltr'><strong>allatis</strong></span> <span class='ocrx_word' id='word_1_241' title='bbox 2793 2334 2946 2392; x_wconf 82' lang='lat' dir='ltr'><strong>quae</strong></span> <span class='ocrx_word' id='word_1_242' title='bbox 2983 2314 3061 2374; x_wconf 88' lang='lat' dir='ltr'><strong>ad</strong></span> 
     </span>
     <span class='ocr_line' id='line_1_23' title="bbox 441 2400 3060 2483; baseline -0.001 -18"><span class='ocrx_word' id='word_1_243' title='bbox 441 2400 555 2466; x_wconf 81' lang='grc' dir='ltr'><strong>ὅδε</strong></span> <span class='ocrx_word' id='word_1_244' title='bbox 591 2407 895 2482; x_wconf 85' lang='lat' dir='ltr'><strong>pertinent</strong></span> <span class='ocrx_word' id='word_1_245' title='bbox 930 2405 1363 2481; x_wconf 77' lang='lat' dir='ltr'><strong>comprobetur,</strong></span> <span class='ocrx_word' id='word_1_246' title='bbox 1407 2407 1592 2465; x_wconf 86' lang='lat' dir='ltr'><strong>etiam</strong></span> <span class='ocrx_word' id='word_1_247' title='bbox 1630 2401 1744 2467; x_wconf 84' lang='grc' dir='ltr'><strong>ὅδε</strong></span> <span class='ocrx_word' id='word_1_248' title='bbox 1789 2407 2134 2483; x_wconf 85' lang='lat' dir='ltr'><strong>praeponi,</strong></span> <span class='ocrx_word' id='word_1_249' title='bbox 2178 2404 2326 2465; x_wconf 87' lang='lat' dir='ltr'><strong>satis</strong></span> <span class='ocrx_word' id='word_1_250' title='bbox 2369 2406 2619 2482; x_wconf 82' lang='lat' dir='ltr'><strong>apparet</strong></span> <span class='ocrx_word' id='word_1_251' title='bbox 2654 2407 2814 2463; x_wconf 88' lang='lat' dir='ltr'><strong>recte</strong></span> <span class='ocrx_word' id='word_1_252' title='bbox 2858 2405 3060 2464; x_wconf 88' lang='lat' dir='ltr'><strong>iubere</strong></span> 
     </span>
     <span class='ocr_line' id='line_1_24' title="bbox 441 2487 3060 2573; baseline 0 -20"><span class='ocrx_word' id='word_1_253' title='bbox 441 2493 622 2554; x_wconf 85' lang='lat' dir='ltr'><strong>Skam</strong></span> <span class='ocrx_word' id='word_1_254' title='bbox 670 2490 1090 2555; x_wconf 83' lang='grc' dir='ltr'>ἐπιτάςςεται</span> <span class='ocrx_word' id='word_1_255' title='bbox 1136 2494 1334 2571; x_wconf 80' lang='lat' dir='ltr'><strong>scribi,</strong></span> <span class='ocrx_word' id='word_1_256' title='bbox 1378 2496 1505 2556; x_wconf 80' lang='lat' dir='ltr'><strong>sive</strong></span> <span class='ocrx_word' id='word_1_257' title='bbox 1546 2495 1658 2555; x_wconf 90' lang='lat' dir='ltr'><strong>hoc</strong></span> <span class='ocrx_word' id='word_1_258' title='bbox 1693 2496 1784 2555; x_wconf 86' lang='lat' dir='ltr'><strong>ita</strong></span> <span class='ocrx_word' id='word_1_259' title='bbox 1820 2495 2040 2573; x_wconf 78' lang='lat' dir='ltr'><strong>accipis</strong></span> <span class='ocrx_word' id='word_1_260' title='bbox 2078 2498 2148 2554; x_wconf 91' lang='lat' dir='ltr'><strong>ut</strong></span> <span class='ocrx_word' id='word_1_261' title='bbox 2182 2494 2263 2555; x_wconf 84' lang='lat' dir='ltr'><strong>sit</strong></span> <span class='ocrx_word' id='word_1_262' title='bbox 2299 2487 2753 2571; x_wconf 77' lang='lat' dir='ltr'><strong>‘praeponitur’,</strong></span> <span class='ocrx_word' id='word_1_263' title='bbox 2800 2494 2925 2553; x_wconf 81' lang='lat' dir='ltr'><strong>sive</strong></span> <span class='ocrx_word' id='word_1_264' title='bbox 2971 2494 3060 2553; x_wconf 89' lang='lat' dir='ltr'><strong>ita</strong></span> 
     </span>
     <span class='ocr_line' id='line_1_25' title="bbox 441 2578 3058 2663; baseline 0 -21"><span class='ocrx_word' id='word_1_265' title='bbox 441 2587 510 2643; x_wconf 90' lang='lat' dir='ltr'><strong>ut</strong></span> <span class='ocrx_word' id='word_1_266' title='bbox 546 2578 916 2661; x_wconf 76' lang='lat' dir='ltr'><strong>‘apponitur&#39;</strong></span> <span class='ocrx_word' id='word_1_267' title='bbox 954 2583 1263 2662; x_wconf 86' lang='lat' dir='ltr'><strong>significet.</strong></span> <span class='ocrx_word' id='word_1_268' title='bbox 1337 2585 1550 2645; x_wconf 85' lang='lat' dir='ltr'><strong>Restat</strong></span> <span class='ocrx_word' id='word_1_269' title='bbox 1593 2586 1781 2663; x_wconf 84' lang='lat' dir='ltr'><strong>igitur</strong></span> <span class='ocrx_word' id='word_1_270' title='bbox 1817 2595 1971 2644; x_wconf 84' lang='lat' dir='ltr'><strong>unus</strong></span> <span class='ocrx_word' id='word_1_271' title='bbox 2016 2584 2157 2644; x_wconf 87' lang='lat' dir='ltr'><strong>libri</strong></span> <span class='ocrx_word' id='word_1_272' title='bbox 2201 2583 2274 2643; x_wconf 89' lang='lat' dir='ltr'><strong>de</strong></span> <span class='ocrx_word' id='word_1_273' title='bbox 2318 2586 2665 2661; x_wconf 87' lang='lat' dir='ltr'><strong>pronomine</strong></span> <span class='ocrx_word' id='word_1_274' title='bbox 2713 2583 2810 2643; x_wconf 85' lang='lat' dir='ltr'><strong>vel</strong></span> <span class='ocrx_word' id='word_1_275' title='bbox 2854 2584 3058 2661; x_wconf 89' lang='lat' dir='ltr'><strong>potius</strong></span> 
     </span>
     <span class='ocr_line' id='line_1_26' title="bbox 440 2666 3058 2756; baseline 0.001 -24"><span class='ocrx_word' id='word_1_276' title='bbox 440 2673 513 2733; x_wconf 89' lang='lat' dir='ltr'><strong>de</strong></span> <span class='ocrx_word' id='word_1_277' title='bbox 567 2673 748 2733; x_wconf 80' lang='lat' dir='ltr'><strong>verbo</strong></span> <span class='ocrx_word' id='word_1_278' title='bbox 804 2666 1207 2755; x_wconf 81' lang='lat' dir='ltr'><strong>(RSchneider</strong></span> <span class='ocrx_word' id='word_1_279' title='bbox 1252 2673 1345 2732; x_wconf 91' lang='lat' dir='ltr'><strong>III</strong></span> <span class='ocrx_word' id='word_1_280' title='bbox 1391 2666 1550 2756; x_wconf 84' lang='lat'>594)</span> <span class='ocrx_word' id='word_1_281' title='bbox 1606 2675 1770 2735; x_wconf 88' lang='lat' dir='ltr'><strong>locus</strong></span> <span class='ocrx_word' id='word_1_282' title='bbox 1824 2676 1916 2734; x_wconf 88' lang='lat' dir='ltr'><strong>ita</strong></span> <span class='ocrx_word' id='word_1_283' title='bbox 1969 2693 2111 2734; x_wconf 86' lang='lat' dir='ltr'><strong>sane</strong></span> <span class='ocrx_word' id='word_1_284' title='bbox 2171 2676 2576 2750; x_wconf 87' lang='lat' dir='ltr'><strong>comparatus,</strong></span> <span class='ocrx_word' id='word_1_285' title='bbox 2638 2676 2709 2732; x_wconf 95' lang='grc' dir='ltr'><strong>ιιι</strong></span> <span class='ocrx_word' id='word_1_286' title='bbox 2764 2672 3058 2748; x_wconf 88' lang='lat' dir='ltr'><strong>quomodo</strong></span> 
     </span>
     <span class='ocr_line' id='line_1_27' title="bbox 441 2762 3057 2843; baseline -0.001 -19"><span class='ocrx_word' id='word_1_287' title='bbox 441 2782 574 2824; x_wconf 92' lang='lat' dir='ltr'><strong>cum</strong></span> <span class='ocrx_word' id='word_1_288' title='bbox 630 2767 838 2824; x_wconf 89' lang='lat' dir='ltr'><strong>ceteris</strong></span> <span class='ocrx_word' id='word_1_289' title='bbox 894 2765 958 2822; x_wconf 88' lang='lat' dir='ltr'><strong>in</strong></span> <span class='ocrx_word' id='word_1_290' title='bbox 1012 2763 1388 2824; x_wconf 84' lang='lat' dir='ltr'><strong>concordiam</strong></span> <span class='ocrx_word' id='word_1_291' title='bbox 1441 2764 1632 2842; x_wconf 83' lang='lat' dir='ltr'><strong>possit</strong></span> <span class='ocrx_word' id='word_1_292' title='bbox 1673 2764 1867 2843; x_wconf 83' lang='lat' dir='ltr'><strong>redigi</strong></span> <span class='ocrx_word' id='word_1_293' title='bbox 1913 2763 2073 2825; x_wconf 87' lang='lat' dir='ltr'><strong>haud</strong></span> <span class='ocrx_word' id='word_1_294' title='bbox 2126 2763 2303 2824; x_wconf 82' lang='lat' dir='ltr'><strong>facile</strong></span> <span class='ocrx_word' id='word_1_295' title='bbox 2347 2762 2623 2840; x_wconf 81' lang='lat' dir='ltr'><strong>expedias</strong></span> <span class='ocrx_word' id='word_1_296' title='bbox 2674 2763 3057 2839; x_wconf 85' lang='grc'><strong>116,1-12</strong></span> 
     </span>
     <span class='ocr_line' id='line_1_28' title="bbox 438 2847 3056 2929; baseline 0 -17"><span class='ocrx_word' id='word_1_297' title='bbox 438 2849 480 2927; x_wconf 83' lang='grc' dir='ltr'>ἡ</span> <span class='ocrx_word' id='word_1_298' title='bbox 527 2850 890 2928; x_wconf 85' lang='grc' dir='ltr'>καλουμένη</span> <span class='ocrx_word' id='word_1_299' title='bbox 938 2849 1390 2928; x_wconf 79' lang='grc' dir='ltr'>ἐπιταγματικὴ</span> <span class='ocrx_word' id='word_1_300' title='bbox 1438 2849 1808 2929; x_wconf 82' lang='grc' dir='ltr'>ἀντωνυμία</span> <span class='ocrx_word' id='word_1_301' title='bbox 1853 2851 1957 2915; x_wconf 85' lang='grc' dir='ltr'><strong>καὶ</strong></span> <span class='ocrx_word' id='word_1_302' title='bbox 2003 2849 2420 2929; x_wconf 89' lang='grc' dir='ltr'>προτάςςεται</span> <span class='ocrx_word' id='word_1_303' title='bbox 2467 2849 2571 2912; x_wconf 84' lang='grc' dir='ltr'><strong>καὶ</strong></span> <span class='ocrx_word' id='word_1_304' title='bbox 2615 2847 3056 2925; x_wconf 83' lang='grc' dir='ltr'>ὑποτάςςεται,</span> 
     </span>
     <span class='ocr_line' id='line_1_29' title="bbox 442 2938 3061 3018; baseline -0 -16"><span class='ocrx_word' id='word_1_305' title='bbox 442 2989 491 3002; x_wconf 94' lang='grc'><strong>..</strong></span> <span class='ocrx_word' id='word_1_306' title='bbox 521 2938 906 3018; x_wconf 82' lang='grc' dir='ltr'>ἐπεκράτηςε</span> <span class='ocrx_word' id='word_1_307' title='bbox 935 2939 1152 3016; x_wconf 86' lang='grc' dir='ltr'>μέντοι</span> <span class='ocrx_word' id='word_1_308' title='bbox 1181 2939 1258 3003; x_wconf 89' lang='grc' dir='ltr'><strong>τὸ</strong></span> <span class='ocrx_word' id='word_1_309' title='bbox 1286 2943 1398 3018; x_wconf 86' lang='grc' dir='ltr'><strong>τῆς</strong></span> <span class='ocrx_word' id='word_1_310' title='bbox 1424 2938 1814 3016; x_wconf 83' lang='grc' dir='ltr'>ὑποτάξεως,</span> <span class='ocrx_word' id='word_1_311' title='bbox 1854 2941 1893 3005; x_wconf 87' lang='grc' dir='ltr'>ὃ</span> <span class='ocrx_word' id='word_1_312' title='bbox 1922 2943 2205 3005; x_wconf 82' lang='grc' dir='ltr'>καλεῖται</span> <span class='ocrx_word' id='word_1_313' title='bbox 2234 2939 2744 3016; x_wconf 85' lang='grc' dir='ltr'>ἐπιταγματικόν.</span> <span class='ocrx_word' id='word_1_314' title='bbox 2799 2942 3061 3001; x_wconf 86' lang='lat' dir='ltr'><strong>Bekkeri</strong></span> 
     </span>
     <span class='ocr_line' id='line_1_30' title="bbox 441 3026 3057 3112; baseline -0.001 -19"><span class='ocrx_word' id='word_1_315' title='bbox 441 3036 532 3093; x_wconf 88' lang='lat' dir='ltr'><strong>est</strong></span> <span class='ocrx_word' id='word_1_316' title='bbox 574 3034 870 3109; x_wconf 86' lang='lat' dir='ltr'><strong>scriptura</strong></span> <span class='ocrx_word' id='word_1_317' title='bbox 913 3026 1288 3094; x_wconf 83' lang='grc' dir='ltr'>ὑποτάξεως</span> <span class='ocrx_word' id='word_1_318' title='bbox 1332 3052 1441 3110; x_wconf 90' lang='lat' dir='ltr'><strong>pro</strong></span> <span class='ocrx_word' id='word_1_319' title='bbox 1485 3053 1558 3093; x_wconf 87' lang='lat' dir='ltr'><strong>ea</strong></span> <span class='ocrx_word' id='word_1_320' title='bbox 1605 3054 1757 3112; x_wconf 87' lang='lat' dir='ltr'><strong>quae</strong></span> <span class='ocrx_word' id='word_1_321' title='bbox 1803 3035 1865 3092; x_wconf 87' lang='lat' dir='ltr'><strong>in</strong></span> <span class='ocrx_word' id='word_1_322' title='bbox 1911 3033 1969 3092; x_wconf 88' lang='lat' dir='ltr'>A</span> <span class='ocrx_word' id='word_1_323' title='bbox 2013 3034 2234 3111; x_wconf 83' lang='lat' dir='ltr'><strong>legitur</strong></span> <span class='ocrx_word' id='word_1_324' title='bbox 2278 3027 2676 3108; x_wconf 84' lang='grc' dir='ltr'>προτάξεως,</span> <span class='ocrx_word' id='word_1_325' title='bbox 2737 3050 2889 3108; x_wconf 87' lang='lat' dir='ltr'><strong>quae</strong></span> <span class='ocrx_word' id='word_1_326' title='bbox 2936 3051 3057 3091; x_wconf 89' lang='lat' dir='ltr'><strong>om-</strong></span> 
     </span>
     <span class='ocr_line' id='line_1_31' title="bbox 440 3121 3063 3200; baseline 0 -19"><span class='ocrx_word' id='word_1_327' title='bbox 440 3124 581 3181; x_wconf 90' lang='lat' dir='ltr'><strong>nino</strong></span> <span class='ocrx_word' id='word_1_328' title='bbox 636 3140 756 3181; x_wconf 91' lang='lat' dir='ltr'><strong>non</strong></span> <span class='ocrx_word' id='word_1_329' title='bbox 811 3123 1091 3181; x_wconf 81' lang='lat' dir='ltr'><strong>convenit</strong></span> <span class='ocrx_word' id='word_1_330' title='bbox 1144 3141 1278 3182; x_wconf 86' lang='lat' dir='ltr'><strong>cum</strong></span> <span class='ocrx_word' id='word_1_331' title='bbox 1333 3125 1417 3183; x_wconf 90' lang='lat' dir='ltr'><strong>eis</strong></span> <span class='ocrx_word' id='word_1_332' title='bbox 1473 3142 1626 3200; x_wconf 86' lang='lat' dir='ltr'><strong>quae</strong></span> <span class='ocrx_word' id='word_1_333' title='bbox 1680 3126 2026 3199; x_wconf 88' lang='lat' dir='ltr'><strong>sequuntur.</strong></span> <span class='ocrx_word' id='word_1_334' title='bbox 2118 3123 2282 3192; x_wconf 85' lang='lat' dir='ltr'><strong>Quae</strong></span> <span class='ocrx_word' id='word_1_335' title='bbox 2337 3140 2544 3181; x_wconf 81' lang='lat' dir='ltr'><strong>vereor</strong></span> <span class='ocrx_word' id='word_1_336' title='bbox 2596 3140 2671 3180; x_wconf 89' lang='lat' dir='ltr'><strong>ne</strong></span> <span class='ocrx_word' id='word_1_337' title='bbox 2715 3140 2836 3181; x_wconf 91' lang='lat' dir='ltr'><strong>non</strong></span> <span class='ocrx_word' id='word_1_338' title='bbox 2880 3121 3063 3181; x_wconf 88' lang='lat' dir='ltr'><strong>liceat</strong></span> 
     </span>
     <span class='ocr_line' id='line_1_32' title="bbox 440 3206 3060 3289; baseline 0 -18"><span class='ocrx_word' id='word_1_339' title='bbox 440 3213 529 3271; x_wconf 85' lang='lat' dir='ltr'><strong>ita</strong></span> <span class='ocrx_word' id='word_1_340' title='bbox 574 3213 865 3289; x_wconf 88' lang='lat' dir='ltr'><strong>corrigere</strong></span> <span class='ocrx_word' id='word_1_341' title='bbox 912 3214 983 3269; x_wconf 91' lang='lat' dir='ltr'><strong>ut</strong></span> <span class='ocrx_word' id='word_1_342' title='bbox 1025 3211 1338 3288; x_wconf 86' lang='lat' dir='ltr'><strong>proposuit</strong></span> <span class='ocrx_word' id='word_1_343' title='bbox 1383 3210 1523 3288; x_wconf 72' lang='lat' dir='ltr'><strong>ska,</strong></span> <span class='ocrx_word' id='word_1_344' title='bbox 1567 3216 1638 3272; x_wconf 91' lang='grc' dir='ltr'><strong>ιιι</strong></span> <span class='ocrx_word' id='word_1_345' title='bbox 1681 3214 1719 3272; x_wconf 94' lang='lat' dir='ltr'><strong>l.</strong></span> <span class='ocrx_word' id='word_1_346' title='bbox 1753 3215 1789 3271; x_wconf 86' lang='lat'>7</span> <span class='ocrx_word' id='word_1_347' title='bbox 1838 3208 2212 3288; x_wconf 86' lang='grc' dir='ltr'>προτάξεως</span> <span class='ocrx_word' id='word_1_348' title='bbox 2257 3230 2367 3288; x_wconf 90' lang='lat' dir='ltr'><strong>pro</strong></span> <span class='ocrx_word' id='word_1_349' title='bbox 2413 3206 2742 3284; x_wconf 83' lang='grc' dir='ltr'>ὑποταγῆς</span> <span class='ocrx_word' id='word_1_350' title='bbox 2790 3213 2852 3271; x_wconf 91' lang='lat' dir='ltr'><strong>et</strong></span> <span class='ocrx_word' id='word_1_351' title='bbox 2896 3212 2933 3269; x_wconf 95' lang='lat' dir='ltr'><strong>l.</strong></span> <span class='ocrx_word' id='word_1_352' title='bbox 2976 3213 3060 3271; x_wconf 90' lang='grc'><strong>10</strong></span> 
     </span>
     <span class='ocr_line' id='line_1_33' title="bbox 440 3295 3061 3379; baseline 0 -20"><span class='ocrx_word' id='word_1_353' title='bbox 440 3295 867 3375; x_wconf 82' lang='grc' dir='ltr'>ὑποτάςςηται</span> <span class='ocrx_word' id='word_1_354' title='bbox 922 3319 1033 3377; x_wconf 92' lang='lat' dir='ltr'><strong>pro</strong></span> <span class='ocrx_word' id='word_1_355' title='bbox 1088 3296 1515 3376; x_wconf 86' lang='grc' dir='ltr'>προτάςςηται</span> <span class='ocrx_word' id='word_1_356' title='bbox 1560 3302 1884 3362; x_wconf 81' lang='lat' dir='ltr'><strong>scribatur:</strong></span> <span class='ocrx_word' id='word_1_357' title='bbox 1937 3302 2362 3379; x_wconf 85' lang='lat' dir='ltr'><strong>impedimento</strong></span> <span class='ocrx_word' id='word_1_358' title='bbox 2408 3300 2568 3359; x_wconf 90' lang='lat' dir='ltr'><strong>enim</strong></span> <span class='ocrx_word' id='word_1_359' title='bbox 2613 3303 2754 3359; x_wconf 90' lang='lat' dir='ltr'><strong>sunt</strong></span> <span class='ocrx_word' id='word_1_360' title='bbox 2798 3302 3061 3360; x_wconf 74' lang='lat' dir='ltr'><strong>extrema</strong></span> 
     </span>
     <span class='ocr_line' id='line_1_34' title="bbox 441 3389 3060 3467; baseline 0.001 -19"><span class='ocrx_word' id='word_1_361' title='bbox 441 3390 642 3465; x_wconf 83' lang='lat' dir='ltr'><strong>verba,</strong></span> <span class='ocrx_word' id='word_1_362' title='bbox 690 3409 841 3467; x_wconf 87' lang='lat' dir='ltr'><strong>quae</strong></span> <span class='ocrx_word' id='word_1_363' title='bbox 888 3390 1002 3450; x_wconf 89' lang='lat' dir='ltr'><strong>etsi</strong></span> <span class='ocrx_word' id='word_1_364' title='bbox 1047 3390 1262 3449; x_wconf 86' lang='lat' dir='ltr'><strong>mutila</strong></span> <span class='ocrx_word' id='word_1_365' title='bbox 1306 3395 1447 3450; x_wconf 90' lang='lat' dir='ltr'><strong>sunt</strong></span> <span class='ocrx_word' id='word_1_366' title='bbox 1488 3394 1691 3451; x_wconf 89' lang='lat' dir='ltr'><strong>tamen</strong></span> <span class='ocrx_word' id='word_1_367' title='bbox 1739 3411 1809 3451; x_wconf 87' lang='lat' dir='ltr'><strong>ex</strong></span> <span class='ocrx_word' id='word_1_368' title='bbox 1845 3391 2200 3453; x_wconf 75' lang='lat' dir='ltr'><strong>scholiastae</strong></span> <span class='ocrx_word' id='word_1_369' title='bbox 2238 3390 2435 3449; x_wconf 83' lang='lat' dir='ltr'><strong>DThr.</strong></span> <span class='ocrx_word' id='word_1_370' title='bbox 2472 3389 2669 3449; x_wconf 78' lang='lat' dir='ltr'><strong>verbis</strong></span> <span class='ocrx_word' id='word_1_371' title='bbox 2715 3393 2842 3449; x_wconf 90' lang='lat' dir='ltr'><strong>sine</strong></span> <span class='ocrx_word' id='word_1_372' title='bbox 2879 3389 3060 3450; x_wconf 89' lang='lat' dir='ltr'><strong>dubio</strong></span> 
     </span>
     <span class='ocr_line' id='line_1_35' title="bbox 441 3473 3061 3561; baseline -0 -22"><span class='ocrx_word' id='word_1_373' title='bbox 441 3480 529 3539; x_wconf 88' lang='lat' dir='ltr'><strong>sic</strong></span> <span class='ocrx_word' id='word_1_374' title='bbox 574 3481 967 3557; x_wconf 80' lang='lat' dir='ltr'><strong>suppleantur</strong></span> <span class='ocrx_word' id='word_1_375' title='bbox 1011 3482 1276 3555; x_wconf 83' lang='lat' dir='ltr'><strong>oportet:</strong></span> <span class='ocrx_word' id='word_1_376' title='bbox 1336 3476 1538 3541; x_wconf 83' lang='grc' dir='ltr'>οἱονεὶ</span> <span class='ocrx_word' id='word_1_377' title='bbox 1585 3477 1689 3557; x_wconf 80' lang='grc' dir='ltr'><strong>ἐφ’</strong></span> <span class='ocrx_word' id='word_1_378' title='bbox 1735 3477 1775 3561; x_wconf 78' lang='grc' dir='ltr'>ᾗ</span> <span class='ocrx_word' id='word_1_379' title='bbox 1822 3477 2110 3542; x_wconf 86' lang='grc' dir='ltr'>τάςςεται</span> <span class='ocrx_word' id='word_1_380' title='bbox 2159 3475 2320 3554; x_wconf 87' lang='grc' dir='ltr'>ἄλλη</span> <span class='ocrx_word' id='word_1_381' title='bbox 2368 3473 2780 3558; x_wconf 80' lang='grc' dir='ltr'>(ἀντωνυμία</span> <span class='ocrx_word' id='word_1_382' title='bbox 2833 3475 3061 3558; x_wconf 86' lang='lat' dir='ltr'><strong>Lehrs&gt;</strong></span> 
     </span>
     <span class='ocr_line' id='line_1_36' title="bbox 440 3563 3061 3647; baseline -0 -19"><span class='ocrx_word' id='word_1_383' title='bbox 440 3565 725 3630; x_wconf 81' lang='grc' dir='ltr'>τοῦτέςτι</span> <span class='ocrx_word' id='word_1_384' title='bbox 763 3563 938 3647; x_wconf 80' lang='grc' dir='ltr'>με&lt;θ’</span> <span class='ocrx_word' id='word_1_385' title='bbox 975 3563 1115 3646; x_wconf 86' lang='grc' dir='ltr'>ἥν&gt;.</span> <span class='ocrx_word' id='word_1_386' title='bbox 1189 3567 1354 3639; x_wconf 81' lang='lat' dir='ltr'><strong>Quae</strong></span> <span class='ocrx_word' id='word_1_387' title='bbox 1391 3590 1525 3630; x_wconf 90' lang='lat' dir='ltr'><strong>cum</strong></span> <span class='ocrx_word' id='word_1_388' title='bbox 1562 3571 1652 3630; x_wconf 89' lang='lat' dir='ltr'><strong>ita</strong></span> <span class='ocrx_word' id='word_1_389' title='bbox 1686 3571 1825 3645; x_wconf 88' lang='lat' dir='ltr'><strong>sint,</strong></span> <span class='ocrx_word' id='word_1_390' title='bbox 1860 3572 2055 3631; x_wconf 86' lang='lat' dir='ltr'><strong>facere</strong></span> <span class='ocrx_word' id='word_1_391' title='bbox 2091 3590 2211 3630; x_wconf 91' lang='lat' dir='ltr'><strong>non</strong></span> <span class='ocrx_word' id='word_1_392' title='bbox 2247 3572 2472 3646; x_wconf 88' lang='lat' dir='ltr'><strong>poteris</strong></span> <span class='ocrx_word' id='word_1_393' title='bbox 2500 3571 2646 3645; x_wconf 91' lang='lat' dir='ltr'><strong>quin</strong></span> <span class='ocrx_word' id='word_1_394' title='bbox 2672 3569 3061 3645; x_wconf 88' lang='lat' dir='ltr'><strong>Apollonium</strong></span> 
     </span>
     <span class='ocr_line' id='line_1_37' title="bbox 442 3657 3059 3720; baseline 0.001 -4"><span class='ocrx_word' id='word_1_395' title='bbox 442 3661 513 3717; x_wconf 91' lang='lat' dir='ltr'><strong>ut</strong></span> <span class='ocrx_word' id='word_1_396' title='bbox 556 3659 692 3718; x_wconf 84' lang='lat' dir='ltr'><strong>aliis</strong></span> <span class='ocrx_word' id='word_1_397' title='bbox 737 3660 801 3717; x_wconf 92' lang='lat' dir='ltr'><strong>in</strong></span> <span class='ocrx_word' id='word_1_398' title='bbox 846 3658 1021 3717; x_wconf 87' lang='lat' dir='ltr'><strong>rebus</strong></span> <span class='ocrx_word' id='word_1_399' title='bbox 1066 3657 1158 3718; x_wconf 89' lang='lat' dir='ltr'><strong>ita</strong></span> <span class='ocrx_word' id='word_1_400' title='bbox 1201 3659 1266 3717; x_wconf 91' lang='lat' dir='ltr'><strong>in</strong></span> <span class='ocrx_word' id='word_1_401' title='bbox 1302 3658 1414 3720; x_wconf 84' lang='lat' dir='ltr'><strong>hac</strong></span> <span class='ocrx_word' id='word_1_402' title='bbox 1457 3680 1522 3719; x_wconf 90' lang='lat' dir='ltr'><strong>re</strong></span> <span class='ocrx_word' id='word_1_403' title='bbox 1557 3663 1912 3720; x_wconf 63' lang='lat' dir='ltr'><strong>rein-actasse</strong></span> <span class='ocrx_word' id='word_1_404' title='bbox 1957 3659 2313 3720; x_wconf 87' lang='lat' dir='ltr'><strong>sententiam</strong></span> <span class='ocrx_word' id='word_1_405' title='bbox 2359 3677 2528 3718; x_wconf 84' lang='lat' dir='ltr'><strong>suam</strong></span> <span class='ocrx_word' id='word_1_406' title='bbox 2565 3660 2811 3718; x_wconf 83' lang='lat' dir='ltr'><strong>statuas.</strong></span> <span class='ocrx_word' id='word_1_407' title='bbox 2889 3658 3059 3718; x_wconf 83' lang='lat' dir='ltr'><strong>Certe</strong></span> 
     </span>
     <span class='ocr_line' id='line_1_38' title="bbox 442 3747 2648 3828; baseline 0 -22"><span class='ocrx_word' id='word_1_408' title='bbox 442 3766 564 3808; x_wconf 89' lang='lat' dir='ltr'><strong>non</strong></span> <span class='ocrx_word' id='word_1_409' title='bbox 610 3750 702 3807; x_wconf 87' lang='lat' dir='ltr'><strong>est</strong></span> <span class='ocrx_word' id='word_1_410' title='bbox 747 3747 903 3824; x_wconf 91' lang='lat' dir='ltr'><strong>quod</strong></span> <span class='ocrx_word' id='word_1_411' title='bbox 950 3748 1006 3806; x_wconf 86' lang='lat' dir='ltr'><strong>h.</strong></span> <span class='ocrx_word' id='word_1_412' title='bbox 1045 3747 1084 3805; x_wconf 89' lang='lat' dir='ltr'><strong>l.</strong></span> <span class='ocrx_word' id='word_1_413' title='bbox 1130 3750 1296 3807; x_wconf 88' lang='lat' dir='ltr'><strong>nisus</strong></span> <span class='ocrx_word' id='word_1_414' title='bbox 1343 3768 1476 3808; x_wconf 87' lang='lat' dir='ltr'><strong>eum</strong></span> <span class='ocrx_word' id='word_1_415' title='bbox 1523 3750 1586 3809; x_wconf 86' lang='lat' dir='ltr'><strong>in</strong></span> <span class='ocrx_word' id='word_1_416' title='bbox 1631 3769 1749 3828; x_wconf 91' lang='lat' dir='ltr'><strong>quo</strong></span> <span class='ocrx_word' id='word_1_417' title='bbox 1795 3768 2103 3810; x_wconf 80' lang='lat' dir='ltr'><strong>versamur</strong></span> <span class='ocrx_word' id='word_1_418' title='bbox 2146 3752 2440 3826; x_wconf 86' lang='lat' dir='ltr'><strong>corrigere</strong></span> <span class='ocrx_word' id='word_1_419' title='bbox 2485 3748 2648 3807; x_wconf 81' lang='lat' dir='ltr'><strong>velis.</strong></span> 
     </span>
    </p>

    <p class='ocr_par' dir='ltr' id='par_1_4' title="bbox 435 3833 3061 4900">
     <span class='ocr_line' id='line_1_39' title="bbox 618 3833 3058 3915; baseline 0 -19"><span class='ocrx_word' id='word_1_420' title='bbox 618 3837 906 3897; x_wconf 85' lang='lat' dir='ltr'><strong>Matthias</strong></span> <span class='ocrx_word' id='word_1_421' title='bbox 952 3837 983 3895; x_wconf 96' lang='lat' dir='ltr'>I</span> <span class='ocrx_word' id='word_1_422' title='bbox 1030 3838 1291 3897; x_wconf 84' lang='lat'>40—43</span> <span class='ocrx_word' id='word_1_423' title='bbox 1338 3841 1535 3899; x_wconf 90' lang='lat' dir='ltr'><strong>totum</strong></span> <span class='ocrx_word' id='word_1_424' title='bbox 1579 3840 1776 3898; x_wconf 88' lang='lat' dir='ltr'><strong>locum</strong></span> <span class='ocrx_word' id='word_1_425' title='bbox 1827 3840 1973 3915; x_wconf 85' lang='grc'><strong>125,</strong></span> <span class='ocrx_word' id='word_1_426' title='bbox 1995 3841 2210 3898; x_wconf 88' lang='grc'>6-16</span> <span class='ocrx_word' id='word_1_427' title='bbox 2258 3838 2502 3897; x_wconf 87' lang='lat' dir='ltr'><strong>inducit.</strong></span> <span class='ocrx_word' id='word_1_428' title='bbox 2595 3837 2761 3906; x_wconf 85' lang='lat' dir='ltr'><strong>Quae</strong></span> <span class='ocrx_word' id='word_1_429' title='bbox 2806 3837 2879 3896; x_wconf 89' lang='lat' dir='ltr'><strong>de</strong></span> <span class='ocrx_word' id='word_1_430' title='bbox 2925 3833 3058 3897; x_wconf 83' lang='grc' dir='ltr'>ἐπι-</span> 
     </span>
     <span class='ocr_line' id='line_1_40' title="bbox 439 3921 3060 4006; baseline -0.001 -20"><span class='ocrx_word' id='word_1_431' title='bbox 439 3921 765 3987; x_wconf 85' lang='grc' dir='ltr'>τάςςεςθαι</span> <span class='ocrx_word' id='word_1_432' title='bbox 812 3925 981 3986; x_wconf 83' lang='lat' dir='ltr'><strong>verbi</strong></span> <span class='ocrx_word' id='word_1_433' title='bbox 1026 3945 1138 3986; x_wconf 92' lang='lat' dir='ltr'><strong>usu</strong></span> <span class='ocrx_word' id='word_1_434' title='bbox 1182 3928 1462 4004; x_wconf 86' lang='lat' dir='ltr'><strong>protulit,</strong></span> <span class='ocrx_word' id='word_1_435' title='bbox 1513 3932 1835 4005; x_wconf 85' lang='lat' dir='ltr'><strong>postquam</strong></span> <span class='ocrx_word' id='word_1_436' title='bbox 1891 3947 2074 4006; x_wconf 86' lang='lat' dir='ltr'><strong>supra</strong></span> <span class='ocrx_word' id='word_1_437' title='bbox 2118 3929 2359 3988; x_wconf 88' lang='lat' dir='ltr'><strong>uberius</strong></span> <span class='ocrx_word' id='word_1_438' title='bbox 2404 3927 2476 3987; x_wconf 90' lang='lat' dir='ltr'><strong>de</strong></span> <span class='ocrx_word' id='word_1_439' title='bbox 2522 3926 2633 3985; x_wconf 89' lang='lat' dir='ltr'><strong>hac</strong></span> <span class='ocrx_word' id='word_1_440' title='bbox 2676 3946 2741 3985; x_wconf 91' lang='lat' dir='ltr'><strong>re</strong></span> <span class='ocrx_word' id='word_1_441' title='bbox 2789 3926 3060 4003; x_wconf 90' lang='lat' dir='ltr'><strong>disserui,</strong></span> 
     </span>
     <span class='ocr_line' id='line_1_41' title="bbox 438 4009 3061 4095; baseline 0 -21"><span class='ocrx_word' id='word_1_442' title='bbox 438 4034 559 4075; x_wconf 89' lang='lat' dir='ltr'><strong>non</strong></span> <span class='ocrx_word' id='word_1_443' title='bbox 596 4019 878 4093; x_wconf 80' lang='lat' dir='ltr'><strong>repetam.</strong></span> <span class='ocrx_word' id='word_1_444' title='bbox 954 4009 1138 4092; x_wconf 78' lang='lat' dir='ltr'><strong>‘Sed’,</strong></span> <span class='ocrx_word' id='word_1_445' title='bbox 1182 4017 1398 4093; x_wconf 89' lang='lat' dir='ltr'><strong>inquit,</strong></span> <span class='ocrx_word' id='word_1_446' title='bbox 1445 4012 1706 4095; x_wconf 73' lang='lat' dir='ltr'><strong>‘praeter</strong></span> <span class='ocrx_word' id='word_1_447' title='bbox 1749 4019 1904 4078; x_wconf 89' lang='lat' dir='ltr'><strong>hanc</strong></span> <span class='ocrx_word' id='word_1_448' title='bbox 1939 4018 2243 4089; x_wconf 84' lang='lat' dir='ltr'><strong>doctrinae</strong></span> <span class='ocrx_word' id='word_1_449' title='bbox 2289 4017 2749 4094; x_wconf 82' lang='lat' dir='ltr'><strong>discrepantiam</strong></span> <span class='ocrx_word' id='word_1_450' title='bbox 2787 4020 2849 4075; x_wconf 88' lang='lat' dir='ltr'><strong>et</strong></span> <span class='ocrx_word' id='word_1_451' title='bbox 2892 4016 3061 4076; x_wconf 83' lang='lat' dir='ltr'><strong>verbi</strong></span> 
     </span>
     <span class='ocr_line' id='line_1_42' title="bbox 441 4100 3060 4185; baseline 0 -20"><span class='ocrx_word' id='word_1_452' title='bbox 441 4100 872 4167; x_wconf 85' lang='grc' dir='ltr'>ἐπιτάςςεςθαι</span> <span class='ocrx_word' id='word_1_453' title='bbox 918 4123 1092 4165; x_wconf 87' lang='lat' dir='ltr'><strong>usum</strong></span> <span class='ocrx_word' id='word_1_454' title='bbox 1138 4106 1212 4165; x_wconf 88' lang='lat' dir='ltr'><strong>ab</strong></span> <span class='ocrx_word' id='word_1_455' title='bbox 1259 4106 1579 4183; x_wconf 86' lang='lat' dir='ltr'><strong>Apollonio</strong></span> <span class='ocrx_word' id='word_1_456' title='bbox 1627 4109 1889 4167; x_wconf 83' lang='lat' dir='ltr'><strong>alienum</strong></span> <span class='ocrx_word' id='word_1_457' title='bbox 1935 4108 2058 4168; x_wconf 88' lang='lat' dir='ltr'><strong>alia</strong></span> <span class='ocrx_word' id='word_1_458' title='bbox 2101 4126 2338 4185; x_wconf 89' lang='lat' dir='ltr'><strong>quoque</strong></span> <span class='ocrx_word' id='word_1_459' title='bbox 2383 4106 2456 4166; x_wconf 89' lang='lat' dir='ltr'><strong>de</strong></span> <span class='ocrx_word' id='word_1_460' title='bbox 2501 4123 2683 4166; x_wconf 86' lang='lat' dir='ltr'><strong>causa</strong></span> <span class='ocrx_word' id='word_1_461' title='bbox 2725 4106 2925 4166; x_wconf 90' lang='lat' dir='ltr'><strong>locum</strong></span> <span class='ocrx_word' id='word_1_462' title='bbox 2970 4107 3060 4165; x_wconf 90' lang='lat' dir='ltr'><strong>in·</strong></span> 
     </span>
     <span class='ocr_line' id='line_1_43' title="bbox 439 4192 3059 4274; baseline 0 -20"><span class='ocrx_word' id='word_1_463' title='bbox 439 4194 607 4255; x_wconf 91' lang='lat' dir='ltr'><strong>duco.</strong></span> <span class='ocrx_word' id='word_1_464' title='bbox 681 4195 870 4255; x_wconf 84' lang='lat' dir='ltr'><strong>Nemo</strong></span> <span class='ocrx_word' id='word_1_465' title='bbox 910 4197 1070 4254; x_wconf 87' lang='lat' dir='ltr'><strong>enim</strong></span> <span class='ocrx_word' id='word_1_466' title='bbox 1115 4196 1178 4255; x_wconf 90' lang='grc' dir='ltr'><strong>ιιι</strong></span> <span class='ocrx_word' id='word_1_467' title='bbox 1223 4196 1420 4256; x_wconf 88' lang='lat' dir='ltr'><strong>media</strong></span> <span class='ocrx_word' id='word_1_468' title='bbox 1465 4196 1537 4256; x_wconf 91' lang='lat' dir='ltr'><strong>de</strong></span> <span class='ocrx_word' id='word_1_469' title='bbox 1574 4196 1916 4257; x_wconf 84' lang='lat' dir='ltr'><strong>definitione</strong></span> <span class='ocrx_word' id='word_1_470' title='bbox 1954 4198 2371 4274; x_wconf 81' lang='lat' dir='ltr'><strong>explanatione</strong></span> <span class='ocrx_word' id='word_1_471' title='bbox 2414 4197 2542 4255; x_wconf 84' lang='lat' dir='ltr'><strong>h.1.</strong></span> <span class='ocrx_word' id='word_1_472' title='bbox 2582 4198 2837 4255; x_wconf 85' lang='lat' dir='ltr'><strong>nominis</strong></span> <span class='ocrx_word' id='word_1_473' title='bbox 2885 4192 3059 4271; x_wconf 86' lang='grc' dir='ltr'>ἐπιρ-</span> 
     </span>
     <span class='ocr_line' id='line_1_44' title="bbox 439 4280 3060 4385; baseline 0 -41"><span class='ocrx_word' id='word_1_474' title='bbox 439 4280 724 4385; x_wconf 79' lang='grc' dir='ltr'>ρήματος</span> <span class='ocrx_word' id='word_1_475' title='bbox 770 4286 1228 4361; x_wconf 74' lang='lat' dir='ltr'><strong>explicationem</strong></span> <span class='ocrx_word' id='word_1_476' title='bbox 1282 4285 1662 4364; x_wconf 86' lang='lat' dir='ltr'><strong>exspectabit</strong></span> <span class='ocrx_word' id='word_1_477' title='bbox 1754 4287 2151 4365; x_wconf 83' lang='lat' dir='ltr'><strong>Exspectatur</strong></span> <span class='ocrx_word' id='word_1_478' title='bbox 2193 4288 2395 4364; x_wconf 85' lang='lat' dir='ltr'><strong>potius</strong></span> <span class='ocrx_word' id='word_1_479' title='bbox 2440 4287 2503 4344; x_wconf 92' lang='lat' dir='ltr'><strong>in</strong></span> <span class='ocrx_word' id='word_1_480' title='bbox 2548 4285 2688 4344; x_wconf 89' lang='lat' dir='ltr'><strong>libri</strong></span> <span class='ocrx_word' id='word_1_481' title='bbox 2732 4287 2935 4361; x_wconf 90' lang='lat' dir='ltr'><strong>initio,</strong></span> <span class='ocrx_word' id='word_1_482' title='bbox 2991 4289 3060 4344; x_wconf 92' lang='lat' dir='ltr'><strong>ut</strong></span> 
     </span>
     <span class='ocr_line' id='line_1_45' title="bbox 438 4374 3058 4452; baseline 0 -20"><span class='ocrx_word' id='word_1_483' title='bbox 438 4374 504 4432; x_wconf 88' lang='lat' dir='ltr'><strong>in</strong></span> <span class='ocrx_word' id='word_1_484' title='bbox 550 4375 929 4451; x_wconf 78' lang='lat' dir='ltr'><strong>antonymico</strong></span> <span class='ocrx_word' id='word_1_485' title='bbox 974 4394 1030 4451; x_wconf 92' lang='lat' dir='ltr'><strong>p.</strong></span> <span class='ocrx_word' id='word_1_486' title='bbox 1073 4376 1132 4451; x_wconf 84' lang='lat'><strong>3,</strong></span> <span class='ocrx_word' id='word_1_487' title='bbox 1153 4378 1191 4435; x_wconf 82' lang='lat'>9</span> <span class='ocrx_word' id='word_1_488' title='bbox 1213 4393 1339 4452; x_wconf 90' lang='lat' dir='ltr'><strong>sqq.</strong></span> <span class='ocrx_word' id='word_1_489' title='bbox 1388 4408 1476 4417; x_wconf 93' lang='lat'>—</span> <span class='ocrx_word' id='word_1_490' title='bbox 1522 4374 1665 4451; x_wconf 85' lang='lat' dir='ltr'><strong>Sed,</strong></span> <span class='ocrx_word' id='word_1_491' title='bbox 1720 4380 1790 4436; x_wconf 90' lang='grc' dir='ltr'><strong>ιιι</strong></span> <span class='ocrx_word' id='word_1_492' title='bbox 1838 4380 1963 4436; x_wconf 88' lang='lat' dir='ltr'><strong>iam</strong></span> <span class='ocrx_word' id='word_1_493' title='bbox 2008 4377 2370 4437; x_wconf 85' lang='lat' dir='ltr'><strong>contrariam</strong></span> <span class='ocrx_word' id='word_1_494' title='bbox 2415 4376 2771 4435; x_wconf 88' lang='lat' dir='ltr'><strong>sententiam</strong></span> <span class='ocrx_word' id='word_1_495' title='bbox 2813 4393 3058 4452; x_wconf 84' lang='lat' dir='ltr'><strong>praeoc-</strong></span> 
     </span>
     <span class='ocr_line' id='line_1_46' title="bbox 438 4464 3060 4544; baseline 0 -22"><span class='ocrx_word' id='word_1_496' title='bbox 438 4482 668 4539; x_wconf 90' lang='lat' dir='ltr'><strong>cupem,</strong></span> <span class='ocrx_word' id='word_1_497' title='bbox 713 4464 852 4524; x_wconf 88' lang='lat' dir='ltr'><strong>inde</strong></span> <span class='ocrx_word' id='word_1_498' title='bbox 889 4483 926 4523; x_wconf 88' lang='lat' dir='ltr'><strong>a</strong></span> <span class='ocrx_word' id='word_1_499' title='bbox 965 4465 1217 4539; x_wconf 88' lang='grc'><strong>125,16</strong></span> <span class='ocrx_word' id='word_1_500' title='bbox 1256 4484 1474 4524; x_wconf 83' lang='lat' dir='ltr'><strong>novam</strong></span> <span class='ocrx_word' id='word_1_501' title='bbox 1510 4485 1635 4525; x_wconf 86' lang='lat' dir='ltr'><strong>rem</strong></span> <span class='ocrx_word' id='word_1_502' title='bbox 1677 4468 1929 4526; x_wconf 85' lang='lat' dir='ltr'><strong>tractari</strong></span> <span class='ocrx_word' id='word_1_503' title='bbox 1966 4486 1997 4526; x_wconf 90' lang='lat' dir='ltr'><strong>e</strong></span> <span class='ocrx_word' id='word_1_504' title='bbox 2034 4468 2267 4526; x_wconf 87' lang='lat' dir='ltr'><strong>ratione</strong></span> <span class='ocrx_word' id='word_1_505' title='bbox 2311 4465 2699 4544; x_wconf 84' lang='lat' dir='ltr'><strong>intellegitur,</strong></span> <span class='ocrx_word' id='word_1_506' title='bbox 2745 4484 2863 4542; x_wconf 85' lang='lat' dir='ltr'><strong>qua</strong></span> <span class='ocrx_word' id='word_1_507' title='bbox 2908 4468 3060 4523; x_wconf 83' lang='lat' dir='ltr'><strong>tam-</strong></span> 
     </span>
     <span class='ocr_line' id='line_1_47' title="bbox 438 4552 3060 4632; baseline 0.001 -21"><span class='ocrx_word' id='word_1_508' title='bbox 438 4572 622 4628; x_wconf 84' lang='lat' dir='ltr'><strong>quam</strong></span> <span class='ocrx_word' id='word_1_509' title='bbox 658 4552 842 4613; x_wconf 91' lang='lat' dir='ltr'><strong>thesis</strong></span> <span class='ocrx_word' id='word_1_510' title='bbox 878 4555 1234 4631; x_wconf 87' lang='lat' dir='ltr'><strong>proponitur</strong></span> <span class='ocrx_word' id='word_1_511' title='bbox 1269 4558 1331 4613; x_wconf 88' lang='lat' dir='ltr'><strong>et</strong></span> <span class='ocrx_word' id='word_1_512' title='bbox 1365 4555 1562 4615; x_wconf 86' lang='lat' dir='ltr'><strong>causis</strong></span> <span class='ocrx_word' id='word_1_513' title='bbox 1599 4556 1801 4616; x_wconf 84' lang='lat' dir='ltr'><strong>allatis</strong></span> <span class='ocrx_word' id='word_1_514' title='bbox 1848 4556 2440 4632; x_wconf 84' lang='lat' dir='ltr'><strong>adversariorumque</strong></span> <span class='ocrx_word' id='word_1_515' title='bbox 2475 4555 2782 4614; x_wconf 87' lang='lat' dir='ltr'><strong>sententiis</strong></span> <span class='ocrx_word' id='word_1_516' title='bbox 2827 4557 3060 4614; x_wconf 87' lang='lat' dir='ltr'><strong>reiectis</strong></span> 
     </span>
     <span class='ocr_line' id='line_1_48' title="bbox 437 4642 3059 4721; baseline 0.001 -20"><span class='ocrx_word' id='word_1_517' title='bbox 437 4642 743 4718; x_wconf 85' lang='lat' dir='ltr'><strong>probatur.</strong></span> <span class='ocrx_word' id='word_1_518' title='bbox 817 4643 1088 4720; x_wconf 88' lang='lat' dir='ltr'><strong>Itemque</strong></span> <span class='ocrx_word' id='word_1_519' title='bbox 1125 4643 1285 4721; x_wconf 88' lang='lat' dir='ltr'><strong>apud</strong></span> <span class='ocrx_word' id='word_1_520' title='bbox 1321 4643 1693 4704; x_wconf 85' lang='lat' dir='ltr'><strong>Priscianum</strong></span> <span class='ocrx_word' id='word_1_521' title='bbox 1718 4644 1831 4704; x_wconf 87' lang='lat' dir='ltr'><strong>XV</strong></span> <span class='ocrx_word' id='word_1_522' title='bbox 1861 4648 1945 4705; x_wconf 83' lang='lat'><strong>39</strong></span> <span class='ocrx_word' id='word_1_523' title='bbox 1986 4647 2255 4721; x_wconf 85' lang='lat' dir='ltr'><strong>quaestio</strong></span> <span class='ocrx_word' id='word_1_524' title='bbox 2293 4646 2366 4704; x_wconf 93' lang='lat' dir='ltr'><strong>de</strong></span> <span class='ocrx_word' id='word_1_525' title='bbox 2404 4644 2609 4704; x_wconf 88' lang='lat' dir='ltr'><strong>ordine</strong></span> <span class='ocrx_word' id='word_1_526' title='bbox 2646 4645 3059 4704; x_wconf 84' lang='lat' dir='ltr'><strong>adverbiorum</strong></span> 
     </span>
     <span class='ocr_line' id='line_1_49' title="bbox 436 4731 3061 4813; baseline 0.002 -23"><span class='ocrx_word' id='word_1_527' title='bbox 436 4750 558 4791; x_wconf 92' lang='lat' dir='ltr'><strong>non</strong></span> <span class='ocrx_word' id='word_1_528' title='bbox 611 4731 910 4808; x_wconf 84' lang='lat' dir='ltr'><strong>particula</strong></span> <span class='ocrx_word' id='word_1_529' title='bbox 964 4737 1056 4793; x_wconf 90' lang='lat' dir='ltr'><strong>est</strong></span> <span class='ocrx_word' id='word_1_530' title='bbox 1108 4734 1350 4793; x_wconf 85' lang='lat' dir='ltr'><strong>maioris</strong></span> <span class='ocrx_word' id='word_1_531' title='bbox 1404 4733 1477 4793; x_wconf 93' lang='lat' dir='ltr'><strong>de</strong></span> <span class='ocrx_word' id='word_1_532' title='bbox 1531 4737 1770 4795; x_wconf 85' lang='lat' dir='ltr'><strong>nomine</strong></span> <span class='ocrx_word' id='word_1_533' title='bbox 1823 4734 2092 4795; x_wconf 81' lang='lat' dir='ltr'><strong>adverbii</strong></span> <span class='ocrx_word' id='word_1_534' title='bbox 2138 4735 2586 4813; x_wconf 88' lang='lat' dir='ltr'><strong>disputationis,</strong></span> <span class='ocrx_word' id='word_1_535' title='bbox 2643 4733 2745 4793; x_wconf 92' lang='lat' dir='ltr'><strong>sed</strong></span> <span class='ocrx_word' id='word_1_536' title='bbox 2800 4753 2956 4794; x_wconf 84' lang='lat' dir='ltr'><strong>nova</strong></span> <span class='ocrx_word' id='word_1_537' title='bbox 3000 4739 3061 4794; x_wconf 90' lang='lat' dir='ltr'><strong>et</strong></span> 
     </span>
     <span class='ocr_line' id='line_1_50' title="bbox 435 4817 1375 4900; baseline 0.003 -20"><span class='ocrx_word' id='word_1_538' title='bbox 435 4822 755 4897; x_wconf 87' lang='lat' dir='ltr'><strong>peculiaris</strong></span> <span class='ocrx_word' id='word_1_539' title='bbox 799 4842 907 4899; x_wconf 89' lang='lat' dir='ltr'><strong>per</strong></span> <span class='ocrx_word' id='word_1_540' title='bbox 951 4841 1014 4882; x_wconf 91' lang='lat' dir='ltr'><strong>se</strong></span> <span class='ocrx_word' id='word_1_541' title='bbox 1062 4817 1375 4900; x_wconf 86' lang='lat' dir='ltr'><strong>quaestio&#39;.</strong></span> 
     </span>
    </p>

    <p class='ocr_par' dir='ltr' id='par_1_5' title="bbox 437 4910 3063 5083">
     <span class='ocr_line' id='line_1_51' title="bbox 615 4910 3061 4993; baseline 0.001 -24"><span class='ocrx_word' id='word_1_542' title='bbox 615 4910 882 4970; x_wconf 89' lang='lat' dir='ltr'><strong>Primum</strong></span> <span class='ocrx_word' id='word_1_543' title='bbox 926 4932 1078 4989; x_wconf 85' lang='lat' dir='ltr'><strong>nego</strong></span> <span class='ocrx_word' id='word_1_544' title='bbox 1124 4914 1319 4973; x_wconf 90' lang='lat' dir='ltr'><strong>locum</strong></span> <span class='ocrx_word' id='word_1_545' title='bbox 1364 4914 1438 4973; x_wconf 88' lang='lat' dir='ltr'><strong>de</strong></span> <span class='ocrx_word' id='word_1_546' title='bbox 1485 4934 1603 4991; x_wconf 90' lang='lat' dir='ltr'><strong>quo</strong></span> <span class='ocrx_word' id='word_1_547' title='bbox 1650 4917 1882 4993; x_wconf 83' lang='lat' dir='ltr'><strong>agimus</strong></span> <span class='ocrx_word' id='word_1_548' title='bbox 1937 4916 2002 4973; x_wconf 88' lang='lat' dir='ltr'><strong>in</strong></span> <span class='ocrx_word' id='word_1_549' title='bbox 2047 4914 2245 4974; x_wconf 85' lang='lat' dir='ltr'><strong>media</strong></span> <span class='ocrx_word' id='word_1_550' title='bbox 2298 4915 2372 4974; x_wconf 92' lang='lat' dir='ltr'><strong>de</strong></span> <span class='ocrx_word' id='word_1_551' title='bbox 2417 4912 2758 4974; x_wconf 84' lang='lat' dir='ltr'><strong>definitione</strong></span> <span class='ocrx_word' id='word_1_552' title='bbox 2805 4914 3061 4990; x_wconf 84' lang='lat' dir='ltr'><strong>explica-</strong></span> 
     </span>
     <span class='ocr_line' id='line_1_52' title="bbox 437 5001 3063 5083; baseline 0.001 -23"><span class='ocrx_word' id='word_1_553' title='bbox 437 5001 602 5060; x_wconf 84' lang='lat' dir='ltr'><strong>tione</strong></span> <span class='ocrx_word' id='word_1_554' title='bbox 639 5018 791 5077; x_wconf 79' lang='lat' dir='ltr'><strong>esse3</strong></span> <span class='ocrx_word' id='word_1_555' title='bbox 836 5021 907 5060; x_wconf 88' lang='lat' dir='ltr'><strong>ex</strong></span> <span class='ocrx_word' id='word_1_556' title='bbox 941 5004 1330 5080; x_wconf 88' lang='lat' dir='ltr'><strong>inscriptione</strong></span> <span class='ocrx_word' id='word_1_557' title='bbox 1366 5024 1422 5081; x_wconf 88' lang='lat' dir='ltr'><strong>p.</strong></span> <span class='ocrx_word' id='word_1_558' title='bbox 1458 5006 1582 5063; x_wconf 82' lang='lat'><strong>125</strong></span> <span class='ocrx_word' id='word_1_559' title='bbox 1621 5007 1683 5064; x_wconf 87' lang='lat' dir='ltr'><strong>et</strong></span> <span class='ocrx_word' id='word_1_560' title='bbox 1718 5024 1789 5064; x_wconf 87' lang='lat' dir='ltr'><strong>ex</strong></span> <span class='ocrx_word' id='word_1_561' title='bbox 1826 5008 2177 5083; x_wconf 86' lang='lat' dir='ltr'><strong>argumento</strong></span> <span class='ocrx_word' id='word_1_562' title='bbox 2223 5025 2279 5082; x_wconf 88' lang='lat' dir='ltr'><strong>p.</strong></span> <span class='ocrx_word' id='word_1_563' title='bbox 2314 5006 2438 5064; x_wconf 82' lang='lat'><strong>261</strong></span> <span class='ocrx_word' id='word_1_564' title='bbox 2489 5006 2801 5065; x_wconf 87' lang='lat' dir='ltr'><strong>subiuncto</strong></span> <span class='ocrx_word' id='word_1_565' title='bbox 2840 5003 3063 5062; x_wconf 87' lang='lat' dir='ltr'><strong>discere</strong></span> 
     </span>
    </p>

    <p class='ocr_par' dir='ltr' id='par_1_6' title="bbox 546 5110 2635 5162">
     <span class='ocr_line' id='line_1_53' title="bbox 546 5110 2635 5162; baseline -0 -10"><span class='ocrx_word' id='word_1_566' title='bbox 546 5111 827 5160; x_wconf 78' lang='lat' dir='ltr'><strong>Apollonius</strong></span> <span class='ocrx_word' id='word_1_567' title='bbox 855 5111 1092 5162; x_wconf 74' lang='lat' dir='ltr'><strong>Dyscolus.</strong></span> <span class='ocrx_word' id='word_1_568' title='bbox 1139 5113 1177 5151; x_wconf 94' lang='lat'><strong>1.</strong></span> <span class='ocrx_word' id='word_1_569' title='bbox 1207 5123 1247 5152; x_wconf 87' lang='grc' dir='ltr'><strong>ιι</strong></span> <span class='ocrx_word' id='word_1_570' title='bbox 2568 5110 2635 5157; x_wconf 86' lang='grc'><strong>10</strong></span> 
     </span>
    </p>
   </div>
  </div>
 </body>
</html>
