3738 5530
660 348 746 413 26
833 348 1277 405 Commentarius
1305 349 1532 406 criticus
1560 351 1620 405 et
1645 350 1966 421 exegeticus
1995 350 2054 405 in
2084 349 2370 421 Apollonii
2396 349 2627 419 Dyscoli
2655 350 2867 420 scripta
2893 349 3126 406 minora.

663 519 822 595 quod
868 519 1017 596 ipsis
1061 520 1251 580 initiis
1289 519 1656 597 exprimitur,
1702 514 2133 581 ἀνακόλουθοι
2170 517 2307 581 ταῖς
2343 517 2611 581 πτώεεει
2651 519 2769 580 dici
2804 521 3049 596 possint.
3115 519 3270 581 Puto

660 608 806 668 haec
848 610 912 668 in
957 609 1013 668 h.
1061 610 1098 668 l.
1146 609 1380 669 invecta
1426 628 1551 670 esse
1597 628 1666 670 ex
1711 609 1842 670 loco
1893 611 1995 687 11,
2016 611 2097 669 25
2145 610 2301 669 13313
2344 609 2664 671 intellecto.

837 697 1097 759 Causam
1150 716 1256 758 oar
1308 700 1527 773 sinyali
1568 700 1978 774 personalium
2020 701 2253 759 numeri
2297 704 2351 758 ct
2393 717 2568 759 casus
2612 718 2653 759 a
2696 700 2949 759 diversis
2989 701 3271 774 stirpibus

658 789 1008 857 deriventur,
1052 789 1205 848 hanc
1248 805 1369 847 esse
1411 792 1701 856 statuum,
1757 790 1912 863 qaod
1956 806 2329 863 quaecunque
2371 789 2654 849 vocabula
2697 807 2824 849 una
2868 791 3271 850 terminatione

658 879 775 936 tria
812 895 1032 952 ymera
1077 879 1406 952 exprimant
1449 873 1921 956 (μοναδικά),.
1958 896 2074 953 per
2131 895 2304 938 casus
2357 896 2741 953 umerosque
2782 896 2902 938 non
2944 881 3267 952 flectanmr.

658 965 920 1042 Quacum
965 967 1083 1041 lege
1116 984 1391 1043 puynare
1434 985 1578 1027 sane
1622 967 1841 1028 δυοῖν
1890 968 2226 1036 concedant,
2283 985 2402 1027 non
2461 968 2778 1028 concedunt
2809 986 3085 1043 puynare
3131 965 3266 1029 (ώ-

656 1070 899 1130 φρονε
944 1057 1033 1115 vel
1077 1051 1463 1131 φιλιάτρω
1510 1057 1832 1129 declmatffl
1887 1075 2085 1117 comm
2131 1060 2284 1118 enim
2326 1059 2715 1117 nominativos
2761 1062 2813 1117 et
2855 1058 3178 1133 samlaris
3220 1061 3273 1117 et

642 1146 907 1220 pluralis
948 1148 1180 1206 numm?
1222 1163 1343 1205 non
1384 1163 1503 1205 ωηο
1549 1148 1669 1219 fine
1712 1149 1799 1206 uti
1844 1148 1927 1206 ad
1965 1164 2184 1222 ‚qenera
2228 1147 2576 1216 indicanda,
2635 1148 2739 1207 sed
2782 1148 3008 1209 duobus
3050 1147 3270 1220 finibus

654 1236 978 1295 discernere
1027 1238 1128 1310 12,
1149 1237 1384 1295 4-14.

839 1326 940 1398 12,
961 1326 1000 1383 4
1049 1319 1292 1385 ἀκλιεία
1336 1325 1493 1385 idem
1540 1327 1631 1386 est
1676 1325 1834 1404 quod
1873 1320 2314 1387 ἀνακόλουθο(
2353 1321 2543 1386 κλίειε
2589 1328 2744 1402 synt.
2779 1327 2925 1400 104,
2947 1328 3046 1385 21.
3122 1324 3192 1383 V.
3223 1345 3266 1386 s.

657 1445 742 1453 —
790 1408 937 1473 Τῶν
994 1413 1187 1488 τριῶν
1244 1408 1441 1475 οὖεαν
1497 1414 1707 1487 γενῶν
1767 1411 2240 1490 παραετατικὴν
2286 1414 2411 1473 3311.
2459 1411 2565 1474 διὰ
2611 1413 2754 1489 μιᾶς
2800 1414 3051 1490 φωνῆε,
3117 1434 3268 1492 quae

655 1521 725 1561 ex
769 1522 932 1563 more
978 1504 1207 1579 omisit;
1253 1503 1331 1563 ad
1382 1506 1437 1579 7,
1460 1505 1560 1563 28.

842 1595 942 1667 12,
963 1594 1000 1651 5
1049 1588 1518 1673 τεκμαίρονται]
1568 1593 2049 1669 τεκμηριοῦνται
2094 1593 2298 1670 Lange
2345 1613 2461 1671 mg.
2536 1593 2797 1653 111-1131113.

836 1684 1044 1757 12,10
1103 1678 1180 1742 τὸ
1234 1679 1358 1758 γὰρ
1396 1715 1485 1725 -
1525 1686 1606 1743 12
1656 1677 1920 1762 ἐδήλου]
1986 1682 2198 1742 Matth.
2247 1682 2309 1741 H
2349 1683 2475 1743 632
2542 1676 2743 1743 ‘Diese
2796 1682 3006 1743 Worte
3060 1682 3269 1742 liessen

653 1770 778 1832 sich
824 1790 937 1830 nur
974 1789 1041 1832 so
1077 1771 1396 1847 suffassem
1442 1773 1531 1832 als
1568 1772 1778 1832 hatten
1813 1773 1899 1832 sie
1946 1765 2011 1855 (i.
2043 1792 2089 1832 e.
2121 1773 2498 1850 grammatici
2525 1763 2646 1853 1111)
2684 1774 2977 1832 erwarten
3013 1772 3268 1846 konnen,

654 1879 715 1920 es
775 1860 997 1919 konnte
1049 1861 1296 1936 jemand
1356 1861 1472 1920 alle
1532 1861 1849 1938 Adjectiva
1904 1861 2008 1921 der
2061 1861 2282 1921 dritten
2341 1860 2462 1920 und
2518 1861 2633 1920 alle
2690 1861 2786 1920 die
2840 1861 3269 1921 Femininform

652 1949 1088 2010 entbehrenden
1134 1950 1239 2010 der
1283 1952 1531 2012 zweiten
1575 1951 1959 2011 Deklination
2009 1950 2159 2010 auch
2205 1950 2294 2010 als
2330 1950 2674 2011 Ausnahme
2712 1950 3033 2028 angeffihrt
3074 1950 3268 2010 haben

654 2039 886 2098 wollen
992 2040 1116 2099 Das
1160 2040 1346 2100 hiesse
1392 2040 1534 2100 aber
1578 2042 1768 2100 einem
1817 2039 2051 2118 Gegner
2095 2040 2249 2100 denn
2295 2040 2446 2099 doch
2492 2060 2564 2098 zu
2610 2040 2728 2099 viel
2774 2039 3272 2099 Beschranktheit

654 2131 967 2204 zutrauen3
1013 2128 1167 2188 denn
1213 2129 1344 2190 dass
1380 2149 1520 2189 man
1556 2130 1651 2189 bei
1678 2130 1948 2205 Worten,
1993 2129 2088 2190 die
2125 2130 2296 2188 einen
2324 2128 2606 2208 Singular
2640 2129 2851 2203 haben,
2896 2148 3013 2190 von
3051 2129 3273 2189 diesem

654 2218 923 2321 ausgeht,
966 2218 1117 2277 wird
1163 2219 1315 2279 311311
1360 2220 1516 2279 31133
1565 2219 1820 2279 anderen
1860 2218 2340 2279 Grammatikern
2378 2218 2965 2279 selbstverstandlich
3001 2237 3268 2297 gewesen

653 2308 795 2368 sein
877 2293 1162 2368 Uberdies
1191 2309 1271 2369 ist
1299 2309 1450 2369 auch
1477 2309 1581 2369 der
1617 2310 1821 2368 zweite
1851 2308 1991 2367 Satz
2021 2308 2529 2383 unverstandlich3
2575 2325 2637 2367 es
2664 2308 2883 2368 musste
2912 2309 3272 2386 wenigstens

655 2396 883 2457 heissen
929 2393 1009 2457 οὐ
1057 2397 1166 2476 μιᾷ
1211 2399 1402 2478 φωνῇ
1449 2395 1530 2459 τὰ
1574 2394 1732 2500 τρία.
1755 2395 1909 2473 γένη
1949 2392 2225 2471 {emovi
2298 2398 2735 2476 Argumentum
2773 2397 2933 2474 quod
2968 2400 3271 2473 postremo

655 2487 785 2545 loco
829 2486 1086 2562 protulit
1128 2486 1350 2548 falsum
1396 2506 1522 2548 esse
1567 2507 1638 2547 ex
1684 2487 1768 2548 313
1814 2507 1967 2565 quae
2005 2505 2187 2564 supra
2222 2480 2358 2569 (11,
2379 2478 2492 2567 29)
2531 2486 2775 2562 exposui
2813 2490 3078 2563 apparet.
3145 2485 3270 2545 Nec

654 2575 873 2635 rectius
918 2575 1197 2636 Hoersch.
1244 2578 1372 2636 378
1420 2577 1593 2636 dicit:
1639 2570 1758 2637 ‘bei
1804 2577 2241 2656 zweiformigen
2279 2575 2559 2635 Wortern
2604 2576 2687 2636 ist
2732 2575 2836 2634 der
2873 2576 3087 2635 Zusatz
3134 2572 3272 2654 (μιᾷ

652 2661 873 2744 φωνῇ)
921 2661 1303 2745 notwendig'.
1379 2666 1648 2741 Neyatar
1693 2662 1976 2741 εώφρων
2013 2662 2346 2741 εώφρονε(
2382 2666 2707 2739 uniformia
2743 2683 2883 2724 esse.
2959 2664 3274 2724 Praeterea

659 2774 780 2815 non
827 2756 1063 2816 constat
1107 2774 1307 2817 omnes
1353 2754 1773 2837 grammaticos
1819 2757 2181 2815 consensisse
2227 2774 2458 2832 semper
2503 2775 2539 2814 a
2574 2755 2944 2815 nominativo
2982 2753 3273 2832 singulari

652 2844 1138 2921 proficiscendum
1166 2864 1318 2922 esse3
1353 2847 1634 2923 poterant
1660 2864 1802 2906 sane
1827 2846 1943 2905 1133
1968 2864 2251 2921 premere,
2278 2844 2514 2904 dualem
2551 2846 2817 2904 omnium
2846 2843 3275 2904 adiectivorum

652 2934 867 2993 tertiae
922 2953 1076 3011 quae
1133 2938 1381 2995 vocatur
1434 2935 1849 2995 declinationis
1909 2934 2290 3011 omniumque
2338 2933 2766 2994 adiectivorum
2812 2934 3274 3012 compositorum

653 3023 717 3080 in
777 3020 851 3083 οἳ
905 3042 1025 3082 11113
1081 3025 1243 3083 exitu
1295 3025 1416 3083 tria
1471 3042 1687 3103 genera
1739 3023 2003 3084 indicare
2056 3024 2307 3099 ideoque
2365 3024 2606 3101 regulae
2651 3023 2744 3082 illi
2790 3022 3041 3083 obstare.
3132 3022 3278 3081 Pro-

651 3112 807 3172 fecto
852 3112 946 3172 1113
991 3113 1287 3190 ineptiora
1324 3113 1691 3174 admiserunt
1725 3112 2117 3192 grammatici.
2211 3106 2308 3193 (In
2338 3112 2526 3173 Discr.
2568 3113 2764 3189 script.
2803 3131 2913 3189 pro
2952 3106 3273 3187 εφιλάϊρω

655 3195 720 3259 b'
766 3201 1082 3280 legendum
1127 3206 1219 3263 est
1263 3196 1603 3278 φιλιάτρω
1640 3193 1747 3284 b'.)

831 3290 1036 3351 Statuo
1095 3294 1321 3352 ratione
1374 3297 1584 3352 eeteros
1639 3309 1812 3352 casus
1856 3293 2263 3365 personalium
2306 3308 2668 3365 suppressos
2723 3307 2844 3350 esse
2906 3282 3274 3371 (personalia

657 3397 776 3440 non
824 3396 950 3440 esse
996 3380 1386 3458 aequabiliter
1441 3400 1549 3458 per
1593 3398 1764 3442 casus
1808 3399 2200 3458 numerosque
2245 3373 2570 3462 declinata)
2631 3381 2917 3454 simulque
2965 3380 3275 3455 generibus

654 3486 775 3528 non
830 3470 1093 3529 discretis
1145 3473 1406 3546 coarguti
1467 3474 1605 3531 sawt
1652 3463 1715 3552 (i.
1756 3490 1801 3530 3.
1848 3470 2031 3548 idque
2075 3471 2308 3530 ratione
2352 3472 2579 3530 factum
2623 3487 2749 3529 esse
2794 3468 3109 3549 generibus
3152 3488 3273 3529 non

653 3556 923 3619 discretis
968 3551 1354 3640 coarguitur).
1446 3560 1585 3621 Hac
1640 3562 1794 3620 em’m
1844 3563 2071 3620 ratione
2126 3578 2226 3620 cae
2278 3577 2441 3620 voces
2494 3577 2643 3634 quae
2696 3561 2815 3618 tria
2862 3575 3082 3634 ymera
3134 3560 3270 3632 ῥηί-

658 3649 766 3708 bus
822 3650 1161 3708 discernunt
1215 3650 1363 3709 317131
1418 3650 1658 3724 impedit
1715 3668 1826 3723 qao
1888 3652 2087 3711 minas
2134 3667 2248 3724 per
2306 3666 2479 3709 casus
2537 3649 2857 3722 aequaliter
2913 3649 3274 3708 declinentur

660 3739 762 3811 12,
784 3739 1060 3797 14—17.

833 3825 1083 3888 Prorsus
1130 3827 1316 3905 igitur
1361 3829 1683 3888 assentitur
1726 3827 1839 3905 Ap.
1891 3828 1974 3887 eis
2020 3845 2169 3905 quos
2216 3830 2392 3887 antea
2438 3827 2746 3904 loquentes
2791 3826 3041 3886 induxit.
3128 3825 3273 3885 Eius

655 3915 836 3975 verba
881 3935 1000 3993 quo
1044 3916 1221 3977 modo
1267 3936 1425 3976 nunc
1469 3917 1916 3994 interpretanda
1958 3920 2164 3994 putem
2180 3961 2196 3991 ,
2242 3935 2312 3975 ex
2359 3918 2443 3976 eis
2489 3935 2641 3993 quae
2687 3934 2869 3992 supra
2914 3916 3123 3991 scripsi
3170 3935 3273 3992 ap·

657 4008 831 4081 paret
876 3998 1085 4086 (aliter
1128 4006 1563 4083 explicaveram
1600 4006 1657 4063 V
1686 3998 1770 4088 5).
1853 4006 2283 4066 Perobsourum
2320 4023 2444 4066 esse
2481 4005 2637 4064 hunc
2672 4005 2869 4064 locum
2906 4008 2967 4065 et
3002 4004 3281 4082 Egenolff

657 4098 860 4154 monet
903 4095 935 4153 Ι
973 4096 1122 4170 837,
1145 4098 1178 4154 1
1230 4097 1291 4155 et
1334 4095 1614 4156 Hoersch.
1661 4097 1808 4170 374,
1856 4096 1963 4172 qui
2009 4090 2536 4169 ευνεξηλιμμέναε
2580 4111 2690 4171 pro
2738 4089 3275 4168 ευνεξηταεμέναε

651 4186 937 4260 proponit
999 4176 1157 4265 (‘die
1217 4182 1402 4245 Casus
1457 4184 1592 4245 sind
1637 4184 1981 4259 verwischt‚
2040 4183 2372 4244 vernichtet
2415 4183 2653 4242 worden
2700 4183 2968 4261 zugleich
3012 4184 3127 4242 mit
3171 4182 3277 4242 der

656 4269 947 4347 (ύγχυειε
992 4274 1096 4332 der
1143 4265 1629 4356 Geschlechter'),
1674 4293 1794 4333 non
1838 4275 2059 4334 reiecta
2104 4271 2396 4332 Ludovici
2429 4272 2892 4333 Mendelssohnii
2938 4273 3278 4333 coniectura

656 4358 1291 4437 (υνεξηφανιεμέναε.
1320 4396 1408 4406 -
1455 4357 1856 4424 (υνεξετάζω
1904 4363 2024 4422 3113
2069 4363 2218 4437 1333,
2262 4363 2327 4420 31
2372 4362 2567 4437 fallor,
2614 4361 2773 4439 apud
2809 4361 2923 4439 Ap.
2972 4372 3103 4422 non·
3129 4362 3275 4440 legi-

654 4455 781 4527 tur3
828 4447 1102 4515 ἐξετάζω
1152 4452 1329 4512 verbo
1375 4471 1515 4513 usus
1562 4455 1653 4512 est
1686 4471 1853 4528 pron.
1898 4453 2000 4526 72,
2023 4452 2102 4510 16
2151 4446 2343 4511 παντί
2385 4468 2477 4531 τῳ
2515 4450 2716 4525 δῆλον
2752 4446 2915 4524 ὑπὲρ
2955 4444 3275 4527 ἀκριβείας

653 4535 1031 4602 ἐξετάεαντι.
1117 4540 1196 4600 ib.
1248 4543 1350 4617 79,
1373 4543 1452 4601 12
1511 4537 1587 4601 τὸ
1643 4535 1897 4617 ἀκριβὲς
1952 4539 2064 4615 τῆε
2119 4535 2545 4612 ἀναγνωεεωε
2599 4535 2761 4600 κατὰ
2816 4535 2977 4601 αὐτὸ
3030 4536 3106 4600 τὸ
3154 4537 3272 4600 τοῦ

655 4629 929 4703 ποιητοῦ
973 4625 1237 4705 (ύνηθεε
1275 4627 1648 4693 ἐξετάζεται.
1723 4630 1872 4688 coni.
1907 4630 2054 4704 230,
2075 4631 2112 4689 9
2144 4626 2382 4702 λόγου(
2409 4625 2586 4690 τινὰ(
2614 4624 3027 4705 προυφέρετο
3058 4625 3271 4691 ἐξετα-

658 4716 905 4779 ετικοὺ(
952 4718 1069 4779 τοῦ
1116 4714 1427 4791 ἐγκεῑεθαι
1473 4716 1589 4780 τὸν
1636 4715 1738 4780 καί
1784 4715 1889 4780 καὶ
1933 4715 2009 4778 τὸ
2057 4713 2210 4779 εἶτα.

845 4809 945 4882 12,
968 4811 1048 4867 17
1098 4808 1387 4870 Notiones
1434 4803 1768 4884 μετάβαει(
1814 4808 1976 4868 vocis
2027 4808 2287 4885 explicat
2331 4808 2453 4867 Ska
2497 4808 2585 4867 VI
2627 4807 2706 4867 15
2756 4800 2839 4889 (v.
2886 4798 3054 4889 ind).
3146 4806 3276 4867 Hoc

683 4914 789 4957 oco
834 4900 925 4956 est
967 4892 1007 4971 ἡ
1057 4892 1146 4959 εἰ(
1189 4895 1459 4960 πτώεειε
1506 4893 1840 4974 μετάβαειε
1888 4893 2017 4977 ‘per
2062 4915 2231 4958 casus
2275 4893 2488 4958 fiexio'.

833 4986 1157 5048 Fallemtar
1208 4990 1310 5062 qui
1364 4989 1628 5062 aliquam
1678 4990 1745 5048 in
1789 4989 2111 5063 privativis
2164 4989 2446 5062 dispioere
2499 4987 2964 5063 aequabilitatem
3017 4986 3130 5046 sibi
3183 4987 3269 5046 vi-
