3738 5530
697 358 785 421 46
872 357 1314 412 Commentarius
1342 356 1568 412 criticus
1599 358 1657 411 et
1684 355 2005 426 exegeticus
2033 355 2093 409 in
2121 354 2408 425 Apollonii
2437 353 2664 424 Dyscoli
2695 354 2906 425 scripta
2933 354 3163 409 minora.

699 527 736 587 b
754 524 785 588 ἑ
828 546 1103 588 mancum
1149 531 1261 598 est‚·
1322 545 1464 587 nam
1498 527 1944 601 pronominibus
1988 526 2237 585 sublatis
2281 527 2635 599 oppositione
2675 526 2960 599 indifferet
3001 525 3316 583 amentiae

701 618 989 691 copulatio
1034 610 1098 698 (i.
1133 636 1180 676 3.
1220 618 1547 676 sententiae
1601 635 1721 675 non
1766 616 1855 674 ita
1902 615 2324 692 copularentur
2368 617 2437 673 ut
2483 616 2779 692 oppositio
2818 605 3160 694 appareret)
3210 615 3316 687 23,

879 797 980 870 23,
1004 798 1086 855 20
1131 814 1265 854 cum
1310 797 1400 856 vis
1447 814 1516 855 ac
1560 798 1777 854 natura
1822 794 1990 854 verbi
2033 795 2410 853 contineatur
2453 795 2547 874 τῷ
2593 791 2857 868 πρᾶγμα
2901 791 3143 868 δηλοῦν
3207 785 3310 873 (cf.

701 884 824 944 Ska
869 884 955 943 IV
998 878 1089 966 1),
1153 888 1488 945 accuratius
1542 902 1683 944 sane
1737 886 1828 943 ita
1884 885 2216 961 scripsisset
2258 883 2370 960 Ap.
2419 886 2489 942 ut
2532 884 2726 943 voluit
2769 881 2968 961 Uhlig.
3062 881 3177 942 Sed
3221 884 3312 941 in-

700 977 925 1033 certum
971 977 1060 1033 est
1104 973 1247 1052 quid
1294 973 1408 1034 sibi
1452 977 1517 1033 in
1560 974 1653 1034 his
1698 972 1873 1033 rebus
1918 974 2022 1032 ille
2067 972 2397 1032 indulserit.

880 1065 982 1139 23,
1006 1065 1083 1123 21
1136 1058 1503 1141 διαετολήν]
1553 1064 1623 1121 In
1670 1058 2061 1123 διαστέλλειν
2099 1058 2398 1136 διαετολή
2443 1080 2656 1121 vocum
2703 1079 2815 1121 usu
2860 1080 2978 1122 non
3015 1063 3161 1121 satis
3197 1060 3313 1120 sibi

699 1155 968 1213 constitit
1012 1153 1329 1213 technicus.
1420 1152 1597 1213 Modo
1644 1155 1801 1212 enim
1847 1148 2236 1212 διαετέλλειν
2284 1154 2375 1211 est
2418 1151 2711 1225 indicare,
2756 1154 2827 1210 ut
2870 1146 2952 1210 τὰ
2997 1147 3312 1225 πρόεωπα

699 1238 1086 1303 διαετέλλειν
1132 1244 1315 1302 etiam
1359 1241 1675 1301 verborum
1721 1244 1825 1316 sit,
1886 1259 2019 1301 cum
2068 1235 2599 1301 ἀντιδιαετέλλειν
2648 1234 3089 1314 ἀντιδιαετολή
3136 1242 3311 1299 33133

699 1334 779 1391 sit
840 1334 1149 1409 proprium
1212 1333 1606 1408 pronominis,
1669 1334 1739 1390 ut
1792 1334 1945 1407 synt.
1999 1331 2144 1406 118,
2167 1331 2245 1388 27
2307 1324 2360 1390 εἰ
2417 1326 2633 1403 μέντοι
2681 1344 2754 1401 γε
2800 1326 2918 1403 τὴν
2963 1325 3127 1403 πρόε
3171 1345 3314 1389 τινα

700 1417 1010 1496 εύγκριειν
1049 1417 1377 1495 ἐθέλοιμεν
1416 1420 1811 1496 διαεαφῆεαι,
1851 1416 2262 1493 ἐπιεπώμεθα
2297 1417 2413 1493 τὴν
2452 1413 2874 1492 ἀντωνυμίαν,
2920 1414 3088 1480 ἴδιον
3127 1414 3311 1493 ἔχου-

701 1526 815 1570 εαν
861 1506 977 1584 τὴν
1026 1506 1097 1570 ἐν
1143 1510 1279 1571 τοῖς
1321 1506 1688 1586 προεώποιε
1725 1504 2210 1584 ἀντιδιαετολήν
2259 1500 2614 1588 (discernere
2643 1508 2870 1569 Prisc.
2944 1505 3144 1583 εαφὲε
3189 1504 3312 1581 γὰρ

701 1594 798 1660 ὅτι
861 1595 981 1673 οὐχ
1039 1595 1148 1660 ἵνα
1203 1596 1279 1659 τὸ
1334 1596 1685 1674 πρόεωπον
1731 1594 2182 1672 διαετείλωμεν
2243 1590 2597 1679 (indicemus
2644 1597 2821 1658 Prisc.
2868 1612 2880 1624 ·
2945 1596 3142 1658 τοῦτο
3188 1593 3310 1671 γὰρ

702 1684 922 1750 κοινὸν
980 1682 1113 1763 εἶχε
1168 1685 1271 1749 καὶ
1330 1685 1405 1749 τὸ
1453 1683 1622 1764 ῥῆμα
1685 1682 3313 1770 (33331111.14,23,15,17,97,17;119,11.15·

705 1780 851 1854 146,
872 1779 983 1853 26,
1034 1779 1178 1854 152,
1202 1779 1268 1853 9,
1312 1797 1477 1854 pron.
1510 1779 1569 1852 8,
1592 1780 1702 1854 24,
1766 1780 1872 1852 40,
1893 1778 1964 1853 5,
2029 1778 2134 1852 46,
2156 1779 2272 1852 26,
2339 1777 2442 1851 65,
2464 1777 2531 1851 5,
2596 1779 2701 1849 49,
2724 1779 2833 1852 14,
2900 1779 3002 1852 12,
3027 1777 3107 1836 13
3157 1769 3314 1855 alm:

699 1866 874 1927 modo
934 1863 1321 1928 διαετέλλειν
1384 1863 1682 1940 διαετολή
1749 1822 2182 1927 διαεταλτικό(
2245 1865 2550 1926 vocabulis
2614 1865 2905 1926 subicitur
2965 1867 3132 1925 notio
3194 1865 3311 1924 dis-

704 1956 980 2017 cernendi
1024 1957 1120 2015 vel
1166 1956 1517 2034 opponendi,
1564 1976 1742 2033 quam
1789 1957 1923 2016 31113
1969 1957 2115 2016 13313
2161 1950 2603 2029 ἀντιδιαετολή
2649 1954 2764 2015 sibi
2808 1955 3109 2016 vindicare
3146 1955 3315 2027 solet,

702 2049 772 2106 ut
815 2064 965 2123 pron
1027 2047 1129 2120 32,
1152 2048 1232 2104 12
1291 2042 1655 2120 προεώπων
1716 2042 2107 2121 ὡριεμένων,
2174 2039 2521 2106 ἀπολύτων
2567 2060 2637 2105 τε
2683 2041 2786 2104 καὶ
2841 2043 3312 2105 διαεταλτικῶν.

701 2134 779 2194 ib.
821 2136 923 2210 24,
946 2137 1023 2194 11
1075 2131 1155 2194 τὰ
1201 2131 1274 2196 δὲ
1310 2129 1562 2210 ῥήματα
1597 2130 1675 2196 οὐ
1722 2129 2142 2206 διαεταλτικά,
2191 2128 2487 2194 ἀπόλυτα
2532 2132 2605 2194 δὲ
2652 2129 2969 2208 πρόεωπα
3014 2130 3312 2208 εημαίνει.

702 2223 779 2283 ib.
811 2226 914 2298 39,
937 2226 969 2283 1
1009 2220 1049 2305 ᾖ
1088 2221 1169 2284 τὸ
1208 2222 1322 2298 μὲν
1359 2221 1707 2285 διαστέλλει
1744 2217 1880 2305 (38,
1896 2226 1981 2285 30
2018 2223 2325 2284 dicebatur
2361 2215 2974 2304 ἀντιδιαεταλτικόν)
3014 2270 3026 2282 .
3068 2270 3079 2282 .
3119 2219 3194 2282 τὸ
3240 2219 3314 2282 δὲ

707 2308 1054 2373 ἀπόλυτον.
1145 2313 1223 2372 ib.
1272 2316 1377 2387 42,
1400 2315 1497 2374 30.

885 2405 988 2477 23,
1009 2404 1090 2463 23
1140 2421 1501 2480 quamquam
1546 2401 1837 2477 πληροῦν
1879 2403 1990 2463 1133
2027 2422 2145 2462 3113
2182 2403 2332 2477 1000,-
2376 2404 2440 2461 ni
2475 2403 2672 2476 fallor,
2718 2402 2879 2479 apud
2925 2403 3038 2480 Ap.
3078 2402 3318 2481 legitur,

705 2510 837 2550 cum
892 2487 1308 2566 ἀναπληροῦν
1365 2494 1420 2552 31
1473 2494 1763 2552 usitatum
1818 2494 1923 2566 sit,
1987 2496 2188 2551 tamen
2244 2491 2459 2551 codicis
2519 2494 2874 2569 scripturam
2921 2495 3153 2551 mutare
3198 2509 3317 2551 non

706 2600 837 2641 sum
882 2599 1078 2655 ausus,
1130 2584 1271 2658 quia
1317 2582 1422 2640 alii
1468 2584 1782 2658 scriptores
1828 2580 2121 2656 πληροῦν
2168 2581 2348 2640 verbo
2395 2599 2571 2659 saepe
2614 2582 2907 2641 translate
2952 2584 3217 2641 utuntur.

889 2672 991 2746 23,
1014 2673 1094 2730 27
1144 2670 1230 2730 Ut
1274 2666 1517 2744 ὁμοίων
1564 2673 1857 2731 coniceret
1883 2670 2086 2750 Uhlig,
2132 2689 2204 2729 ea
2239 2690 2302 2730 re
2338 2673 2666 2730 commotus
2704 2674 2796 2732 est
2831 2670 2990 2747 quod
3028 2665 3321 2743 ὀνόματα

706 2761 1048 2838 saepissime
1092 2762 1412 2838 ponuntur,
1458 2759 1562 2821 ubi
1607 2761 1775 2820 nulla
1820 2762 1912 2828 est
1957 2762 2273 2839 oppositio,
2319 2763 2382 2819 et
2425 2759 2583 2838 quod
2628 2763 2847 2821 mirum
2891 2763 3072 2836 esset,
3118 2762 3169 2821 si
3213 2779 3320 2821 no-

704 2852 867 2909 mina
911 2853 1511 2910 commemorarentur
1566 2853 1796 2911 omissis
1856 2851 2305 2927 pronominibus
2351 2852 2565 2910 tertiae
2610 2869 2760 2927 pers.
2854 2850 3131 2911 Fortasse
3177 2852 3319 2910 scri-

703 2938 959 2999 bendum
1006 2943 1096 2999 est
1140 2936 1243 3000 καὶ
1288 2934 1392 2999 ἐπὶ
1436 2934 1611 3018 <τῶν
1656 2935 1891 3015 τρίτων
1937 2935 2082 3018 καὶ)
2127 2938 2260 3000 τῶν
2307 2934 2664 3014 ὀνομάτων.

885 3029 989 3102 23,
1012 3031 1093 3088 27
1142 3023 1397 3089 κάκεῖνο
1442 3032 1481 3087 1.
1520 3048 1568 3088 3.
1616 3028 1767 3088 illud
1814 3029 2050 3089 dicendi
2094 3048 2280 3107 genus
2326 3029 2485 3105 quod
2529 3033 2599 3089 ut
2645 3026 2933 3091 ἐλλειπὲ(
2992 3031 3325 3089 reiecerunt

707 3109 774 3199 (1.
816 3110 1062 3199 9—10)
1108 3114 1555 3193 παρεγενόμην
1604 3114 1734 3191 μέν,
1783 3114 1861 3179 οὐ
1909 3114 2265 3192 παρέτυχε(
2312 3114 2399 3178 δέ.

889 3208 991 3281 23,
1013 3208 1094 3265 28
1144 3201 1275 3281 εἶχε
1323 3202 1574 3285 χρείαν]
1620 3201 1700 3267 ἄν
1746 3207 2044 3284 particula
2089 3210 2308 3268 omissa
2353 3211 2470 3281 est,
2524 3210 2593 3266 ut
2639 3210 2889 3285 saepius.
2982 3208 3116 3268 Vid.
3164 3226 3322 3267 com-

711 3299 890 3355 ment.
938 3295 1010 3354 de
1057 3296 1169 3372 Ap.
1218 3296 1654 3356 consuetudine.

890 3386 992 3460 23,
1014 3387 1095 3445 29
1144 3385 1400 3445 Dronkii
1445 3385 1855 3445 emendatione
1902 3378 1992 3467 (H
2033 3378 2192 3468 610)
2238 3403 2386 3462 opus
2433 3405 2558 3447 esse
2604 3406 2723 3446 non
2769 3386 2968 3462 credo;
3028 3390 3119 3447 est
3162 3389 3321 3447 enim

709 3473 812 3532 ubi
868 3476 1138 3553 exempla
1190 3477 1280 3534 ita
1326 3475 1685 3550 afferantur,
1743 3478 1813 3535 ut
1867 3477 1993 3534 eius
2048 3477 2129 3534 sit
2174 3478 2276 3552 qui
2323 3477 2472 3554 legit
2516 3495 2646 3534 eam
2692 3478 3055 3555 cogitatione
3099 3475 3322 3554 fingere

706 3566 1117 3638 mutationem,
1164 3583 1283 3640 qua
1326 3566 1488 3624 facta
1534 3564 1899 3642 depravatur
1944 3567 2152 3624 oratio.
2246 3564 2336 3624 De
2382 3565 2588 3624 eadem
2633 3585 2696 3626 re
2735 3584 2916 3644 agens
2954 3566 3160 3626 eodem
3196 3566 3321 3624 fere

706 3652 882 3714 modo
936 3654 1203 3731 loquitur
1247 3653 1358 3730 Ap.
1408 3655 1563 3730 synt.
1616 3655 1762 3728 116,
1784 3656 1862 3713 21
1924 3650 2026 3713 καὶ
2085 3649 2323 3714 τούτου
2381 3649 2705 3716 ἀπόδειξίν
2761 3671 2913 3730 (pact
2960 3652 3037 3715 τὸ
3085 3653 3165 3730 μὴ
3213 3655 3317 3715 δε-

709 3740 916 3806 όντωε
964 3739 1133 3817 ἔχειν
1178 3740 1297 3816 τὴν
1344 3738 1647 3817 τοιαύτην
1695 3738 1945 3818 φράειν,
1996 3737 2050 3804 εἰ
2098 3740 2178 3818 μὴ
2227 3739 2578 3819 προελὰβοι
2616 3761 2710 3805 τι(
2747 3741 2862 3805 τὰ(
2901 3739 3320 3819 ἀντωνυμίαε,

711 3827 839 3903 ἐγὼ
906 3830 1020 3905 μὲν
1085 3828 1207 3907 γὰρ
1273 3829 1747 3907 παρεγενόμην,
1814 3829 1886 3892 εὐ
1942 3828 1997 3892 δ’
2046 3826 2152 3892 οὔ,
2215 3853 2355 3893 11313
2416 3832 2491 3891 ad
2551 3831 2666 3907 τὴν
2728 3829 3031 3908 τοιαύτην
3087 3829 3321 3909 φράειν

707 3921 1025 3999 cogitando
1072 3921 1467 3998 supplendum
1513 3925 1604 3981 est
1647 3918 2097 3997 παρεγενόμην
2145 3919 2277 3995 μέν,
2324 3919 2687 3996 παρεγένου
2734 3918 2791 3982 δ’
2829 3918 2925 3983 οὔ.
3002 3922 3098 3982 Ad
3141 3926 3197 3998 7,
3220 3923 3319 3981 28.

708 4008 931 4070 Probat
974 4010 1229 4071 Dronkii
1274 4010 1746 4070 emendationem
1791 4010 2072 4089 Egenolff
2111 4011 2142 4068 I
2179 4013 2325 4072 839.

886 4091 946 4182 c)
1001 4099 1090 4160 De
1134 4100 1316 4160 verbo
1373 4100 1762 4160 construendo
1818 4118 1952 4159 cum
1997 4103 2367 4160 nominativo
2412 4103 2780 4177 pronominis
2826 4104 2959 4162 tert.
3008 4121 3159 4180 pers.
3219 4102 3323 4176 24,

889 4277 1056 4354 Quod
1100 4280 1171 4339 de
1203 4282 1410 4353 prima
1457 4282 1507 4338 et
1552 4280 1810 4338 secunda
1834 4298 1996 4354 perS.
2024 4284 2404 4354 praeceptum
2440 4284 2536 4349 est,
2583 4283 2938 4357 pronomina
2971 4278 3167 4339 verbis
3202 4297 3324 4338 non

709 4370 932 4444 apponi
994 4370 1111 4428 nisi
1176 4370 1568 4445 oppositionis
1622 4386 1828 4443 causa,
1893 4370 1965 4428 de
2018 4371 2188 4428 tertia
2241 4370 2358 4428 dici
2415 4372 2628 4444 nequit.
2723 4370 2922 4431 Tertia
2969 4370 3121 4429 mim
3164 4369 3326 4428 verbi

698 4474 961 4532 persona
1017 4475 1167 4531 quae
1220 4460 1298 4517 sit
1350 4459 1626 4531 quoniam
1679 4459 1914 4516 manino
1957 4459 2291 4532 iynoratur,
2347 4475 2670 4532 pronomen
2731 4461 2821 4519 vel
2881 4476 3090 4519 nomen
3143 4475 3327 4532 usque

710 4548 974 4607 addatur
1016 4564 1243 4606 necesse
1281 4551 1376 4606 est.
1454 4547 1656 4621 Neque
1690 4548 1832 4606 haec
1863 4551 2196 4622 repuymmt
2241 4541 2436 4622 ‘pluit'
2483 4542 2689 4608 ‘tonat'
2737 4543 3067 4624 ‘falam-af,
3114 4549 3328 4622 quippe

706 4639 773 4696 in
807 4637 1017 4710 qm'bus
1044 4636 1317 4710 Iuppiter
1350 4637 1744 4696 subaudiatur
1784 4637 1886 4710 24,
1911 4637 2098 4695 1—6.
2180 4635 2266 4696 Cf.
2305 4642 2459 4714 synt.
2495 4640 2640 4713 120,
2664 4640 2988 4712 20—-121,
3010 4639 3064 4696 8.
3140 4636 3322 4696 Prisc.

708 4724 825 4784 XII
865 4728 902 4784 2
949 4745 1006 4801 p.
1057 4725 1415 4800 578,1—7.
1509 4724 1701 4785 Schol.
1748 4723 1861 4783 AG
1909 4726 2057 4800 908,
2084 4728 2182 4785 24.

893 4816 1055 4889 24,3
1114 4815 1185 4873 cf.
1233 4833 1399 4892 pron.
1454 4816 1552 4890 18,
1575 4815 1630 4873 6.

896 4905 998 4979 24,
1019 4905 1059 4960 4
1106 4898 1177 4963 ἐν
1224 4898 1520 4981 ὀνόματι]
1582 4899 1653 4964 ἐν
1711 4903 2026 4962 delendum
2071 4924 2196 4964 esse
2243 4909 2578 4983 suspicatur
2623 4907 2901 4967 Hoersch.
2953 4908 3097 4966 380.
3190 4905 3325 4964 Dis-

712 4994 896 5052 sentit
939 4991 1217 5071 Egenolff
1255 4992 1343 5049 IV
1381 4994 1464 5051 44
1478 5038 1493 5069 ‚
1555 4992 1734 5070 idque
1779 4995 1924 5052 iure.
2017 4994 2235 5054 Totum
2279 4997 2472 5055 locum
2520 4999 2604 5056 sic
2650 4999 2962 5060 constituit
3005 4995 3215 5055 Matth.
3263 4993 3328 5053 II
