3738 5530
549 373 993 428 Commentarius
1021 371 1249 428 criticus
1278 372 1336 426 et
1363 370 1684 442 exegeticus
1711 370 1771 424 in
1798 368 2089 441 Apollonii
2112 367 2343 439 Dyscoli
2371 368 2582 440 scripta
2609 367 2841 425 minora.
2917 368 3045 435 257

436 543 642 603 afferre
699 542 1066 619 supersedeo.
1157 540 1388 602 Deinde
1439 540 1729 601 Matthias
1783 540 1912 618 ipse
1967 540 2343 616 aliquatenus
2398 539 2692 616 concedit,
2744 540 2811 600 in
2854 539 3049 600 verbis

435 628 537 691 καὶ
584 628 773 693 ἕνεκα
817 628 1054 693 τούτου
1082 662 1171 674 -
1199 627 1237 692 6
1273 626 1313 706 ἤ
1360 631 1782 691 refutationem
1824 631 2002 689 huius
2051 629 2386 708 argumenti
2428 631 2620 690 inesse
2665 647 2855 707 posse.
2920 629 3050 688 Iam

434 725 505 781 ut
550 721 626 781 ad
673 722 913 799 singula
965 722 1076 781 illa
1121 740 1271 797 quae
1327 720 1635 780 offendunt
1678 719 2050 781 accedamus:
2103 739 2309 779 verum
2353 737 2472 778 non
2519 722 2608 779 est
2652 721 2716 778 in
2762 718 3051 779 eiusmodi

434 811 707 871 formulis
751 806 901 872 ἴςως
937 826 1031 870 τις
1067 809 1198 870 κτλ.
1236 811 1454 886 ubique
1498 810 1768 869 futurum
1810 811 1983 887 poni3
2031 828 2172 869 nam
2208 808 2343 868 vide
2387 807 2563 869 modo
2599 828 2766 886 pron.
2798 810 2946 885 115,
2969 804 3048 868 1'9

435 895 605 960 Ἀλλ’
641 894 792 960 ἴςως
836 916 931 960 τις
976 896 1137 975 φαίη
1185 891 1296 981 (ἄν
1340 900 1641 977 particula
1685 899 1892 960 eodem
1936 898 2112 959 modo
2160 902 2341 976 atque
2386 897 2442 956 h.
2479 898 2519 957 1.
2567 890 2841 981 omissa);
2896 899 2958 957 et
3001 899 3053 957 si

436 989 656 1066 ubique
700 992 1037 1067 poneretur,
1095 993 1441 1066 sequeretur
1482 989 1684 1067 potius
1731 991 1800 1049 ut
1845 988 2231 1048 scriberemus
2287 983 2473 1063 φήςει
2521 1006 2700 1064 quam
2746 990 2815 1047 ut
2857 989 3053 1047 totum

437 1079 632 1139 locum
677 1080 1011 1140 eiceremus.
1067 1079 1220 1138 Tum
1256 1078 1416 1156 quod
1461 1079 1806 1138 inconcinne
1842 1078 2114 1155 exempla
2150 1078 2347 1137 afferri
2388 1077 2537 1136 dicit
2571 1077 2886 1137 Matthias:
2930 1078 3053 1136 iam

438 1187 613 1245 saepe
648 1169 870 1244 monui,
909 1168 1391 1228 inconcinnitatis
1427 1168 1760 1228 studiosum
1796 1186 1922 1228 esse
1958 1167 2360 1244 Apollonium.
2432 1166 2703 1243 Denique
2740 1166 3055 1242 conclusio,

439 1276 618 1335 quam
664 1258 1037 1318 adversarius
1083 1252 1178 1317 ‘ex
1223 1258 1504 1334 exemplis
1551 1260 1673 1318 suis
1719 1251 1938 1317 facere'
1982 1256 2248 1332 debebat,
2295 1255 2471 1316 facile
2508 1257 2843 1333 suppletur:
2891 1250 3054 1334 ‘ergo

438 1348 589 1407 nihil
634 1348 884 1407 interest
927 1351 1129 1406 utrum
1174 1343 1253 1422 δή
1301 1367 1371 1407 ex
1415 1342 1456 1421 ἦ
1504 1366 1581 1406 an
1625 1342 1664 1422 ἦ
1712 1367 1783 1407 ex
1829 1344 1907 1420 δή
1958 1349 2154 1406 ortum
2200 1364 2323 1405 esse
2368 1345 2482 1405 tibi
2525 1339 2923 1423 persuadeas'.

620 1439 765 1512 256,
789 1438 869 1496 27
926 1438 1169 1496 fuerunt
1224 1438 1328 1512 qui
1382 1430 1536 1511 ἰωκή
1594 1455 1632 1496 a
1685 1433 1899 1497 διώκω
1955 1436 2134 1496 verbo
2186 1435 2526 1496 derivarent
2570 1428 2766 1518 (Eust.
2800 1437 2947 1509 701,
2971 1436 3051 1493 16

441 1522 652 1601 ὥςπερ
699 1524 773 1587 δὲ
819 1520 1058 1602 ἰωχμός
1104 1521 1238 1585 κατ’
1287 1521 1576 1600 ἔλλειψιν
1620 1525 1738 1585 τοῦ
1785 1519 1839 1598 δ,
1889 1521 2062 1585 οὕτω
2109 1522 2211 1585 καὶ
2258 1519 2413 1601 ἰωκή
2458 1520 2499 1598 ἡ
2547 1520 2774 1587 δίωξις.
2829 1525 3055 1584 Buttm.

440 1615 577 1675 Lex.
611 1616 641 1673 I
673 1617 908 1692 219‚3;
952 1615 1097 1675 Lob.
1126 1615 1239 1674 Ell.
1268 1614 1301 1673 Ι
1331 1607 1445 1697 97)
1492 1617 1554 1674 et
1599 1609 1874 1690 ἄχερδος
1911 1635 1947 1674 a
1983 1611 2119 1690 χείρ
2157 1633 2299 1674 voce
2336 1633 2549 1674 nomen
2586 1615 2838 1674 traxisse
2882 1616 3057 1692 puta-

440 1706 589 1780 rent,
636 1704 794 1781 quod
839 1723 1046 1781 vepres
1091 1707 1337 1782 propter
1381 1705 1616 1765 aculeos
1661 1704 1938 1764 manibus
1981 1706 2155 1782 tangi
2198 1722 2319 1763 non
2363 1706 2565 1780 posset
2611 1696 2755 1786 (EM
2800 1703 2947 1777 181,
2969 1694 3058 1785 3),

441 1790 635 1867 διωκή
690 1794 881 1870 igitur
933 1796 996 1853 et
1050 1789 1284 1868 ἄχερος
1338 1794 1662 1854 diceremus
1718 1794 2057 1871 oportebat,
2112 1793 2214 1853 sed
2270 1786 2425 1867 ἰωκή
2482 1796 2543 1853 et
2598 1787 2870 1868 ἄχερδος
2917 1793 3058 1851 dici-

440 1902 602 1942 mus:
660 1877 830 1943 ὅπου
877 1879 952 1954 γέ
998 1899 1212 1958 φαμεν
1257 1879 1375 1958 τὴν
1424 1875 1559 1965 (pro
1605 1880 1724 1957 τὴν
1769 1883 2144 1944 scribendum
2189 1873 2333 1964 τὰς)
2381 1876 2574 1943 ἰωκάς
2620 1878 2855 1943 διωκάς
2894 1876 3056 1941 εἶναι

444 1966 508 2054 (i.
558 1992 605 2032 e.
652 1972 810 2031 idem
865 1972 1197 2049 sig-nificare
1254 1992 1323 2032 ac
1377 1973 1428 2032 si
1483 1973 1808 2033 diceremus
1856 1965 2119 2054 διωκάς)
2166 1968 2270 2032 καὶ
2326 1967 2445 2046 τὴν
2493 1965 2772 2047 ἄχερδον
2819 1966 3059 2046 ἄχερον

443 2057 665 2122 οὖςαν·
721 2065 1022 2138 postrema
1065 2061 1248 2121 verba
1293 2063 1544 2122 fortasse
1588 2064 1679 2122 ita
1725 2062 2071 2138 accipienda
2115 2064 2284 2121 sunt:
2329 2055 2416 2120 ‘et
2459 2057 2577 2135 τὴν
2624 2055 2903 2136 ἄχερδον
2948 2061 3061 2120 hoc

444 2152 681 2212 nomine
728 2151 1123 2228 appellamus,
1183 2169 1545 2227 quamquam
1591 2153 1830 2230 proprie
1877 2145 2110 2226 ἄχερος
2165 2143 2580 2233 (appellanda)
2627 2144 2755 2211 est’.
2846 2150 3060 2227 Itaque

443 2240 852 2361 emendatione
907 2259 1055 2317 opus
1110 2259 1229 2300 non
1285 2258 1410 2301 esse
1470 2240 1722 2301 videtur.
1776 2273 1854 2283 -
1903 2240 2044 2300 Alia
2103 2240 2373 2317 exempla
2430 2240 2729 2320 congessit
2783 2239 2926 2300 Lob.
2984 2238 3061 2300 ad

628 2420 774 2491 256,
798 2421 881 2477 28
929 2415 1032 2478 καὶ
1078 2415 1267 2479 ἕνεκα
1311 2414 1549 2479 τούτου
1596 2414 1746 2479 οὔτε
1785 2414 1823 2479 6
1861 2415 1941 2494 δή
1990 2413 2142 2479 οὔτε
2187 2414 2225 2479 6
2269 2413 2338 2497 ἤ]
2385 2418 2479 2479 his
2524 2418 2720 2479 verbis
2764 2419 3064 2478 refutatur

448 2507 818 2568 adversarius
865 2527 972 2569 suo
1017 2508 1204 2586 ipsius
1252 2512 1631 2587 argument03
1676 2527 1851 2586 parce
1888 2512 1958 2566 ut
2003 2508 2154 2568 solet
2188 2508 2384 2568 verbis
2420 2526 2561 2568 usus
2598 2508 2732 2586 Ap.,
2768 2508 2846 2567 ad
2891 2530 2944 2568 v.
2977 2510 3058 2568 26

444 2599 792 2674 respiciens,
846 2597 994 2656 dicit
1049 2595 1151 2657 καὶ
1207 2593 1396 2658 ἕνεκα
1448 2594 1685 2658 τούτου
1742 2593 1893 2658 οὔτε
1949 2592 1987 2657 6
2044 2594 2122 2672 δή
2171 2592 2322 2659 οὔτε
2369 2593 2407 2657 6
2451 2593 2517 2673 ἤ,
2575 2616 2710 2657 cum
2754 2599 2817 2656 in
2864 2600 3061 2657 animo

446 2687 691 2747 haberet
734 2688 881 2747 haec
925 2688 1216 2764 proferre:
1262 2684 1365 2747 καὶ
1411 2683 1600 2748 ἕνεκα
1642 2683 1879 2747 τούτου
1919 2681 2070 2747 οὔτε
2120 2681 2159 2747 ὁ
2196 2683 2276 2762 δή
2322 2683 2662 2749 πλεονάζει
2707 2688 2801 2769 τῷ
2839 2681 2876 2746 δ
2911 2682 3061 2747 οὔτε

447 2772 485 2837 6
521 2773 561 2853 ἤ
603 2773 904 2837 ἐλλείπεις
953 2772 1136 2853 ‘quod
1182 2777 1234 2837 si
1280 2778 1597 2837 statuimus
1644 2773 1682 2836 δ
1719 2777 1896 2837 modo
1942 2778 2086 2854 poni
2131 2776 2307 2836 modo
2351 2797 2470 2837 non
2514 2779 2676 2854 poni,
2720 2780 2876 2837 sicut
2919 2796 3063 2838 usus

444 2866 589 2926 fert:
639 2884 823 2926 causa
867 2884 987 2925 non
1034 2871 1123 2926 est
1169 2885 1274 2926 cur
1318 2869 1425 2926 aut
1467 2868 1533 2925 in
1569 2863 1648 2941 δή
1695 2867 2106 2944 pleonasmum
2142 2861 2180 2927 δ
2216 2867 2453 2927 litterae
2500 2870 2606 2926 aut
2649 2869 2713 2925 in
2746 2863 2787 2941 ἤ
2827 2867 3065 2944 ellipsin

448 2975 574 3016 esse
622 2955 1004 3033 arbitremur3
1048 2959 1319 3033 praestat
1361 2959 1676 3033 utramque
1720 2957 1997 3016 voculam
2041 2975 2150 3032 pro
2194 2958 2401 3017 nativa
2447 2950 2753 3034 accipere.’

630 3061 677 3105 ε.
730 3044 1068 3106 Particulac
1120 3041 1274 3119 θήν,
1330 3040 1446 3120 ῥά,
1503 3041 1617 3117 νύ,
1672 3064 1822 3121 quae
1865 3065 1906 3106 a
1947 3048 2137 3121 poetis
2188 3051 2575 3120 Μακέτιν,
2628 3047 2872 3107 eandem
2903 3051 3065 3121 pote-

444 3139 651 3195 statem
705 3136 918 3195 habent
970 3140 1141 3209 atque
1195 3131 1299 3208 δή.
1390 3130 1504 3209 Δή
1558 3152 1680 3194 non
1721 3135 2063 3205 molimatur,
2122 3131 2260 3210 θήν
2306 3131 2392 3195 νύ
2440 3130 2531 3210 ῥά
2576 3135 2870 3196 manticae
2911 3141 3065 3198 swnt.

445 3220 611 3285 Πού
654 3241 777 3284 non
821 3229 904 3285 est
946 3227 1291 3294 coniunctim
1333 3224 1436 3285 sed
1480 3225 1824 3285 adverbium
1866 3225 2212 3285 redundans
2261 3226 2664 3301 257,7-11.

629 3315 776 3390 257,
796 3318 832 3375 7
883 3308 1164 3392 Εἴρηται]
1210 3316 1262 3374 is
1307 3314 1471 3374 locus
1517 3334 1673 3374 nunc
1719 3314 2063 3391 deperditus
2105 3317 2209 3375 est.

629 3405 778 3477 257,
798 3405 836 3462 8
886 3399 1239 3465 ςυντάξεως
1284 3404 1429 3480 quid
1475 3404 1531 3462 h.
1571 3404 1608 3461 l.
1657 3404 1769 3463 sibi
1817 3405 1965 3463 velit
2019 3422 2139 3463 non
2185 3406 2508 3481 perspici03
2562 3404 2935 3465 scribendum
2978 3406 3066 3465 vi-

446 3493 621 3553 detur
664 3488 905 3553 τάςεω
921 3509 968 3553 ς.
1060 3492 1225 3552 Idem
1272 3493 1492 3553 conicit
1535 3493 1814 3570 Egenolff
1852 3494 1885 3551 I
1931 3493 2077 3553 848.

630 3583 777 3656 257,
798 3583 835 3641 8
887 3576 949 3641 6.
972 3579 1088 3658 μὲν
1134 3578 1257 3657 γὰρ
1304 3578 1382 3657 δή
1432 3579 1534 3642 καὶ
1577 3578 1617 3657 ἤ
1666 3579 1767 3643 καὶ
1814 3577 1897 3643 αὖ
1953 3577 2339 3661 ἀνέγκλιτοι]
2395 3583 2608 3643 Matth.
2656 3583 2687 3642 I
2734 3586 2813 3643 61
2865 3578 2904 3644 6
2951 3582 3067 3659 μὲν

448 3667 570 3747 γὰρ
608 3668 687 3746 δή
727 3665 1114 3744 ἀνέγκλιτος,
1155 3672 1312 3748 quod
1348 3672 1561 3748 probo:
1601 3691 1742 3731 nam
1770 3672 1842 3733 de
1878 3667 1918 3747 ἤ
1948 3691 2130 3749 supra
2157 3672 2438 3733 disseruit
2465 3666 3067 3756 (255,5—257,16)

449 3765 510 3820 et
566 3754 648 3820 αὖ
702 3759 859 3821 idem
913 3762 1112 3821 valere
1170 3762 1328 3838 quod
1382 3757 1461 3837 δή
1516 3781 1689 3821 nemo
1746 3761 1977 3821 dixerit.
2024 3794 2113 3803 —-
2156 3756 2571 3841 Ἀνέγκλιτοι]
2622 3762 2797 3823 Sterk
2841 3763 2879 3822 l.
2928 3781 2973 3824 s.
3021 3781 3064 3823 s.

448 3850 569 3910 vn
615 3851 731 3926 453
777 3837 1211 3922 ἀευνέγιὲλιτοι
1256 3850 1442 3910 Lehrs
1489 3851 1552 3909 in
1595 3849 1750 3910 Ann.
1788 3852 1906 3910 litt.
1944 3851 2074 3910 Jen.
2118 3853 2286 3912 1879
2333 3872 2391 3928 p.
2433 3853 2577 3911 224.

632 3941 780 4015 257,
803 3941 886 3999 10
934 3933 1204 4019 εἴρηται]
1253 3940 1375 4000 scil.
1422 3941 1487 3999 in
1532 3960 1604 4000 ea
1648 3940 2005 4017 syndesmici
2048 3944 2220 4017 parte
2265 3961 2421 4001 nunc
2467 3941 2802 4019 deperdita,
2848 3943 2950 4002 ubi
2996 3942 3069 4003 de

449 4030 534 4089 eis
595 4029 839 4088 vocibus
904 4028 1223 4107 agebatur,
1288 4048 1440 4106 quae
1506 4033 1775 4093 essentne
1835 4031 2349 4090 coniunctionibus
2413 4030 2764 4092 tribuendae
2824 4032 3070 4092 dubium

449 4117 794 4194 videbatur3
837 4118 1050 4178 Matth.
1089 4118 1122 4177 I
1171 4122 1269 4180 19.
1344 4120 1417 4178 V.
1458 4122 1631 4196 epim.

627 4203 782 4283 Πέρ
822 4203 1060 4284 ἔμπης
1097 4203 1299 4285 ὅμως
1334 4212 1751 4284 oppositionem
1784 4210 2086 4283 indic-ann
2131 4204 2366 4284 ἔμπης
2406 4213 2823 4286 estpoeticwn,
2869 4206 3071 4287 ὅμως

447 4297 708 4373 vulyare.
800 4298 915 4357 Est
955 4299 1061 4358 ubi
1105 4293 1342 4374 ἔμπης
1387 4300 1543 4360 idem
1585 4302 1875 4376 siqnificet
1917 4301 2072 4375 quod
2116 4294 2399 4375 ὁμοίως
2448 4302 2897 4377 257,12-17.
2982 4300 3069 4361 Cf.

452 4387 640 4448 Lehrs
684 4379 899 4446 Arist.²3
947 4389 1072 4448 142
1095 4406 1222 4466 sqq.

638 4477 888 4552 257,12
938 4471 1208 4556 εἴρηται]
1256 4479 1405 4538 coni.
1438 4479 1587 4555 251,
1609 4479 1664 4538 3.

636 4568 784 4641 257,
807 4568 1067 4627 12-13
1126 4565 1304 4627 Sterk
1359 4568 1397 4626 l.
1444 4586 1488 4628 s.
1537 4587 1579 4628 S.
1631 4569 1744 4644 6ος
1803 4586 1924 4628 non
1986 4569 2311 4628 assentitur
2354 4567 2690 4629 MSchmidt
2748 4572 2813 4629 in
2856 4568 3069 4630 Philol.

449 4654 602 4714 VIII
651 4657 808 4732 2363
870 4656 1056 4735 Uhlig
1118 4659 1183 4716 in
1248 4657 1447 4718 adnot.
1508 4658 1581 4717 ad
1641 4657 1837 4717 DThr.
1892 4659 2047 4732 101,
2109 4660 2331 4717 reiecta
2388 4660 2586 4735 priore
2645 4658 3073 4736 emendatione,

451 4744 661 4806 scribit
713 4743 816 4806 διὸ
870 4744 976 4807 καὶ
1028 4745 1225 4807 τοῦτο
1280 4742 1677 4821 προςτιθὲαςι
1733 4744 1895 4823 πρὸς
1951 4744 2027 4808 τὸ
2084 4742 2300 4821 ἔμπης.
2392 4748 2543 4806 Mihi
2598 4748 2837 4824 quidem
2883 4751 3064 4829 etiam

451 4853 609 4894 nunc
670 4835 822 4894 nihil
884 4836 1238 4895 mutandum
1301 4836 1562 4897 videturt
1627 4831 1771 4913 ‘qua
1835 4835 1908 4895 de
1972 4855 2151 4896 causa
2215 4840 2277 4895 et
2340 4832 2460 4912 πέρ
2527 4838 2865 4899 attribuunt
2920 4831 3073 4921 (scil.

451 4924 589 4985 τοῖς
653 4919 1239 5097 ἐναν>τιωματικοῑς>
1306 4929 1368 4986 et
1412 4921 1613 5002 ἔμπης
1677 4929 1739 4988 et
1801 4921 1978 5002 ὅμως
2043 4919 2225 5008 (quae
2291 4945 2492 4989 omnes
2554 4947 2741 4987 unum
2800 4928 3075 5007 idemque

452 5013 793 5093 significant
823 5009 858 5072 .’

561 5123 842 5177 Apolloniu-
868 5124 1106 5180 Dysoolus.
1150 5125 1189 5168 1.
1216 5135 1257 5168 11
2581 5122 2645 5174 17
