3738 5530
603 348 1044 403 Commentarius
1073 348 1301 403 criticus
1329 350 1388 402 et
1414 348 1735 417 exegeticus
1761 347 1822 402 in
1850 347 2136 418 Apollonii
2164 347 2392 417 Dyscoli
2421 347 2631 419 scripta,
2657 349 2888 404 minora.
2978 349 3063 415 57

454 514 882 593 ὑποκείμενον
946 517 1040 578 bei
1104 518 1210 578 der
1272 517 1460 579 δεῖξις
1523 520 1605 578 ist
1659 519 1727 594 ja
1782 518 1928 578 eben
1984 517 2089 578 das
2145 514 2555 593 δεικνύμενον
2604 565 2615 575 .
2656 564 2668 575 .
2710 565 2721 575 .
2768 518 2880 596 Ap.
2928 523 3067 598 sagt

453 608 758 684 vielmehr,
803 608 934 668 dale
979 599 1175 691 (nicht
1219 607 1324 667 der
1368 607 1632 687 gezeigte
1676 606 2073 687 Gegenstand‚
2120 600 2400 690 sondern)
2448 608 2554 668 das
2601 608 2875 687 zeigende
2921 608 3062 669 Pro-

455 718 671 760 nomen
716 698 901 758 selbst
944 699 1069 758 sich
1115 718 1229 757 nur
1274 697 1383 756 auf
1421 698 1528 757 das
1572 693 1995 772 ὑποκείμενον
2042 697 2288 773 bezieht,
2338 698 2461 757 und
2506 717 2664 758 zwar
2708 699 2859 758 auch
2905 695 3066 759 κατὰ

453 784 643 861 γένος
706 785 810 849 καὶ
867 783 1029 848 κατὰ
1092 781 1387 862 ἀριθμόν;
1453 787 1578 848 also
1648 779 1716 869 1)
1770 789 1852 847 ist
1906 787 2072 847 nicht
2126 783 2250 848 ἐςτί
2307 807 2377 846 zu
2433 796 2747 866 ergunzen,
2811 787 3064 849 sondern

456 873 616 938 αὐτὸ
662 873 739 939 τὸ
784 872 1208 951 ὑποκείμενον
1252 877 1335 937 ist
1377 876 1700 936 Accusativ
1746 876 2049 955 abhflngig
2092 896 2210 936 von
2258 874 2560 938 ςυντείνει
2604 873 2724 949 ἐπί,
2775 870 2842 958 2)
2879 878 3068 938 heisst

455 963 867 1042 δεικνύμενον
923 961 1002 1027 δι’
1051 961 1453 1040 ἀντωνυμία(
1506 965 1636 1025 hier
1688 967 1854 1026 nicht
1919 961 2047 1025 ‘der
2099 968 2361 1046 gezeigte
2418 961 2838 1046 Gegenstand',
2900 968 3068 1027 nicht

455 1052 541 1116 ‘id
588 1057 747 1134 quod
791 1051 1199 1132 monstmtm’,
1244 1054 1496 1117 sondern
1542 1050 1628 1114 ‘id
1670 1056 1829 1133 quod
1865 1055 2249 1116 monstrando
2285 1051 2625 1133 profertur',
2671 1057 2765 1116 die
2807 1057 3065 1117 einzelne

454 1146 635 1206 Form
679 1146 781 1206 des
825 1145 1186 1206 Pronomens
1233 1166 1277 1203 z.
1317 1145 1383 1204 B.
1431 1141 1643 1226 τούτῳ
1684 1191 1695 1202 .
1737 1192 1748 1202 .
1790 1192 1801 1203 .
1847 1145 1994 1205 Also
2032 1148 2188 1205 etwa
2233 1140 2387 1206 ‘eine
2414 1146 2806 1226 Hinweisung
2840 1147 3065 1207 mittels

455 1236 558 1296 des
604 1230 988 1296 Pronomens’
1042 1238 1126 1294 im
1181 1234 1509 1313 Gegensatz
1565 1255 1637 1294 zu
1683 1235 1852 1296 einer
1892 1230 2304 1315 ‘Hinweisung
2350 1235 2534 1295 durch
2580 1231 3064 1311 ὁμοιωματικὰ’;

457 1316 527 1407 3)
572 1326 693 1386 lese
746 1325 842 1385 ich
897 1320 1016 1386 οὐκ
1078 1319 1177 1386 ἐπ’
1234 1319 1396 1385 ἄλλο
1462 1321 1780 1396 ςυντείνει,
1848 1321 2008 1386 αὐτὸ
2074 1322 2144 1385 δὲ
2209 1321 2284 1385 τὸ
2347 1320 2812 1398 ὑποκείμενον’.
2903 1325 3067 1386 Haec

457 1416 644 1494 igitur
705 1415 919 1491 probo3
982 1414 1085 1475 sed
1148 1409 1271 1489 γάρ
1336 1414 1495 1491 quod
1550 1416 1819 1491 sequitur
1872 1415 1937 1473 in
1992 1411 2064 1475 δέ
2117 1414 2469 1474 mutandum
2525 1433 2649 1475 esse
2704 1434 2822 1475 non
2868 1416 3070 1491 cred03

385 1538 391 1545 -
456 1506 595 1565 ante
650 1499 773 1579 γὰρ
829 1506 987 1564 enim
1050 1504 1366 1582 cogitando
1429 1504 1824 1581 supplendum
1888 1507 2004 1564 est:
2069 1499 2165 1564 ‘de
2219 1503 2515 1566 τοιοῦτος
2570 1507 2698 1564 sim.
2744 1504 2904 1565 idem
2949 1506 3068 1566 dici

459 1588 719 1671 nequit'3
764 1593 929 1653 cuius
976 1596 1209 1672 generis
1255 1595 1524 1672 exempla
1570 1594 1647 1653 ad
1697 1596 1799 1669 14,
1822 1595 1903 1654 13
1952 1594 2234 1673 congessi.

640 1685 743 1759 31,
763 1684 803 1742 4
852 1677 941 1765 εἰς
989 1679 1059 1744 ἕν
1106 1700 1164 1744 τι
1212 1678 1505 1762 μέγεθος]
1555 1678 1716 1743 ‘Non
1752 1682 1901 1743 dicit
1943 1684 2157 1763 igitur:
2204 1684 2280 1744 ad
2326 1682 2552 1744 solam
2595 1684 3070 1763 magnitudinem

465 1774 830 1850 respicimuS,
875 1772 1035 1850 quod
1070 1773 1253 1833 Bekk.
1291 1773 1501 1847 voluit,
1547 1772 1649 1833 sed
1696 1772 1772 1832 ad
1818 1793 2026 1833 unam
2073 1773 2336 1850 aliquam
2371 1773 2863 1852 magnitudinem,
2901 1777 2961 1834 et
2998 1770 3068 1834 ἕν

454 1863 602 1923 mihi
656 1862 892 1939 quidem
950 1863 1290 1940 oppositum
1343 1862 1580 1922 videtur
1638 1858 1882 1937 πλήθει.
1976 1863 2222 1924 Poterat
2267 1864 2451 1923 etiam
2497 1864 2829 1923 accuratius
2877 1863 3068 1924 dicere

458 1948 547 2013 εἰς
594 1948 743 2013 ἑνός
788 1968 963 2012 τινος
1010 1948 1292 2026 μέγεθος.
1385 1952 1642 2012 Bekkeri
1697 1952 2172 2012 emendationem
2218 1953 2404 2029 siquis
2449 1971 2652 2012 veram
2698 1970 2823 2013 esse
2870 1955 3068 2012 existi-

455 2045 601 2118 mat,
644 2062 780 2102 eum
824 2059 1061 2102 necesse
1106 2044 1196 2102 est
1238 2061 1348 2119 pro
1395 2037 1500 2102 ἐπὶ
1547 2038 1791 2103 παντὸς
1837 2037 2068 2114 γένους
2114 2042 2312 2121 legere
2351 2037 2455 2102 ἐπὶ
2491 2037 2737 2103 παντὸς
2774 2037 3068 2116 ἀριθμοῦ’

459 2130 582 2190 ska
625 2130 658 2190 I
698 2133 796 2192 10.
887 2131 1100 2191 Mattn
1145 2130 1208 2189 11
1247 2132 1375 2190 634
1441 2126 1604 2190 ‘man
1666 2134 1805 2210 sagt
1865 2131 2189 2209 pluralisch
2256 2124 2388 2213 (ἐπὶ
2452 2127 2763 2206 πλήθουςῑ
2835 2133 2936 2207 72,
2960 2133 3070 2209 23,

460 2222 564 2295 84,
586 2212 655 2302 7)
702 2216 1063 2294 τηλικοῦτοί
1112 2216 1216 2294 μοί
1263 2215 1415 2282 εἰςιν
1461 2216 1523 2281 οἱ
1568 2220 1794 2281 παῖδε(
1841 2222 1995 2281 auch
2037 2223 2102 2280 in
2139 2220 2425 2281 Hinblick
2465 2220 2576 2280 auf
2604 2241 2736 2283 nur
2755 2222 2852 2281 ein
2888 2220 3070 2300 Ding,

457 2312 666 2370 womit
707 2329 847 2369 man
893 2309 978 2369 sie
1024 2311 1378 2390 vergleicht3
1422 2328 1488 2370 so
1526 2312 1663 2388 sagt
1698 2312 1851 2371 auch
1886 2311 2071 2371 Prisc.
2108 2309 2257 2369 XIII
2296 2312 2354 2386 6,
2377 2311 2457 2370 33
2496 2312 2560 2369 in
2599 2309 2705 2370 der
2730 2310 3071 2389 Erklurung

455 2400 616 2459 eines
680 2401 969 2477 analogen
1033 2398 1324 2477 Beispiels
1388 2394 1547 2459 ‘cum
1628 2402 1785 2459 enim
1842 2419 2030 2461 unum
2090 2400 2370 2477 aspiciat,
2432 2400 2654 2476 plurali
2717 2403 2916 2477 potest
2978 2403 3069 2460 uti

456 2483 742 2549 numero'.
837 2488 913 2549 So
960 2489 1110 2549 wird
1154 2489 1316 2564 klar,
1370 2488 1499 2549 dass
1546 2489 1653 2550 das
1699 2489 1896 2549 diesen
1946 2488 2274 2568 Gegensatz
2320 2489 2754 2549 verwischende
2802 2486 3070 2564 μέγεθος

457 2600 529 2637 zu
574 2578 862 2639 sti-eichen
909 2573 1031 2639 ist?
1124 2578 1276 2638 Sane
1341 2578 1576 2655 quidem
1645 2579 1720 2638 ad
1785 2600 1970 2638 unum
2032 2581 2407 2656 respicimus,
2469 2577 2572 2638 sed
2626 2598 2761 2639 cum
2822 2579 3068 2640 dicimus

457 2667 765 2730 τοςοῦτος
810 2668 906 2728 vel
953 2666 1349 2743 τηλικοῦτος,
1412 2668 1489 2727 ad
1542 2668 1692 2727 illud
1737 2671 2084 2746 respicimus
2132 2671 2423 2745 quatenus
2478 2670 2882 2743 maqm’tudine
2926 2689 3069 2746 qua·

457 2757 596 2818 dam
640 2757 980 2835 praeditum
1028 2762 1145 2835 est3
1192 2754 1456 2833 μέγεθος
1502 2760 1689 2837 igitur
1735 2758 1966 2820 adiecto
2012 2758 2164 2819 nihil
2211 2758 2607 2820 oblitteretur.

637 2849 739 2923 31,
765 2851 799 2907 7
848 2866 956 2925 pro
1000 2842 1151 2909 ἴςως
1196 2844 1269 2908 δὲ
1314 2848 1522 2908 scribit
1568 2842 1780 2909 ἄλλως
1824 2864 1895 2910 τε
1942 2848 2222 2926 Egenolff
2260 2848 2290 2908 I
2330 2850 2488 2924 840,
2533 2867 2652 2909 ιιοιι
2698 2852 2884 2926 recte3
2930 2868 3071 2910 nam

455 2932 623 3010 ἴςως,
672 2931 759 2998 ‘ui
802 2932 1022 3013 fallor',
1067 2938 1289 2998 ironice
1335 2937 1561 2997 dictum
1605 2957 1713 3014 pro
1761 2933 2091 3015 ‘profecto'.

636 3028 740 3102 31,
763 3030 846 3088 10
891 3022 967 3087 τὸ
1014 3023 1512 3107 ὁμοιωματικόν]
1575 3020 1689 3087 ‘vis
1733 3029 2106 3089 monstrandi
2150 3049 2258 3106 per
2304 3023 2851 3105 comparationem',
2898 3023 3068 3089 ‘Hin-

457 3119 725 3195 weisung
769 3116 954 3176 durch
1000 3112 1456 3191 ὁμοιωματικά’
1504 3109 1860 3199 (Hoersch.).
1953 3118 2026 3176 V.
2074 3136 2117 3178 s.

638 3207 695 3266 3.
758 3201 1121 3280 Ἡμεδαπός
1166 3201 1493 3280 ὑμεδαπός
1537 3209 1781 3266 nomina
1824 3211 1966 3268 sunt
2001 3227 2039 3267 a
2074 3206 2523 3285 pronominibus
2560 3207 2832 3272 derivate
2871 3209 3068 3285 31,13

553 3296 656 3370 32,
688 3298 787 3355 21.

634 3384 868 3444 Eadem
921 3388 1178 3459 quaestio
1233 3379 1299 3467 (i.
1337 3405 1384 3445 e.
1432 3387 1628 3446 sintne
1675 3388 2006 3464 composita
2049 3378 2262 3468 necne)
2325 3387 2396 3445 de
2447 3382 2780 3460 ἡμεδαπός
2827 3391 2880 3446 et
2923 3382 3069 3461 ὑμε-

459 3471 666 3535 δαπός
709 3475 1067 3535 instituenda
1113 3480 1210 3544 est,
1258 3493 1388 3535 cum
1433 3476 1675 3549 qnidam
1718 3477 1962 3536 doceant
2005 3494 2074 3536 ea
2110 3495 2243 3536 eum
2277 3471 2619 3537 δάπεδον
2657 3478 2745 3535 vel
2782 3471 3072 3552 ἔδαφος

460 3566 772 3638 composita
834 3581 969 3625 3333.
1059 3563 1175 3625 Sed
1236 3564 1542 3624 falluntur.
1634 3565 1792 3625 Nam
1855 3566 1924 3639 a)
1970 3566 2265 3640 oportebat
2307 3582 2378 3625 ea
2423 3569 2908 3641 proparooeytona
2954 3584 3075 3627 esse

462 3654 565 3727 31,
586 3655 864 3713 14—17.
924 3686 1012 3696 —
1078 3653 1139 3728 b)
1184 3654 1443 3714 Etiamsi
1488 3659 1893 3729 arywnentwn
1937 3673 1978 3714 a
2023 3658 2154 3715 tono
2187 3658 2312 3730 peti
2355 3672 2476 3715 non
2509 3657 2729 3731 possit,
2787 3657 3075 3730 siqmdem

460 3697 2363 3819 etidmeaqnaeoamdpssoveonmositaswntacnmttur:
2420 3762 2606 3819 ,oenus
2671 3746 2825 3819 quod
2884 3747 3074 3805 ter-mt-

458 3834 697 3891 natione
740 3834 1036 3893 indicatur
1079 3833 1246 3893 obest.
1336 3833 1618 3893 Duarum
1663 3836 1817 3894 em'm
1860 3836 2330 3894 terminationem
2377 3851 2448 3894 ea
2494 3851 2616 3894 esse
2655 3834 2964 3909 oportebat,
3009 3838 3078 3894 ut

457 3922 641 3981 solent
674 3939 795 3981 esse
830 3925 1141 3997 composita
1178 3923 1581 3997 31,18-2Ο.
1616 3955 1705 3964 -
1741 3923 1797 3998 c)
1843 3923 2069 3983 Forma
2112 3941 2232 3983 non
2275 3927 2423 3983 recte
2468 3926 2614 3983 esset
2654 3925 2818 3997 faeta
2865 3924 2968 3997 31,
2990 3925 3075 3985 20

460 4012 656 4085 -32,
678 4013 731 4070 2.
798 4043 885 4053 -
949 4011 1016 4086 d)
1062 4012 1187 4072 Nec
1238 4014 1479 4071 nomina
1535 4030 1656 4072 esse
1699 4017 1965 4087 possent,
2031 4016 2307 4087 quoniam
2340 4014 2606 4087 primam
2650 4014 3077 4088 secundamque

448 4117 768 4175 personam
810 4102 1089 4169 indicant,
1134 4119 1241 4161 nee
1272 4105 1659 4176 pronomina:
1710 4104 1931 4162 exirent
1974 4104 2127 4162 enim
2170 4106 2235 4162 in
2278 4120 2505 4171 nomen,
2551 4106 2724 4177 atque
2771 4121 2838 4161 ea·
2883 4105 3075 4163 termi-

457 4190 693 4250 natione
736 4191 808 4250 dc
849 4193 1119 4251 meri-emo
1162 4191 1459 4251 indicatur
1507 4193 1610 4267 32,
1632 4194 1758 4251 2-
1766 4192 1821 4251 6.
1868 4224 1957 4234 -
2005 4192 2060 4266 e)
2106 4193 2350 4252 Praeter
2396 4187 2626 4254 αὐτός
2673 4193 2905 4252 nullam
2933 4210 3074 4267 pro-

456 4296 665 4339 nomen
729 4297 860 4339 cam
915 4252 1040 4340 cilia
1094 4283 1373 4341 orationis
1407 4285 1584 4355 parte
1629 4284 2017 4356 componitwm
2071 4283 2343 4357 plurales
2378 4284 2798 4356 pronominum
2841 4284 3075 4341 omnino

457 4386 576 4429 non
623 4374 1045 4445 compensentur
1092 4371 1193 4446 32,
1213 4371 1403 4430 6-8.

640 4457 730 4517 De
776 4458 984 4518 eadem
1027 4479 1090 4519 re
1128 4461 1253 4537 egit
1288 4462 1443 4536 synt.
1477 4461 1622 4536 186,
1646 4461 1971 4536 13—193‚
1995 4463 2077 4521 10
2096 4452 2177 4541 ²¹²),
2222 4460 2327 4525 ubi
2362 4460 2622 4537 primum
2659 4479 2731 4520 ea
2764 4461 3077 4537 proposuit

462 4550 817 4625 argumenta
880 4547 1095 4624 quibus
1159 4549 1402 4609 nomina,
1460 4550 1568 4608 ina
1613 4568 1737 4609 esse
1785 4548 2044 4625 quodam
2088 4547 2264 4609 modo
2310 4549 2552 4626 probari
2598 4552 2810 4628 potest.
2889 4549 3075 4609 Hero-

465 4660 623 4668 ——-.—-.-

633 4716 680 4786 ‘)
718 4721 865 4787 synt.
899 4722 1107 4784 186,13
1144 4717 1287 4773 haec
1327 4719 1647 4788 ἐδείχθηςαν
1682 4721 1738 4775 αἱ
1776 4722 2027 4776 ςύνθετοι
2062 4724 2453 4818 uli-'Omittit‘
2462 4721 2803 4787 ἀντωνυμίαι
2839 4719 3077 4775 fortasse

464 4785 545 4841 sic
580 4789 876 4844 mutanda:
916 4790 1027 4844 ἐδεί
1029 4795 1237 4858 χθηςαν
1276 4791 1562 4846 ἀςύνθετοι
1601 4791 1679 4864 <a
1693 4791 1755 4864 i>
1792 4811 1849 4848 π.
1881 4810 1932 4847 α.
1967 4824 2032 4832 -
2070 4791 2151 4845 Ib.
2186 4796 2305 4860 188,
2326 4792 2453 4846 24*
2461 4791 2718 4847 Ἀλλά”
2724 4793 2940 4860 ,φήςει
2975 4809 3075 4860 τις,

468 4858 653 4913 “’καὶ’
684 4859 866 4916 edidit
893 4860 1131 4930 Bekker,
1169 4861 1218 4914 A
1248 4862 1439 4916 sutem
1466 4861 1701 4931 praebet
1730 4865 1909 4931 Ἀλλη,
1950 4865 2114 4933 φήςει
2140 4880 2238 4930 τις,
2276 4866 2432 4919 rore:
2473 4835 2829 4918 scribend’um
2855 4863 3078 4918 videtur

463 4929 608 4984 ”Αλλ
642 4930 688 4985 εἰ
726 4932 794 5000 (εἰ
832 4935 919 4986 eet
953 4931 1012 4985 in
1051 4904 1250 5002 CfiM),
1298 4880 1505 5002 φήςειΡ
1494 4951 1601 5002 τις,
1650 4934 1837 5017 <ἔςθ’
1847 4934 1889 5008 >
1927 4938 2038 4990 ὅτε.
2089 4967 2154 4976 —-
2207 4935 2286 4988 Ib.
2329 4941 2449 5004 191,
2470 4940 2535 4988 21
2586 4934 2707 4989 sine
2753 4934 2927 4989 dubio
2972 4950 3077 5005 pro

463 5002 614 5057 ἑνικὰ
657 5002 977 5072 ponendum
1024 5007 1111 5058 est
1156 5008 1580 5074 πληθυντικὰ
1626 5006 1706 5078 (iu
1742 5006 1789 5059 A
1828 5008 1917 5061 est
1949 5025 2075 5063 τικα
2120 5009 2251 5076 post
2293 4978 2545 5077 lituram)
2592 5006 2659 5061 cl.
2702 5010 2822 5074 191,
2842 5012 3069 5061 24-26
