3738 5530
1318 370 1686 422 ADVERBIA
1725 372 1804 422 m
1838 356 1922 423 ᾗ
1956 373 2029 424 οι
2070 359 2125 424 ΞΣ
2159 357 2326 427 Ᾱδῆ.
2986 368 3107 435 195

419 601 471 639 15
520 573 803 656 ἕπεςθαι,
859 574 1019 638 κατὰ
1062 574 1342 653 ςτέρηςιν
1388 575 1545 657 <τὴν
1591 574 1738 657 διὰ>
1796 578 1912 641 τοῦ
1956 579 2071 654 νδ,
2129 575 2657 655 ἐςχηματιςμένον
2714 575 2790 640 τὸ
2846 574 3101 656 νόςφιν,

520 677 681 755 ὅπερ
727 676 1021 742 ἐναντίον
1068 676 1349 754 ςημαίνει
1391 683 1483 761 τῷ
1530 677 1919 742 ςυνέπεςθαι.

645 799 664 816 ·
689 778 898 857 (ἰαφὲς
943 779 1016 841 δὲ
1061 776 1161 842 ὅτι
1206 778 1305 842 καὶ
1351 779 1656 844 (Σέλευκος
1701 778 1802 842 καὶ
1846 779 1911 844 οἱ
1954 781 2236 844 πλεῖςτοι
2281 779 2474 856 ὑγιῶς
2519 779 2796 860 ἐφίςτων
2839 785 2933 865 τῷ

1906 875 2213 960 οὐρανόθι
2259 881 2387 959 πρό
2431 883 2501 963 (Γ
2544 881 2628 961 3).

413 1007 467 1046 20
516 983 556 1062 ἡ
599 983 725 1061 γὰρ
768 982 857 1046 εἰς
898 971 960 1045 θι
1002 984 1357 1062 παραγωγὴ
1400 984 1477 1048 τὸ
1532 982 1603 1047 ἐν
1647 982 1828 1066 τόπῳ
1881 982 2179 1061 ςημαίνει.
2254 984 2415 1063 ὅπερ
2469 985 2635 1048 τινὲς
2691 984 3103 1064 μετέγραψαν

517 1085 593 1150 τὸ
649 1084 1040 1167 οὐρανόθεν,
1094 1083 1204 1149 ἵνα
1255 1084 1332 1148 τὸ
1386 1084 1453 1148 ἐκ
1509 1084 1718 1149 τόπου
1774 1087 2049 1166 δηλωθῇ.
2136 1085 2304 1150 ἀλλὰ
2361 1085 2555 1150 πάλιν
2612 1085 2815 1150 ἐδόκει
2873 1087 2973 1150 καὶ
3029 1087 3104 1151 τὸ

518 1186 645 1265 πρό
700 1185 1106 1251 ἀντικεῑςθαι·
1162 1187 1301 1250 ἐπεὶ
1355 1187 1479 1264 γὰρ
1536 1186 1612 1251 τὸ
1670 1185 2033 1265 οὐρανόθεν
2086 1187 2163 1251 τὸ
2208 1186 2275 1251 ἐξ
2319 1186 2607 1265 οὐρανοῦ
2652 1187 2965 1267 ςημαίνει,
3025 1187 3105 1253 οὐ

518 1287 871 1354 ςυνίςταται
916 1288 988 1352 δὲ
1032 1288 1107 1352 τὸ
1152 1288 1306 1366 πρὸ
1351 1287 1430 1352 ἐξ
1476 1287 1867 1367 οὐρανοῦ,
1914 1289 2112 1368 ςαφὲς
2158 1286 2254 1352 ὅτι
2298 1290 2801 1367 παραπεμπτέον
2844 1290 2948 1353 καὶ
2990 1291 3105 1368 τὴν

412 1413 467 1453 25
519 1392 623 1456 διὰ
650 1394 769 1456 τοῦ
811 1376 924 1455 &fv
965 1390 1246 1469 γραφήν.
1322 1389 1517 1468 χωρὶς
1562 1389 1618 1454 εἰ
1671 1391 1753 1469 μὴ
1800 1389 2011 1454 ἐκεῖνό
2054 1408 2146 1453 τις
2202 1387 2402 1465 εἴποι,
2461 1389 2551 1455 ὡς
2608 1389 2746 1456 ἔςθ’
2804 1391 2913 1456 ὅτε
2969 1394 3104 1455 ταῖς

516 1496 793 1569 γενικαῖς
850 1492 1054 1571 μόνον
1107 1491 1147 1570 ἡ
1202 1493 1555 1572 παραγωγὴ
1614 1490 2007 1572 ἰςοδυναμεῖ,
2065 1490 2146 1555 οὐ
2202 1492 2598 1571 δηλουμένη(
2651 1497 2763 1571 τῆς
2816 1492 2889 1557 ἔκ
2943 1513 3104 1572 προ-

518 1595 785 1678 θέςεως,
827 1592 917 1657 ὡς
961 1592 1037 1657 τὸ
1295 1581 1300 1586 ’

1172 1694 1419 1774 Ἴδηθεν
1463 1695 1710 1774 μεδέων
1757 1696 1827 1777 (Γ
1869 1694 2055 1781 276),

519 1798 609 1863 ὡς
652 1797 693 1876 ἡ
738 1796 961 1874 ἐμέθεν
1007 1795 1405 1878 ἀντωνυμία,
1453 1797 1544 1862 ὡς
1587 1797 1663 1861 τὸ

768 1897 920 1963 Αἴας
966 1898 1034 1963 δ’
1077 1898 1347 1974 ἐγγύθεν
1389 1896 1545 1975 ἦλθε
1590 1895 1670 1980 (Η
1718 1896 1892 1982 219).

410 2023 465 2062 ευ
514 2003 614 2066 καὶ
657 2003 732 2066 τὸ
779 1999 1139 2080 οὐρανόθεν
1183 2000 1657 2080 προςλαμβάνει
1699 2003 1817 2079 τὴν
1862 2002 1930 2068 ἔξ
1974 2002 2304 2085 πρόθεςιν,
2352 2000 2417 2068 ἐξ
2462 2002 2840 2081 οὐρανόθεν,
2886 2001 2977 2068 ὡς
3022 2000 3105 2066 αὐ

511 2108 629 2168 τοῦ
684 2088 795 2169 θ-ἔν
847 2108 969 2168 νῦν
1027 2102 1107 2166 οὐ
1174 2106 1470 2167 λεκτικῶς
1527 2103 2118 2186 προςεληλυθότος,
2184 2103 2257 2169 ἐν
2323 2104 2395 2167 δὲ
2461 2104 2666 2183 μόνον
2723 2110 3103 2188 παραγωγῇ,

514 2207 726 2270 καθὼς
770 2204 1204 2285 προαπεδόθη.
1277 2208 1427 2287 τῇδε
1473 2202 1594 2268 οὐν
1640 2204 1762 2270 ἕξει
1806 2204 1911 2268 καὶ
1952 2207 2027 2270 τὸ
2075 2205 2433 2284 οὐρανόθεν
2478 2205 2624 2284 πρό.
2673 2242 2748 2252 -
2806 2204 3103 2286 εὐμαρές-

371 2326 478 2376 609
513 2327 705 2386 τερον
751 2307 967 2384 μέντοι
1009 2307 1124 2384 τὴν
1170 2306 1276 2370 διὰ
1321 2309 1436 2369 τοῦ
1482 2309 1555 2385 q—>1
1600 2308 1997 2385 παραγωγὴν
2042 2307 2543 2389 παραδέχεςθαι,
2595 2305 2635 2383 ἥ
2680 2327 2774 2371 τις
2820 2307 3105 2384 ςυνήθως

513 2410 614 2471 καὶ
659 2408 764 2472 ἐπὶ
805 2411 1056 2485 γενικῆς
1100 2407 1680 2486 παραλαμβάνεται.
1739 2408 1778 2485 ἣ
1823 2409 2449 2488 παραλαμβανομένη
2479 2408 2771 2472 ποικίλας
2812 2407 2945 2486 ἔχει
2988 2408 3102 2471 τὰς

514 2509 844 2588 προθέςεις
900 2508 1314 2591 προςιούςας,
1370 2507 1451 2571 ἐκ
1494 2509 2034 2589 παςςαλόφιν,
2093 2509 2246 2574 ἀπὸ
2303 2509 2667 2588 χαλκόφι.
2718 2545 2790 2554 -
2851 2507 2950 2573 διὸ
3004 2508 3103 2571 καὶ

433 2634 462 2674 ⁵
515 2610 586 2675 ἐν
646 2616 1000 2694 παραγωγῇ
1067 2609 1273 2689 μόνον
1331 2611 1492 2674 κατὰ
1545 2611 1661 2675 τὰς
1727 2608 1931 2690 ἀρχὰς
1995 2609 2075 2675 τὰ
2130 2615 2395 2676 τοιαῦτα
2459 2617 2591 2675 τῶν
2658 2608 3104 2689 ἐπιρρημάτων

515 2711 1111 2792 παρελαμβάνομεν.
1163 2749 1238 2760 -
1283 2714 1435 2795 τῇδε
1481 2709 1601 2776 οὐν
1647 2710 1779 2791 ἔχει
1824 2711 1926 2776 καὶ
1967 2712 2045 2777 τὸ
2092 2712 2182 2778 οὐ
2198 2713 2499 2793 ρανόφι
2545 2712 2712 2791 πρό.

682 2815 777 2880 Τὰ
822 2816 912 2879 εἰς
957 2818 1013 2879 ὦ
1056 2815 1339 2894 λήγοντα
1383 2813 1774 2893 ἐπιρρήματα
1819 2814 2099 2895 ςημαίνει
2142 2817 2244 2879 καὶ
2286 2816 2362 2880 τὸ
2408 2815 2479 2880 ἐν
2523 2815 2706 2896 τόπῳ
2751 2815 2854 2878 καὶ
2894 2814 2971 2878 τὸ
3015 2813 3104 2877 εἰς

513 2917 721 2981 τόπον
770 2915 913 3000 (τὴν
955 2916 1079 2996 γὰρ
1125 2918 1230 2981 διὰ
1273 2919 1389 2980 τοῦ
1434 2901 1551 2981 θῖν’
1590 2918 1986 2995 παραγωγὴν
2031 2916 2163 2996 ἔχει
2209 2917 2370 3000 <τὸ>
2416 2912 2777 3000 ἐκ-τόπου)·
2825 2915 2995 2990 λέγω
3032 2916 3104 2979 δὲ

406 3042 460 3081 ιο
513 3017 610 3082 ὅτι
639 3017 919 3097 μάλιςτα.
982 3016 1106 3101 (ἃ)
1138 3016 1268 3082 ἀπὸ
1300 3018 1666 3097 προθέςεως
1699 3016 2150 3097 ἐςχημάτιςται,
2194 3018 2593 3096 ἰςοςυλλαβεῖ
2630 3018 2744 3093 μὲν
2777 3015 3096 3100 [μάλιςτα]

512 3123 652 3184 ταῖς
693 3119 1095 3199 προθέςεςιν,
1156 3119 1272 3185 ἐὰν
1320 3117 1432 3183 ὦςι
1476 3118 1872 3200 διςύλλαβοι,
1931 3123 2039 3202 μιᾷ
2082 3119 2153 3183 δὲ
2197 3118 2567 3201 πλεονάζει,
2626 3118 2680 3182 εἰ
2725 3115 2858 3182 εἶεν
2905 3137 3099 3198 μονο-

515 3221 850 3299 ςύλλαβοι,
907 3220 1063 3305 <ἐν>
1116 3223 1287 3302 λήξει
1329 3226 1405 3305 τῇ
1451 3220 1541 3285 εἰς
1585 3222 1618 3284 ἰ
1670 3222 1710 3299 ἢ
1768 3220 1955 3300 φύςει
2011 3221 2050 3299 ἢ
2103 3221 2382 3300 δυνάμει.
2454 3224 2571 3284 τοῦ
2616 3220 2732 3300 μὲν
2776 3219 3101 3298 προτέρου

514 3321 641 3386 ἀνά
703 3321 875 3405 ἄνω,
943 3322 1101 3388 κατά
1153 3323 1359 3389 xatus·
1424 3325 1541 3388 τοῦ
1608 3323 1680 3387 δὲ
1742 3321 2051 3401 δευτέρου
2106 3321 2270 3401 πρός
2324 3322 2547 3401 πρόςω
2605 3320 2709 3384 καὶ
2770 3318 2863 3384 εἴς
2930 3317 3102 3384 εἴςω.

403 3457 457 3496 15
512 3424 776 3504 δυνάμει
828 3424 931 3488 καὶ
984 3425 1023 3503 ἡ
1080 3425 1147 3493 ἔξ
1191 3426 1281 3490 εἰς
1336 3426 1371 3487 ἰ
1427 3424 1633 3504 λήγει·
1693 3422 1904 3489 οὕτως
1957 3422 2090 3503 ἔχει
2142 3423 2219 3487 τὸ
2276 3423 2417 3489 ἔξω.
2492 3424 2706 3505 φαμὲν
2761 3418 2883 3485 οὐν
2940 3417 3102 3484 ἄνω

837 3563 918 3570 ..-

647 3643 863 3695 Διονκ.
930 3648 982 3717 ,4-
1029 3641 1094 3695 In
1139 3642 1409 3710 οὐρανόθι
1450 3642 1563 3709 πρό
1608 3639 1839 3711 quidam
1876 3640 2019 3695 adeo
2055 3638 2436 3706 offenderunt,
2479 3641 2546 3695 ut
2580 3641 2898 3708 οὐρανόθεν
2932 3637 3102 3691 scribi

509 3726 741 3781 vellent.
813 3725 976 3791 Quod
1009 3726 1146 3781 ferri
1179 3727 1379 3796 possit,
1426 3726 1474 3780 si
1517 3727 1835 3795 οὐρανόθεν
1872 3726 1945 3779 sit
1978 3749 2047 3773 =
2082 3726 2347 3792 οὐρανοῦ.
2392 3755 2458 3766 -
2509 3731 2568 3780 17
2614 3723 2875 3778 Praestat
2907 3722 3099 3775 tamen

510 3810 847 3879 scripturam
900 3813 1180 3879 οὐρανόφι
1235 3810 1501 3881 probare,
1555 3826 1687 3865 nam
1741 3816 1808 3877 ῷῑ
1851 3809 2113 3864 suffixum
2161 3810 2334 3865 etiam
2378 3811 2707 3881 genetivum
2751 3807 2979 3864 indicat.
3034 3835 3100 3844 —

511 3902 579 3951 23
613 3895 902 3951 Adverbia.
934 3896 994 3950 in
1029 3900 1080 3951 ὦ
1115 3895 1320 3951 localia
1356 3898 1417 3950 et
1447 3895 1547 3950 ubi
1582 3895 1721 3965 quid
1756 3894 1829 3948 sit
1864 3896 1923 3949 et
1957 3911 2068 3963 quo
2102 3893 2306 3948 tendat
2339 3895 2629 3950 denotant.

646 4098 835 4158 Dinon.
874 4118 1074 4155 scam.
1139 4106 1185 4153 1.
1221 4103 1332 4167 τὴν
1354 4099 1443 4152 διὰ
1465 4098 1703 4151 inseruit
1723 4096 2101 4163 RSehneider,
2135 4098 2307 4167 (διὰ)
2332 4096 2779 4153 GFSohoemann
2809 4100 2818 4167 Ι
2850 4104 2904 4154 5.
2944 4102 3103 4166 μετέ-

506 4200 735 4252 γραψαν
767 4186 838 4239 τὸ
875 4185 993 4250 Ab,
1042 4184 1474 4251 μετεγράψαντο
1511 4180 1871 4236 OSehneider
1909 4183 1918 4248 1
1959 4187 2041 4236 17.
2077 4183 2184 4238 ἔξει
2221 4185 2265 4238 Α
2303 4183 2363 4236 et
2396 4182 2433 4235 b
2469 4182 2528 4235 in
2565 4198 2682 4236 var.
2716 4182 2868 4251 leot„
2914 4185 3028 4252 ἔχει
3064 4185 3101 4238 b

509 4268 569 4322 in
604 4268 767 4323 textu
831 4270 842 4335 Ι
904 4268 1221 4336 οὐρανόθεν
1257 4265 1640 4334 OSehneider‚
1679 4266 1947 4335 οὐρανόθι
1986 4265 2077 4322 Ab
2141 4269 2151 4335 Ι
2215 4271 2292 4321 18.
2328 4268 2585 4351 ςιριὴθως
2619 4267 2685 4335 b,
2723 4271 2967 4337 ςυνηθης
3004 4271 3048 4324 Α
3089 4270 3097 4339 Ι

512 4359 592 4408 19.
639 4369 797 4408 νεται
844 4353 1069 4407 litterae
1111 4352 1265 4407 vocis
1311 4354 1805 4420 παραλαμβάνεται
1850 4351 1911 4404 in
1957 4367 2064 4407 ras.
2108 4353 2175 4406 Α1
2228 4355 2238 4418 Ι
2292 4357 2375 4405 22.
2427 4354 2537 4409 ἕξει
2584 4368 2688 4421 pro
2735 4354 2847 4418 ἔχει
2894 4351 3103 4407 conicit

510 4436 735 4508 GUhlig
772 4440 782 4504 1
823 4444 907 4491 24.
942 4438 1012 4491 τὸ
1048 4437 1286 4492 inseruit
1317 4435 1678 4490 RSchneider
1716 4446 1726 4501 ι
1764 4436 1825 4490 ἐκ
1860 4436 2045 4491 τόπου
2083 4435 2205 4503 ΑΙ),
2241 4436 2355 4491 ἀπὸ
2389 4438 2572 4491 τόπου
2609 4434 3059 4490 GFSchoemann
3090 4442 3097 4505 ζ

507 4527 591 4579 25.
626 4524 715 4577 ὅτι
749 4521 1212 4589 GFSchoemann,
1248 4523 1346 4576 ὅτε
1373 4521 1464 4577 Ab
1494 4523 1503 4588 Ι
1534 4520 1570 4574 ἃ
1603 4520 1840 4575 inseruit
1861 4519 2237 4586 RSehneider,
2275 4522 2460 4590 <Ὄςα
2493 4523 2596 4589 δὲ)
2632 4520 3099 4589 GFSchoemann,

441 4594 450 4603 ⁸
508 4607 639 4675 post
672 4610 907 4672 μάλιςτα
942 4622 1054 4661 non
1088 4605 1444 4677 interpunxit
1476 4606 1513 4659 b
1578 4609 1588 4674 Ι
1651 4607 1971 4674 προθέςεως
2007 4607 2392 4673 ἐςχημάτιςται
2430 4606 2549 4671 Ab,
2585 4608 2915 4673 προθέςεων
2949 4609 3102 4675 έςχη-

509 4694 744 4761 micon
781 4690 1232 4746 GFSchoemann
1271 4694 1281 4757 Ι
1319 4692 1449 4760 poet
1482 4691 1872 4759 ἑςχημάτιςται
1907 4691 2180 4759 punctum
2216 4689 2406 4759 posuit
2440 4690 2505 4756 b,
2542 4706 2764 4745 comma
2798 4688 3100 4746 GFSchoe-

506 4791 680 4829 mann
718 4780 727 4845 Ι
765 4778 1003 4844 μάλιςτα
1048 4776 1265 4830 delevit
1308 4773 1756 4830 GFSehoemann
1795 4777 1805 4840 Ι
1844 4779 1928 4832 26.
1961 4780 2085 4830 ταῖς
2122 4775 2467 4843 προθέςεςιν]
2515 4774 2607 4828 fol.
2660 4782 2752 4830 177
2779 4793 2831 4831 v.
2870 4778 2879 4843 Ι
2918 4781 3000 4830 27.
3037 4777 3101 4831 ἑν

508 4859 639 4914 add.
676 4862 713 4915 b
747 4862 807 4916 in
842 4879 963 4916 var.
999 4861 1127 4919 leet.

2595 4950 2694 5005 13·

3144 1508 3208 1556 10

3148 2019 3209 2067 16

3141 2525 3208 2572 20

3138 3033 3206 3081 25
