3738 5530
594 329 733 393 134,
1505 327 1686 380 ΠΕΡΙ
1722 329 2282 381 ΕΠῙΡΡΗΜΑΤΩΝ.

1625 450 1670 486 p.
1696 438 1787 487 544,
1820 442 1836 476 1
1865 457 1919 467 -
1943 438 2033 487 546,
2059 439 2086 478 4
2111 440 2141 478 b

591 533 851 598 δέοντες
908 534 1010 597 καὶ
1064 531 1381 597 ἑνοῦντες.
1462 530 1581 595 οὐκ
1635 531 1940 598 ἔνδεκτον
1997 532 2155 616 οὖν,
2213 534 2329 598 τὸν
2386 534 2556 612 ἕκητι
2616 533 2963 615 ςύνδεςμον
3024 533 3185 600 ὄντα

591 635 705 715 <ἐν
753 635 1073 717 ςυνθές>ει
1119 633 1465 712 ςτερήςεως
1510 637 1881 711 γεγενῆςθαι
1927 634 1997 699 ἐν
2042 640 2134 718 τῷ
2181 634 2415 715 ἀέκητι.
2491 635 2571 700 οὐ
2627 637 2750 716 γὰρ
2797 635 2833 701 ὁ
2881 636 3068 701 ἕνεκα
3111 638 3186 701 τὸ

592 737 892 803 τοιοῦτόν
937 756 1096 801 ποτε
1141 734 1524 816 ἀνεδέξατο,
1588 734 1737 800 οὔτε
1782 733 1982 801 ἄλλος
2026 757 2116 801 τις
2161 740 2295 803 τῶν
2339 739 2797 818 προκειμένων,
2849 775 2921 783 --
2981 739 3186 804 ’Έςτιν

595 838 715 904 οὖν
761 839 865 902 καὶ
909 838 1118 903 οὕτως
1163 836 1382 917 φάναι.
1442 835 1497 901 εἰ
1542 835 1579 900 ὁ
1627 837 1824 913 λόγος
1854 838 2015 902 κατὰ
2045 838 2373 919 ἀπόφαςιν
2415 842 2531 918 τὴν
2565 844 2697 905 τῶν
2736 841 3182 920 ςυνδεομένων
3265 854 3291 893 ⁵

528 959 559 1007 5
594 940 1188 1023 παραλαμβάνοιτο,
1234 940 1562 1004 ςυνόντων
1607 939 1707 1002 καὶ
1752 940 2135 1020 ςυνδέςμων,
2184 940 2303 1006 οὐκ
2346 941 2417 1007 ἐν
2465 942 2739 1021 ςτερήςει
2779 943 2854 1005 τὸ
2884 943 3188 1008 τοιοῦτόν

593 1063 754 1108 ποτε
814 1042 1172 1120 γενήςεται,
1236 1042 1307 1105 ἐν
1365 1043 1435 1105 δὲ
1480 1042 1821 1120 παραθέςει
1875 1045 1988 1118 τῆς
2044 1043 2122 1108 οὔ
2180 1043 2606 1123 ἀποφάςεως,
2666 1042 2784 1107 ὅτι
2841 1048 3051 1124 φιλῶ
3109 1063 3188 1108 ςε

594 1144 1168 1227 παραγίνομαι,
1215 1145 1359 1222 οὐχ
1403 1142 1526 1206 ὅτι
1572 1145 1777 1223 φιλῶ
1811 1163 1888 1207 ςε
1919 1146 2489 1223 παραγίνομαι·
2535 1145 2886 1224 ἔγραψεν
2921 1146 3189 1210 Ἀπολ-

596 1247 919 1326 λώνιος,
988 1245 1078 1310 οὐ
1147 1246 1290 1326 μὴν
1361 1245 1710 1324 ἔγραψεν
1768 1246 2336 1330 Ἀπολλώνιος,
2401 1245 2711 1322 ἀνέγνω
2777 1247 2887 1312 δέ·
2952 1248 3192 1313 ἕνεκα
3246 1266 3294 1303 10

598 1351 737 1414 ςοῦ
792 1348 1384 1430 παρεγενόμην,
1444 1347 1589 1427 οὐχ
1650 1347 1887 1411 ἕνεκα
1944 1350 2078 1411 ςοῦ
2137 1344 2700 1427 παρεγενόμην.
2776 1348 2830 1413 εἰ
2879 1350 2951 1413 δὲ
2994 1353 3191 1414 τοῦτο

500 1473 562 1520 10
597 1449 862 1534 ἀληθές,
916 1451 1116 1529 ςαφὲς
1162 1449 1261 1513 ὅτι
1304 1450 1408 1513 καὶ
1449 1449 1526 1512 τὸ
1572 1448 1742 1527 ἕκητι
1794 1449 1999 1526 μόνον
2046 1448 2125 1513 ἂν
2170 1451 2285 1528 τὴν
2332 1449 2411 1514 οὔ
2468 1449 2795 1530 ἀπόφαςιν
2847 1450 3192 1531 ἀνεδέχετο

480 1622 487 1627 ,
598 1552 669 1617 ἐν
713 1558 804 1634 τῷ
850 1550 994 1630 οὐχ
1042 1551 1283 1630 ἕκητι,
1334 1550 1480 1630 οὐχὶ
1525 1550 1624 1614 καὶ
1669 1550 1971 1629 ςτέρηςιν.
2044 1551 2171 1615 ἔςτι
2216 1552 2287 1614 δὲ
2332 1552 2661 1629 ἐπινοῆςαι
2707 1551 2778 1617 ἐν
2823 1554 3194 1632 ἑπιρρήμαςι

599 1655 703 1719 καὶ
757 1653 1104 1732 παράθεςιν
1158 1657 1270 1730 τῆς
1327 1653 1406 1717 οὔ
1464 1652 1857 1732 ἀποφάςεως
1915 1652 2018 1716 καὶ
2077 1653 2359 1718 ςύνθεςιν
2416 1657 2527 1731 τῆς
2583 1658 2623 1717 ἃ
2679 1654 3055 1737 ςτερήςεως,
3112 1653 3192 1717 οὐ
3248 1667 3297 1708 1⁵

599 1756 805 1837 φίλως
837 1753 1122 1838 ἀφίλως,
1181 1756 1262 1819 οὐ
1309 1758 1550 1832 ςεμνῶς
1583 1754 1881 1832 ἀςέμνως.
1965 1759 2118 1836 τῇδε
2164 1754 2244 1819 ἂν
2289 1754 2427 1835 ἔχοι
2471 1756 2571 1819 καὶ
2615 1755 2691 1820 τὸ
2738 1754 2967 1834 ἀέκητι.

768 1856 948 1921 Ἀλλ’
990 1855 1142 1922 ’ίςως
1188 1856 1289 1921 καὶ
1331 1857 1407 1921 τὸ
1451 1860 1749 1922 τοιοῦτον
1798 1854 1938 1936 ἔχοι
1984 1856 2064 1921 ἂν
2108 1855 2302 1921 πάλιν
2349 1856 2684 1932 ἑπίςταςιν,
2733 1856 2823 1921 ὡς
2874 1856 2954 1921 οὐ
3001 1859 3079 1923 τὰ
3121 1858 3195 1921 ἐν

505 1979 567 2026 15
604 1959 880 2040 ςτερήςει
922 1965 1055 2024 τῶν
1103 1958 1549 2039 ἐπιρρημάτων
1594 1957 1906 2038 γινόμενα
1950 1957 2074 2040 ἰδίᾳ
2118 1958 2397 2035 ἐγένετο,
2445 1959 2515 2024 ἐν
2563 1960 2912 2038 μεταλήψει
2955 1958 3027 2022 δέ
3071 1960 3196 2024 ἐςτι
3247 1973 3299 2012 20

603 2062 953 2127 ςυνθέτων·
1013 2060 1088 2124 τὸ
1145 2061 1270 2138 γὰρ
1323 2058 1575 2139 ἀφίλως
1619 2060 1794 2138 παρὰ
1837 2060 1914 2124 τὸ
1960 2057 2227 2142 ἄφιλος,
2284 2060 2385 2123 καὶ
2439 2061 2514 2124 τὸ
2572 2061 2857 2140 ἀςέμνως
2903 2062 3078 2141 παρὰ
3120 2062 3196 2124 τὸ

604 2163 891 2241 ἄςεμνος.
966 2161 1153 2228 ἔνθεν
1211 2161 1313 2225 καὶ
1368 2161 1543 2239 μένει
1594 2160 1632 2225 ὁ
1677 2161 1869 2226 τόνος
1929 2160 1998 2225 έν
2043 2166 2136 2242 τῷ
2191 2160 2494 2239 ἀψευδῶς
2552 2162 2653 2225 καὶ
2709 2161 3007 2245 ἀςαφῶς,
3064 2160 3196 2238 εἴγε

603 2265 707 2329 καὶ
748 2265 824 2329 τὸ
870 2263 1161 2343 ἀψευδής
1205 2262 1307 2326 καὶ
1351 2262 1603 2344 ἀςαφής
1649 2262 1972 2342 ςυνέμεινε
2017 2263 2176 2327 κατὰ
2220 2263 2417 2328 τάςιν.
2953 2346 2960 2351 .

775 2365 1059 2444 Τρύφων
1092 2368 1179 2447 (p.
1210 2364 1294 2429 39
1323 2362 1589 2446 Velsen)
1620 2366 1773 2444 φηςὶ
1817 2365 1918 2430 καὶ
1962 2366 2067 2429 διὰ
2110 2366 2185 2429 τὸ
2232 2363 2665 2432 ἀκατάςτατον
2710 2371 2826 2430 τοῦ
2873 2366 3070 2432 τόνου
3117 2368 3195 2445 μὴ
3251 2380 3302 2419 2⁵

505 2488 572 2536 20
608 2469 856 2548 ἔχεςθαι
887 2467 1046 2532 αὐτὸ
1077 2472 1195 2531 τοῦ
1225 2466 1383 2531 κατὰ
1421 2467 1500 2531 τὰ
1526 2466 1920 2546 ἐπιρρήματα
1942 2471 2256 2551 μεριςμοῦ.
2307 2465 2386 2530 τὰ
2408 2467 2530 2546 γὰρ
2554 2468 2819 2532 τοιαῦτά
2841 2489 3032 2547 φηςιν
3058 2468 3199 2534 ὀξύ-

606 2575 850 2647 νεςθαι,
898 2569 1238 2650 ἀναιμωτί,
1287 2569 1558 2652 ἀκονιτί,
1602 2568 1934 2652 ἀδακρυτί,
1973 2569 2091 2633 κᾶν
2123 2570 2160 2652 ᾖ
2193 2570 2305 2634 ςὺν
2327 2575 2420 2652 τῷ
2455 2574 2522 2652 Ε,
2553 2569 2896 2649 ἑλληνιςτί,
2929 2570 3200 2652 δωριςτί,

608 2670 889 2738 αἰολιςτί.
935 2670 1124 2735 Πάνυ
1156 2673 1227 2736 δὲ
1257 2670 1626 2751 ἀπόβλητος
1658 2670 1696 2734 ὁ
1728 2671 1946 2748 λόγος.
1993 2672 2073 2735 ού
2104 2673 2228 2750 γὰρ
2258 2671 2339 2736 τὰ
2370 2672 2543 2750 παρὰ
2573 2671 2902 2749 πνεύματα
2930 2673 2969 2750 ἢ
3000 2672 3197 2737 τόνον

607 2774 646 2853 ἤ
692 2794 749 2838 τι
791 2780 924 2839 τῶν
970 2773 1444 2852 παρεπομένων
1484 2775 1620 2838 ταῖς
1661 2776 1913 2854 φωναῖς
1946 2773 2347 2854 ἐκφερόμενα
2376 2775 2835 2854 περιγράφεται
2864 2779 2981 2840 τοῦ
3018 2774 3199 2839 δέον·
3253 2790 3305 2829 ³⁰

608 2896 720 2940 τος
766 2878 1080 2954 μεριςμοῦ.
1158 2875 1237 2939 οὐ
1283 2875 1405 2953 γὰρ
1451 2873 1591 2939 ἐπεὶ
1634 2876 1714 2954 μὴ
1762 2873 2044 2940 δεόντως
2087 2877 2162 2940 τὸ
2207 2874 2375 2941 πούς
2419 2874 2750 2958 ὀξύνεται,
2794 2875 2913 2940 οὐκ
2958 2874 3199 2954 ὄνομα·

510 2991 576 3045 25
616 2978 653 3055 ἢ
700 2977 798 3041 ὅτι
841 2977 916 3041 τὸ
960 2974 1127 3042 ἅπαξ
1173 2977 1512 3057 βαρύνεται
1557 2977 1659 3040 καὶ
1703 2977 1910 3060 πέριξ,
1959 2980 2093 3042 τῶν
2138 2976 2357 3042 ἄλλων
2403 2975 2816 3056 ὀξυνομένων
2864 2978 2982 3042 ούκ
3027 2976 3202 3057 ἐπιρ-

611 3080 874 3160 ρήματα·
1218 3149 1229 3162 ,

779 3180 961 3257 Πρὸς
1007 3178 1103 3245 οἷς
1146 3181 1250 3244 καὶ
1294 3182 1667 3265 δεδείξεται,
1714 3180 1812 3245 ὅτι
1856 3180 2015 3245 κατὰ
2057 3182 2174 3246 τὸν
2218 3181 2417 3247 τόνον
2464 3181 2791 3258 ἀνάλογόν
2835 3182 2982 3247 έςτι.

785 3282 1221 3346 Καταςτατέον
1288 3281 1408 3346 οὖν
1476 3283 1557 3347 τὰ
1621 3286 1738 3348 τοῦ
1806 3285 2227 3364 ςχηματιςμοῦ
2291 3287 2464 3367 τῇδε.
2537 3282 2668 3348 ἀπὸ
2736 3282 3020 3364 ῥήματος
3085 3288 3202 3348 τοῦ
3238 3296 3340 3348 545
3417 3282 3425 3288 '

569 3374 584 3388 ’
614 3383 891 3459 ἀεκάζω,
942 3382 996 3466 ᾧ
1044 3383 1331 3462 ςυνήθως
1375 3383 1660 3463 Ὅμηρος
1704 3386 2033 3467 κέχρηται,

514 3507 581 3555 30
870 3485 1068 3549 πόλλ’
1112 3484 1501 3565 ἀεκαζομένη
1548 3483 1633 3569 (Ζ
1676 3484 1831 3571 458)

612 3588 877 3654 ἔπιπτεν
944 3586 1255 3667 ἐπίρρημα
1319 3588 1395 3651 τὸ
1462 3586 1740 3670 ἀεκαςτί,
1805 3587 2027 3653 καθότι
2092 3593 2184 3672 τῷ
2252 3587 2405 3655 ἰὰζω
2471 3586 2839 3667 παράκειται
2895 3589 2972 3653 τὸ
3028 3587 3203 3666 ἰαςτί,
3256 3600 3281 3639 ⁵

617 3686 929 3768 ἑλληνίζω
974 3687 1302 3766 ἑλληνιςτί.
1376 3690 1480 3753 καὶ
1522 3688 1560 3768 ἡ
1607 3689 1720 3768 μὲν
1767 3688 2124 3769 ὁλόκληρος
2171 3690 2482 3769 προφορὰ
2525 3689 2805 3768 τοιαύτη.
2870 3689 3204 3768 ἐνδεήςαν·

619 3846 929 3853 -—-—-.--——-—
952 3846 1022 3851 -—-

750 3925 967 3979 Anovu.
1029 3929 1091 3977 14
1126 3923 1393 3994 opponat
1426 3924 1662 3980 fortasse
1698 3925 2004 3995 quispiam,
2041 3924 2312 3981 adverbia
2345 3941 2473 3978 cum
2507 3928 2544 3979 ’ᾱ
2579 3925 2861 3994 privativo
2899 3926 3210 3996 composita

619 4028 689 4065 ex
714 4010 1006 4064 adiectivis
1041 4026 1167 4064 eum
1203 4015 1239 4064 ἃ
1275 4007 1601 4078 compositis
1635 4009 1789 4064 faeta
1823 4026 1960 4064 esse.
1997 4040 2065 4050 -
2103 4016 2166 4065 19
2203 4010 2284 4063 Ex
2310 4011 2545 4064 accentu
2570 4011 2786 4076 autem,
2826 4010 2916 4063 cui
2941 4011 3209 4065 orationis

618 4095 769 4164 parti
814 4094 1176 4148 tribuendum
1222 4092 1643 4166 siss‚·eolligere
1695 4112 1810 4149 non
1855 4094 2006 4149 licet.
2059 4126 2120 4134 —
2166 4101 2229 4148 27
2278 4094 2540 4160 Accedit,
2587 4095 2740 4163 quod
2783 4096 3046 4149 accentus
3095 4112 3207 4149 non

618 4181 837 4249 pugnat
873 4196 998 4233 eum
1035 4177 1179 4248 lege.
1217 4210 1279 4218 —
1318 4183 1384 4233 30
1418 4176 1567 4231 Nam
1604 4178 1675 4232 ab
1711 4179 1931 4235 ἀεκάζω
1969 4180 2257 4234 derivatur
2292 4179 2534 4244 ἀεκαςτί,

755 4395 944 4452 Βιεοιι.
990 4415 1186 4454 scam·
1272 4406 1312 4454 1.
1360 4362 1460 4454 cue
1512 4415 1614 4468 pro
1667 4402 1972 4466 ςυνδεςμον
2026 4403 2070 4455 Α
2143 4403 2153 4468 Ι
2227 4402 2355 4469 posss
2405 4417 2547 4455 οντα
2600 4400 2696 4455 fol.
2739 4406 2835 4454 120
2859 4417 2933 4465 r.‚
2985 4399 3044 4452 in
3097 4415 3209 4469 quo

621 4485 891 4551 quattuor
935 4482 1027 4538 vel
1071 4483 1319 4552 quinque
1365 4483 1589 4538 litterae
1634 4485 1864 4540 madore
1902 4500 2091 4552 evam,
2139 4484 2343 4538 deinde
2388 4501 2483 4540 πει
2528 4485 2701 4554 (quod
2737 4486 2989 4539 enotavit
3021 4485 3083 4554 b)
3119 4483 3212 4538 vel

623 4585 747 4624 επει
799 4568 974 4638 (quod
1027 4567 1221 4622 videre
1274 4566 1382 4622 sibi
1440 4566 1590 4622 visus
1652 4571 1739 4623 eet
1793 4568 2201 4637 RSehneider);
2260 4570 2365 4638 (ἐν
2423 4571 2707 4637 ςυνθές>ει
2763 4569 3209 4624 GFSehoemann

622 4652 799 4721 <ἐπ>ὶ
835 4651 1202 4707 RSkrzeezka
1264 4655 1272 4718 Ι
1337 4658 1385 4706 2.
1423 4669 1491 4707 ου
1528 4656 1604 4719 Α,
1648 4655 1782 4707 οὔτε
1816 4653 1853 4706 b
1920 4657 1927 4716 Ι
1993 4660 2041 4706 4.
2080 4655 2113 4707 ὁ
2148 4655 2318 4719 λόγος
2356 4652 2829 4720 GFSehoemmn,
2877 4658 3027 4709 ὅλως
3065 4653 3158 4708 Αἱ)
3199 4655 3206 4722 1

628 4744 706 4794 10.
743 4754 813 4791 αν
848 4753 1019 4805 supra
1053 4736 1150 4791 lin.
1189 4740 1232 4793 Α
1264 4744 1272 4806 Ι
1308 4745 1386 4791 11.
1424 4753 1573 4793 εςτιν
1608 4740 1652 4792 Α
1684 4741 1693 4806 Ι
1727 4745 1805 4792 18.
1844 4753 2170 4805 ςυνεμεινεν
2194 4741 2236 4793 Α
2269 4741 2277 4804 Ι
2309 4745 2374 4793 ‘20
2402 4739 2607 4806 μεριεμ·
2637 4740 2680 4793 Α
2712 4740 2720 4796 Ι
2753 4746 2834 4791 21.
2863 4755 3097 4807 ακονητι
3126 4739 3168 4792 Α
3200 4741 3206 4804 Ι

625 4827 709 4879 23.
749 4824 1158 4889 περιγράφεται
1198 4821 1259 4887 b,
1296 4837 1727 4890 παραγραφεται
1762 4822 1805 4875 Α
1838 4827 1846 4890 Ι
1878 4828 1960 4878 31.
1994 4827 2081 4890 τῷ
2119 4821 2253 4877 (dtus
2291 4821 2353 4888 b,
2390 4840 2459 4876 το
2497 4826 2634 4878 ιαζω
2672 4825 2714 4875 Α
