3738 5530
1523 407 1898 460 Anvssnssm
1938 411 2012 460 m
2052 393 2162 463 SE.
3009 403 3130 470 179

436 629 487 668 ³0
538 604 807 677 τοπικόν
854 611 1182 678 ἐξεδέξατο
1229 610 1576 694 ἐπίρρημα,
1634 610 1713 699 ού
1758 614 1883 691 μὴν
1926 612 2029 676 καὶ
2071 612 2150 676 τά
2193 614 2304 689 τῆς
2350 613 2743 689 παραγωγῆς
2800 609 3124 688 ὁμολογεῖ,

538 714 749 779 καθὼς
792 713 1039 791 ἐδείχθη
1087 711 1177 778 ὡς
1220 713 1259 790 ἡ
1305 714 1531 792 τοπικὴ
1576 715 1930 793 παραγωγὴ
1976 714 2092 792 τὴν
2139 713 2243 778 διά
2286 717 2404 777 τοῦ
2450 716 2492 777 ἇ
2535 713 2795 793 γραφὴν
2833 713 2963 791 ἔχει
2998 712 3127 789 πρὸ

537 820 652 880 τοῦ
696 815 943 897 τέλους,
987 814 1119 880 ἀπό
1162 835 1232 880 τε
1277 815 1619 894 ὀνομάτων
1666 817 2010 894 παρήγετο,
2054 816 2131 880 τὸ
2177 816 2249 880 δὲ
2295 813 2376 880 ού
2410 819 2563 899 τῇδε
2597 812 2792 893 εἶχεν.
2834 849 2915 859 ——
2959 812 3128 877 Ἀλλ’

402 932 500 980 591
535 916 617 997 ἦν
647 918 751 982 καὶ
792 916 977 996 ἑτέρα
1010 916 1290 983 ςύνταξις
1335 916 1406 982 ἐν
1438 914 1736 1000 αἰτιατικῇ
1768 917 1961 982 πάλιν
2002 916 2344 1000 ὀνομάτων
2376 917 2478 980 καὶ
2510 917 2836 998 προςθήκῃ
2878 920 2993 980 τοῦ
3035 901 3128 996 δ-ε,

540 1018 630 1084 ὡς
673 1017 805 1097 ἔχει
847 1018 924 1082 τὸ
972 1016 1200 1083 οἶκον
1246 1018 1328 1082 δέ
1374 1018 1473 1083 καὶ
1516 1020 1595 1083 τὰ
1637 1019 1895 1084 τούτοις
1939 1017 2149 1098 ὅμοια.
2226 1018 2389 1097 ὅπερ
2432 1017 2627 1082 πάλιν
2674 1017 2751 1080 οὐ
2798 1021 2947 1101 τῇδε
2993 1016 3127 1096 εἶχε
3163 1036 3195 1084 5

537 1120 612 1184 τὸ
656 1120 1081 1200 προκείμενον
1126 1119 1457 1202 ἐπίρρημα,
1505 1119 1656 1185 οὔτε
1700 1122 1860 1186 κατὰ
1903 1120 2183 1202 γραφήν,
2230 1119 2378 1184 οὔτε
2425 1120 2581 1184 κατὰ
2624 1119 2814 1185 τάςιν.
2879 1119 2979 1183 διὸ
3026 1119 3129 1183 καὶ

539 1222 726 1287 ἕνεκα
768 1227 901 1286 τῶν
949 1222 1265 1287 τοιούτων
1309 1224 1555 1300 μᾶλλον
1600 1221 1681 1289 ἀν
1726 1245 1820 1289 τις
1863 1223 2291 1301 παραδέξαιτο
2335 1222 2410 1286 τὸ
2459 1222 2585 1286 «τὸ
2631 1222 2756 1286 δέ»
2802 1221 2903 1285 ἐπὶ
2947 1241 3126 1285 τοπι-

461 1349 486 1390 ⁵
541 1329 675 1389 κῶν
721 1323 1199 1408 ἐπιρρημάτων,

788 1426 1117 1489 πολλοῑςιν
1161 1426 1285 1504 γὰρ
1330 1424 1539 1502 ἔγωγε
1587 1425 2018 1506 ὀδυςςάμενος
2062 1424 2138 1491 τὸ
2182 1426 2250 1491 δ’
2276 1423 2493 1492 ’ἱκάνω
2542 1426 2600 1506 (τ
2642 1424 2832 1507 407)-

535 1527 798 1592 δύναται
842 1527 966 1606 γὰρ
1012 1526 1320 1602 ἐγκεῖςθαι
1364 1527 1699 1606 αἰτιατικῆς
1754 1527 1998 1607 ἄρθρον
2041 1530 2185 1592 κατ’
2231 1528 2584 1605 οὐδετέραν
2629 1526 2998 1607 προφοράν.
3046 1563 3125 1573 ——
3168 1545 3229 1594 10

537 1630 747 1711 (αφὲς
794 1628 913 1694 οὖν
959 1628 1057 1693 ὅτι
1104 1628 1317 1708 ἔχοιτο
1364 1629 1444 1695 ἂν
1491 1629 1693 1706 λόγου
1736 1651 1855 1695 του
1899 1630 2059 1694 κατὰ
2101 1632 2496 1709 παραγωγὴν
2541 1631 2658 1708 τὴν
2704 1616 2778 1693 δε
2809 1629 3125 1709 ςυλλαβὴν

437 1759 487 1798 10
538 1731 905 1811 προςλαβὸν
961 1730 1120 1794 κατὰ
1173 1731 1248 1795 τὸ
1306 1730 1466 1795 αὐτὸ
1522 1732 2016 1814 ςημαινόμενον,
2084 1731 2173 1796 ὡς
2239 1732 2369 1811 ἔχει
2436 1732 2612 1809 παρὰ
2664 1732 2740 1796 τὸ
2794 1733 2995 1809 τῆμος
3050 1731 3124 1795 τὸ

537 1831 903 1912 τημόςδε,
950 1833 1068 1910 τὴν
1114 1830 1313 1909 αὐτὴν
1357 1831 1511 1913 ἔχον
1559 1832 1860 1913 ςημαςίαν
1889 1839 1982 1919 τῷ
2018 1835 2447 1912 πρωτοτύπῳ,
2489 1833 2710 1912 τηνίκα
2741 1831 3125 1911 τηνικάδε.

540 1933 957 2012 ςημαίνοντος
1001 1931 1122 1998 οὗν
1165 1936 1282 1998 τοῦ
1329 1934 1419 1999 ὥς
1463 1934 1889 2025 ἐπιρρήματος
1930 1936 2006 2000 τὸ
2063 1934 2300 2012 οὕτως,
2361 1933 2455 2013 εἴη
2515 1934 2595 1999 ἂν
2649 1933 2687 2012 ἡ
2745 1934 3125 2013 προκειμένη

537 2037 890 2115 παραγωγὴ
920 2036 1079 2099 κατὰ
1106 2036 1183 2099 τὸ
1215 2034 1374 2099 αὐτὸ
1405 2037 1807 2115 δηλούμενον
1849 2037 1920 2103 ἐν
1953 2043 2044 2121 τῷ
2087 2037 2236 2114 ὧδε,
2281 2036 2642 2112 ἀναγκαίως
2678 2056 3124 2115 προπεριςπω-
3168 2054 3228 2102 15

438 2161 488 2201 ιε»
540 2137 717 2220 μένη,
762 2136 900 2201 ἐπεὶ
944 2137 982 2216 ἡ
1028 2134 1214 2216 φύςει
1258 2138 1464 2217 μακρὰ
1508 2138 1579 2203 ἐν
1623 2144 1701 2221 τῇ
1745 2139 2008 2223 τοιαύτῃ
2050 2142 2403 2222 παραγωγῇ
2436 2137 2925 2217 περιςπωμένην
2971 2138 3127 2203 ἀνα-

540 2238 820 2319 δέχεται,
868 2242 1223 2318 τοιοῦδε,
1268 2244 1577 2323 τοιῷδε.

706 2339 980 2419 Ὁμοίως
1024 2340 1095 2404 δ’
1143 2341 1223 2407 ἂν
1271 2341 1484 2420 ἔχοιτο
1518 2342 1723 2406 καὶτὸ
1754 2344 2056 2407 τοιοῦτον
2098 2340 2497 2406 ἐπιςτάςεως.
2536 2379 2610 2387 -
2653 2340 3127 2419 «Ὁλοκλήρους

537 2442 660 2520 γὰρ
715 2443 829 2506 τὰς
883 2447 1016 2507 τῶν
1074 2442 1523 2521 πρωτοτύπων
1577 2444 1804 2524 φωνὰς
1859 2442 1975 2522 ἥδε
2028 2444 2067 2523 ἡ
2126 2445 2480 2522 παραγωγὴ
2549 2435 2884 2524 ῴυλάςςει,
2949 2444 3127 2506 τοῖος

439 2571 491 2609 20
541 2542 884 2619 τοιόςδε,
937 2543 1192 2622 τηλίκος
1250 2544 1702 2623 τηλικόςδε,
1756 2548 1955 2624 τῆμος
2009 2545 2374 2624 τημόςδε·
2434 2548 2596 2624 χρῆν
2642 2543 2761 2609 οὖν
2807 2545 2908 2607 καὶ
2952 2544 3126 2621 παρὰ
3162 2561 3229 2609 20

448 2664 452 2668 ·
538 2645 613 2707 τὸ
661 2645 749 2708 ὥς
803 2642 1054 2709 ὧςδε.»
1109 2681 1188 2690 -
1236 2646 1425 2710 Ἀλλὰ
1461 2650 1656 2710 τοῦτο
1704 2647 1818 2725 μὲν
1865 2647 2132 2712 δύναται
2179 2645 2535 2722 ἀπολογίας
2581 2646 2846 2724 ἔχεςθαι,
2891 2650 2966 2729 τῇ
3013 2646 3127 2723 μὲν

539 2744 670 2811 ἀπὸ
714 2746 1019 2824 Δωρικοῦ
1063 2747 1423 2826 δυνάμενον
1469 2747 1902 2827 ἐςχηματίςθαι
1946 2751 2063 2812 τοῦ
2115 2746 2195 2825 ὥ,
2244 2747 2405 2826 ὅπερ
2451 2745 2593 2812 ἀντὶ
2635 2751 2751 2812 τοῦ
2803 2746 2892 2811 ὥς
2929 2768 3127 2826 παρα-

540 2848 954 2928 λαμβάνουςι,
998 2856 1075 2934 τῇ
1120 2849 1192 2914 δὲ
1235 2848 1366 2914 ἀπὸ
1411 2854 1528 2915 τοῦ
1572 2854 1895 2915 πτωτικοῦ
1939 2853 2058 2915 τοῦ
2103 2854 2602 2930 προϋφεςτῶτος
2648 2850 2791 2913 κατ’
2836 2849 3125 2928 ἔλλειψιν

437 2974 488 3015 2⁵
537 2952 656 3014 τοῦ
712 2953 772 3014 ἰ·
830 2952 932 3015 καὶ
985 2950 1107 3030 γὰρ
1162 2951 1341 3030 παρὰ
1393 2951 1468 3015 τὸ
1523 2950 1596 3017 ὅς
1653 2952 1935 3033 ὤφειλεν
1989 2952 2137 3017 ὅςδε
2194 2950 2393 3034 εἶναι,
2461 2950 2624 3030 ὅπερ
2680 2951 2940 3026 ἐγένετο
2997 2950 3126 3016 ὅδε.

540 3050 706 3116 ἀλλὰ
760 3052 864 3116 καὶ
915 3056 1107 3117 τοῦτο
1166 3052 1451 3130 ςυνήθως
1494 3051 1848 3133 ἀποβάλλει
1894 3055 1969 3119 τὸ
2016 3056 2078 3119 ἓ·
2132 3054 2208 3117 τό
2264 3055 2389 3133 γὰρ
2448 3051 2608 3117 αὐτὸ
2656 3052 2933 3132 ςημαίνει
2991 3051 3128 3116 ἔςθ’
3164 3069 3230 3118 25

540 3151 649 3217 ὅτε
693 3153 766 3217 τὸ
813 3152 850 3216 ὁ
896 3155 999 3218 καὶ
1041 3154 1116 3218 τὸ
1162 3153 1271 3236 ὅς,

1418 3255 1455 3320 ὁ
1499 3257 1623 3335 γὰρ
1667 3254 1820 3334 ἦλθε
1865 3256 2023 3322 θοάς
2069 3257 2143 3340 (Α
2192 3254 2328 3339 12)·

796 3357 872 3422 ὃς
914 3356 1038 3436 γὰρ
1084 3355 1393 3421 δεύτατος
1438 3356 1630 3435 ἦλθεν
1678 3359 1746 3439 (α
1792 3356 1964 3439 286).

437 3482 489 3522 εο
707 3459 962 3536 Ἔχοιτο
1015 3458 1086 3523 δ’
1129 3458 1209 3524 ἂν
1255 3458 1346 3523 ἔτι
1390 3461 1494 3523 καὶ
1548 3459 1928 3525 ἐπιςτάςεως
1970 3459 2299 3539 τοιαύτης,
2356 3460 2566 3525 καθὼς
2612 3459 2877 3541 εἴπομεν
2931 3459 3031 3525 ὅτι
3088 3460 3126 3538 ἡ

538 3561 642 3625 διὰ
685 3564 801 3624 τοῦ
838 3546 918 3625 ’δῖ
963 3562 1314 3640 παραγωγὴ
1360 3560 1528 3625 πολὺ
1587 3562 1910 3641 πρότερον
1954 3562 2071 3640 τὴν
2129 3559 2561 3628 ἀνταπόδοςιν
2604 3564 2719 3641 τὴν
2778 3565 2882 3627 διὰ
2931 3565 3049 3627 τοῦ
3093 3567 3130 3627 ῖ-
3165 3578 3230 3624 3ο

402 3684 502 3733 592
539 3661 1050 3742 παραλαμβάνεν
1096 3662 1177 3726 ού
1224 3663 1349 3740 γὰρ
1393 3664 1570 3741 παρὰ
1612 3664 1687 3728 τὸ
1734 3661 1875 3728 οἷος
1918 3663 1993 3727 τὸ
2038 3662 2382 3746 τοιόςδε,
2429 3662 2583 3728 οὐδὲ
2627 3664 2803 3742 παρὰ
2832 3664 2906 3728 τὸ
2945 3663 3130 3742 ἡνίκα

537 3764 928 3842 τηνικάδε.
983 3800 1054 3810 -
1118 3765 1227 3828 Καὶ
1270 3763 1464 3828 πάλιν
1521 3763 1683 3845 ὑπὲρ
1740 3765 1978 3829 τούτου
2031 3764 2160 3829 ἔςτι
2215 3764 2453 3845 φάναι,
2505 3764 2604 3829 ὅτι
2660 3764 2945 3843 ἔλλειψίς
3000 3765 3128 3830 ἐςτι

678 3967 894 4021 Anovu.
989 3971 1044 4019 11
1093 3964 1335 4020 Videtur
1374 3965 1550 4035 igitur
1595 3965 1676 4021 eis
1722 3965 2003 4020 adverbiis
2047 3965 2106 4018 in
2152 3968 2217 4021 δἐ·
2263 3965 2747 4020 adnumerandum
2785 3981 2931 4032 esse,
2982 3982 3127 4034 quae

539 4050 777 4104 eandem
812 4049 1103 4105 notionem
1140 4050 1312 4118 atque
1347 4048 1638 4118 primitiva
1668 4050 1907 4106 habent:
1946 4052 2059 4106 ὧδε
2094 4076 2162 4096 =
2199 4052 2295 4107 ὥς.
2338 4080 2392 4090 -
2438 4056 2500 4106 18
2534 4049 2742 4105 Mirum
2778 4050 3011 4104 fortasse
3048 4050 3129 4103 vi-

541 4134 724 4202 detur,
759 4132 831 4189 ab
872 4136 950 4189 ὥς
984 4150 1098 4188 non
1136 4134 1278 4189 ὧςδε
1314 4133 1578 4201 derivari,
1612 4152 1739 4189 oum
1774 4135 1834 4188 in
1868 4135 2078 4189 talibus
2102 4135 2386 4190 adverbiis
2411 4136 2590 4189 forma
2610 4134 2905 4203 primitiva
2921 4134 3128 4189 servari

541 4219 734 4274 soleat.
816 4218 929 4273 Sed
972 4217 1400 4289 patrocinantur
1439 4217 1524 4272 illi
1567 4218 1780 4275 formae
1828 4222 1877 4274 ὥ
1922 4222 2010 4289 (ι--ι
2046 4222 2147 4287 ὥς)
2194 4221 2255 4273 et
2287 4221 2385 4275 ὅδε
2430 4223 2519 4285 (=·
2554 4221 2720 4286 ὅςδε).
2759 4250 2823 4260 -
2859 4225 2924 4274 2⁹
2959 4218 3040 4273 Ut
3072 4219 3130 4272 in

540 4304 700 4358 initio
734 4304 905 4359 οὗτος
941 4302 1314 4373 pronominis,
1348 4302 1433 4356 ita
1465 4302 1525 4356 in
1560 4303 1723 4358 initio
1761 4304 1876 4360 ὧδε
1912 4304 2168 4359 adverbii
2201 4308 2238 4359 ’ἴ
2273 4303 2644 4362 desideratur.

676 4474 864 4528 stcn.
891 4490 1088 4527 scam.
1130 4479 1175 4527 1.
1201 4473 1490 4530 ἐξεδέξατο
1514 4475 1667 4544 (τὸ)
1693 4472 2050 4529 OSchneidor
2077 4476 2086 4541 Ι
2115 4480 2164 4533 4.
2189 4489 2495 4541 ονοματων
2521 4490 2611 4528 και
2631 4472 2772 4534 Mb,
2798 4490 2887 4528 και
2903 4472 2962 4527 in
2987 4490 3131 4529 κατα

538 4558 784 4613 mutavit
819 4559 888 4614 A*
933 4558 945 4626 Ι
990 4564 1040 4613 5.
1076 4554 1240 4613 οἶκον
1275 4559 1335 4612 δέ
1369 4557 1622 4621 KLehrs‚
1661 4560 1891 4614 οἶκόνδε
1926 4559 1964 4614 b
2017 4562 2029 4630 Ι
2078 4565 2126 4614 ’1.
2162 4561 2233 4614 τὸ
2267 4561 2337 4614 τὸ
2372 4561 2435 4615 δέ
2471 4556 2852 4626 RSohneider,
2889 4562 2960 4613 τὸ
2994 4561 3128 4615 τόδε

538 4642 576 4697 b
605 4644 616 4712 Ι
645 4648 796 4698 7-8.
821 4648 1079 4699 τοπικῶν
1104 4642 1503 4711 ἐπιρρημάτων
1526 4644 1647 4711 Ab,
1673 4646 1879 4712 τόπου,
1905 4646 2356 4714 ἐπιρρηματικῶς
2381 4641 2829 4698 GFSchoemann
2861 4651 2871 4706 Ι
2900 4650 2947 4697 9.
2973 4645 3130 4699 ὸδυς-

539 4729 773 4795 ςάμενος
808 4728 1112 4795 Homerus,
1151 4729 1492 4793 ὸδυςάμενος
1528 4726 1625 4781 ΑΙ)
1655 4732 1664 4795 Ι
1691 4729 1762 4783 τὸ
1799 4732 1850 4783 δ’
1885 4728 2269 4795 RSchneider,
2302 4730 2424 4783 τόδ’
2458 4728 2495 4781 b
2536 4730 2547 4797 Ι
2587 4734 2668 4783 11.
2702 4745 2807 4783 του
2844 4727 2880 4782 b
2917 4728 2975 4781 in
3011 4744 3129 4782 var.

538 4812 687 4879 leot„
724 4818 830 4868 τοῦ
865 4814 924 4866 in
958 4814 1121 4867 textu
1149 4816 1160 4883 Ι
1188 4830 1293 4867 του
1330 4813 1472 4867 κατὰ
1496 4814 1874 4882 παραγωγὴν]
1898 4814 1994 4868 fol.
2026 4818 2122 4868 139
2146 4830 2190 4870 r.
2223 4817 2232 4883 Ι
2262 4819 2343 4869 30.
2371 4817 2765 4869 ανταποδωςιν
2785 4816 2827 4869 Α
2860 4816 2867 4879 1
2900 4820 2980 4869 31.
3008 4812 3130 4868 οἶος

540 4896 602 4967 b,
637 4901 819 4953 οιοςδε
857 4899 901 4953 Α

2625 4989 2728 5041 12·
