3738 5530
1460 395 1558 445 DE
1595 393 1968 445 PERSONIS.
2927 393 3003 455 17

583 599 1068 677 Διπροςώπους
1111 600 1225 665 τὰς
1269 598 1559 676 κτητικὰς
1606 598 1643 662 ὁ
1686 598 1969 676 Δράκων
2016 596 2256 672 ἐκάλει,
2306 596 2494 661 «καθὸ
2540 595 2659 660 δύο
2692 594 3006 675 πρόςωπα

337 713 379 765 Β
412 703 697 783 νοεῖται,
753 705 869 764 τοῦ
924 720 991 763 τε
1048 700 1356 778 κτήτορος
1412 700 1514 763 καὶ
1571 702 1688 762 τοῦ
1745 699 2239 777 ὑπακουομένου
2283 700 2624 775 κτήματος·
2684 718 3007 775 μονοπρο-

416 803 680 866 ςώπους
712 802 780 865 δὲ
811 803 850 879 ἢ
882 800 1102 864 ’ἁπλᾶς
1144 800 1258 864 τὰς
1289 801 1792 878 πρωτοτύπους·
1838 798 2006 865 ἅπαξ
2036 801 2158 877 γὰρ
2189 799 2388 864 ἑνικαί
2416 819 2483 863 τε
2515 799 2720 863 δυῖκαί
2747 820 2817 863 τε
2848 803 3004 877 πλη-

411 903 700 969 θυντικαί
728 923 796 968 τε
827 905 1153 985 νοοῦνται,
1173 900 1234 964 αἱ
1257 904 1327 966 δὲ
1352 903 1445 965 δὶς
1470 902 1670 966 ἑνικαὶ
1689 903 1760 964 ἐν
1795 908 1887 984 τῷ
1920 900 2090 983 ἐμός,
2115 901 2209 965 δὶς
2239 901 2445 964 δυϊκαὶ
2476 901 2547 964 ἐν
2577 905 2669 982 τῷ
2697 901 3005 978 νωιτέρω,

409 1007 507 1070 δὶς
554 1004 971 1082 πληθυντικαὶ
1013 1003 1084 1066 ἐν
1129 1007 1223 1084 τῷ
1267 1002 1579 1082 ἡμέτεροι.
1640 1003 1743 1065 καὶ
1785 1002 2068 1066 καθόλου
2116 1002 2220 1064 ἐπὶ
2249 1008 2379 1065 τῶν
2411 1001 2696 1079 ἀριθμῶν
2727 1002 3007 1066 ποικίλαι
3044 1021 3075 1069 5

410 1106 575 1171 είςί».
612 1142 689 1152 -—
743 1107 851 1169 Καὶ
882 1107 954 1170 ἐν
986 1104 1207 1168 ἄλλοις
1239 1106 1309 1169 δὲ
1339 1102 1621 1182 ὁρῶνται
1652 1103 2086 1183 διαφέρουςαι.
2137 1101 2200 1166 αἱ
2231 1103 2643 1179 πρωτότυποι
2675 1104 2776 1167 καὶ
2806 1103 3007 1178 ἐγκλί-

409 1228 670 1283 νονται,
719 1206 781 1270 αἱ
812 1209 884 1271 δὲ
915 1206 1011 1271 οὔ.
1058 1205 1440 1271 ἀκολουθία(
1482 1206 1743 1283 ἔχονται
1786 1204 1851 1268 αἱ
1882 1206 2157 1281 κτητικαὶ
2188 1205 2348 1268 κατὰ
2379 1203 2573 1268 κλίςιν
2605 1205 2708 1268 καὶ
2738 1203 3008 1283 ἀριθμὸν

242 1349 247 1353 -
336 1322 374 1376 C
410 1310 480 1374 ἐν
512 1311 656 1372 τοῖς
680 1310 942 1377 τέλεςιν,
975 1306 1038 1371 αἱ
1059 1309 1131 1371 δὲ
1149 1308 1563 1385 πρωτότυποι
1587 1306 1815 1371 οὐκέτι.
1860 1305 2224 1370 αὐτοτελεῖς
2249 1307 2405 1380 μετὰ
2428 1304 2725 1383 ῥημάτων
2750 1304 2813 1368 αἱ
2836 1326 3007 1383 πρω-

408 1412 686 1475 τότυποι
707 1412 818 1488 τῆς
842 1409 1110 1490 εὐθείας,
1144 1408 1450 1472 ἐκεῖνος
1479 1408 1804 1489 γράφει,
1839 1407 2192 1487 ἔγραφον
2229 1405 2408 1481 ἐγώ,
2434 1405 2500 1469 αἱ
2521 1408 2592 1470 δὲ
2618 1404 2714 1472 οὐ.
2750 1408 2852 1470 καὶ
2872 1410 3010 1470 ταῖς

409 1514 526 1588 μὲν
558 1516 681 1576 τοῦ
713 1511 914 1574 αὐτοῦ
944 1510 1298 1588 προςώπου
1332 1510 1815 1586 ςυνταχθήςεται
1848 1508 2014 1587 ῥῆμα
2043 1510 2185 1572 κατ’
2214 1507 2494 1581 εὐθεῖαν,
2529 1508 2612 1571 ςὺ
2645 1509 2899 1587 γράφε
2920 1529 2937 1571 ι
2957 1527 3008 1588 ς,
3053 1528 3111 1574 ιο

411 1613 733 1676 ἐκεῖνος
789 1611 1115 1690 γράφει,
1185 1613 1320 1673 ταῖς
1375 1612 1447 1674 δὲ
1502 1611 1604 1673 καὶ
1659 1612 2120 1691 μεταβατικῶς,
2188 1609 2372 1685 ἐμὸς
2428 1609 2751 1691 γράφει,
2818 1607 3009 1685 ἐμός

408 1714 589 1778 ἐςτι.
681 1715 783 1777 καὶ
826 1712 888 1777 αἱ
934 1714 1047 1788 μὲν
1090 1711 1167 1775 τὸ
1211 1712 1403 1786 γένος
1447 1711 1606 1774 κατὰ
1649 1714 1778 1774 πᾶν
1825 1711 2179 1788 πρόςωπον
2224 1712 2483 1788 δηλοῦςι
2528 1714 2645 1774 τοῦ
2677 1712 3007 1789 κτήματος,

410 1815 473 1877 αἱ
518 1817 596 1879 δὲ
646 1813 1058 1891 πρωτότυποι
1104 1813 1263 1877 κατὰ
1305 1817 1568 1890 πρῶτον
1615 1814 1716 1876 καὶ
1770 1813 2077 1889 δεύτερον
2123 1812 2357 1887 γένους
2403 1812 2884 1892 ἀπαρέμφατοι·
2945 1812 3009 1876 αἱ

407 1917 532 1993 γὰρ
592 1916 757 1979 κατὰ
810 1916 885 1978 τὸ
941 1915 1156 1992 τρίτον
1215 1914 1454 1987 οὐκέτι,
1523 1912 1590 1977 αἵ
1642 1933 1716 1989 γε
1778 1915 2092 1990 ςυνήθεις·
2158 1912 2352 1978 αὐτός
2406 1914 2531 1990 γὰρ
2586 1915 2689 1976 καὶ
2742 1914 3006 1978 ἐκεῖνος.

408 2021 510 2081 καὶ
555 2016 627 2079 αἱ
674 2018 789 2094 μὲν
832 2019 967 2081 ταῖς
1012 2015 1281 2080 εὐθείαις
1325 2014 1835 2094 ἀνθυπάγονται,
1884 2014 1946 2078 αἱ
1992 2016 2063 2078 δὲ
2096 2016 2371 2092 κτητικαὶ
2401 2014 2557 2096 [καὶ]
2593 2015 2732 2078 ἀντὶ
2760 2018 3011 2092 γενικῆς
3055 2034 3113 2081 15

254 2137 307 2183 ει
331 2132 378 2183 A
411 2122 546 2183 τῶν
596 2119 1035 2196 κτηςαμένων·
1083 2118 1224 2182 ἀντὶ
1252 2119 1377 2194 γὰρ
1406 2119 1523 2180 τοῦ
1554 2116 1989 2179 Ἀπολλώνιος
2027 2152 2100 2161 -
2135 2115 2295 2191 ἐγώ,
2341 2116 2484 2180 ἀντὶ
2514 2116 2585 2180 δὲ
2634 2120 2752 2179 τοῦ
2784 2116 3010 2181 Ἀπολ·
3089 2114 3098 2123 ’

410 2220 662 2284 λωνίου
705 2222 853 2283 παῖς
898 2254 975 2265 --
1022 2218 1173 2296 ἐμὸς
1218 2221 1385 2282 παῖς.

581 2421 713 2486 “Ov
756 2420 1002 2500 τρόπον
1047 2422 1152 2485 ἐπὶ
1200 2426 1330 2485 τῶν
1362 2421 1645 2499 ἀριθμῶν
1675 2420 1714 2498 ἡ
1748 2422 1904 2498 μετὰ
1933 2420 2048 2485 τὸν
2080 2421 2299 2484 δυῖκὸν
2331 2419 2580 2498 αὔξηςις
2625 2423 3011 2500 πληθυντικὴ

406 2525 727 2599 καλεῖται,
774 2522 959 2586 Αἴας
1003 2524 1127 2600 γὰρ
1173 2523 1275 2585 καὶ
1316 2520 1598 2585 Αἴαντε
1643 2522 1746 2585 καὶ
1787 2520 2150 2593 Αἴαντες,
2199 2523 2299 2586 καὶ
2345 2522 2685 2601 μάχομαι
2731 2523 2831 2586 καὶ
2875 2540 3116 2600 μα-.ιιο

408 2624 764 2702 χόμεθον
818 2626 919 2688 καὶ
975 2623 1421 2702 μαχόμεθα,
1492 2623 1642 2696 ἐγώ
1700 2642 1767 2686 τε
1823 2622 1924 2686 καὶ
1978 2628 2120 2687 νῶι
2177 2624 2278 2686 καὶ
2330 2621 2577 2702 ἡμεῖς,
2635 2624 2751 2687 τὸν
2809 2624 3011 2690 αὐτὸν

406 2727 668 2804 τρόπον
727 2726 828 2789 καὶ
883 2725 985 2788 ἐπὶ
1043 2728 1176 2788 τῶν
1238 2725 1606 2802 προςώπων
1664 2724 1738 2787 τὸ
1783 2724 1939 2802 μετὰ
1984 2723 2058 2788 τὸ
2102 2724 2406 2804 δεύτερον
2452 2724 2669 2803 τρίτον
2714 2728 3013 2803 καλεῖται,

407 2829 527 2892 κᾶν
576 2829 655 2890 ἐν
688 2828 934 2892 πλείοςι
964 2830 1191 2903 νοῆται
1224 2827 1627 2904 προςώποις·
1672 2825 1972 2903 γράφει
2014 2826 2139 2903 γὰρ
2170 2827 2268 2890 καὶ
2299 2830 2741 2904 περιπατεῖ.
2799 2830 3011 2906 παρὸν

334 2941 375 2994 Β
412 2932 485 2993 δὲ
532 2930 646 2992 καὶ
715 2928 817 2992 ἐπὶ
880 2933 1011 2991 τῶν
1074 2927 1359 3005 ἀριθμῶν
1417 2928 1831 2991 πιςτώςαςθαι
1887 2928 2004 2992 τὸν
2060 2928 2260 3003 λόγον
2316 2930 2417 2992 καὶ
2473 2929 2543 2993 ἐκ
2597 2932 2709 3006 τῆς
2766 2933 3012 3008 φωνῆς,

410 3030 501 3094 ῶς
562 3031 690 3094 οὐκ
752 3028 912 3093 ἄλλο
967 3050 1025 3093 τι
1081 3030 1397 3106 ἐπενοήθη
1452 3031 1656 3105 ςχῆμα
1711 3030 1938 3107 φωνῆς
1992 3029 2148 3108 μετὰ
2203 3030 2279 3093 τὸ
2336 3031 2555 3093 δυϊκὸν
2603 3031 2640 3108 ἢ
2687 3031 2889 3108 μόνον
2935 3034 3010 3096 τὸ
3049 3047 3113 3094 25

550 3215 782 3267 Anovu.
856 3219 879 3265 1
920 3213 1101 3266 Draco
1141 3210 1456 3281 possessiva
1488 3213 1909 3278 διπροςώπους,
1953 3211 2273 3280 personalia
2308 3216 2791 3280 μονοπροςώπους
2827 3216 3015 3285 appel·

406 3299 568 3355 lavit„
660 3295 825 3363 Quod
872 3295 1300 3364 improbandum
1340 3297 1441 3350 est.
1514 3295 1660 3349 Nam
1697 3297 1828 3349 sunt
1879 3312 2013 3350 sane
2055 3296 2200 3351 duae
2251 3312 2527 3365 personae
2572 3298 2629 3351 in
2674 3299 3015 3366 possessivis,

408 3398 527 3436 una
579 3383 643 3435 in
689 3380 1104 3449 personalibus:
1154 3379 1253 3432 sed
1299 3380 1371 3433 ab
1425 3396 1495 3434 ea
1545 3395 1604 3433 re
1658 3397 1861 3433 nomen
1916 3383 2167 3435 invenire
2219 3397 2330 3435 non
2377 3383 2635 3451 possunt,
2697 3383 2904 3452 quippe
2957 3386 3015 3437 in

408 3483 526 3534 qua.
573 3465 754 3518 cardo
799 3480 907 3517 non
954 3467 1225 3518 versetur.
1274 3494 1335 3504 -
1388 3470 1450 3518 19
1494 3463 1578 3517 De
1626 3465 1892 3534 personis.
1975 3465 2168 3518 Plures
2212 3483 2380 3534 quam
2427 3469 2542 3519 tres
2585 3482 2859 3534 personae
2896 3484 3016 3522 esse

408 3567 525 3604 non
578 3552 836 3624 possunt.
917 3548 1059 3603 Nam
1097 3551 1163 3602 ut
1196 3550 1376 3602 omnis
1412 3565 1707 3614 numerus,
1747 3549 1844 3616 qui
1892 3548 2041 3602 ultra
2087 3548 2312 3604 dualem
2351 3549 2742 3626 progreditur,
2787 3552 3020 3620 pluralis

409 3634 655 3688 dieitur:
712 3633 797 3686 ita
832 3634 1008 3687 omnis
1049 3648 1307 3703 persona.
1356 3649 1500 3701 quae
1537 3632 1839 3686 secundam
1888 3634 2127 3701 excipit,
2180 3633 2501 3702 appellatur
2557 3635 2746 3689 tertia.
2839 3637 2910 3689 Et
2960 3637 3016 3690 in

406 3718 605 3787 prima
652 3716 884 3785 quidem
930 3717 1284 3787 secundaque
1331 3732 1573 3786 persona
1615 3718 2009 3785 pronominum
2065 3734 2177 3771 una.
2219 3717 2399 3772 forma.
2445 3720 2580 3772 satis
2635 3719 2748 3786 est,
2806 3721 2904 3774 sed
2959 3721 3017 3774 in

406 3804 588 3856 tertia
625 3802 944 3869 complures
980 3803 1229 3869 exstant,
1270 3804 1335 3855 ut
1369 3817 1644 3871 personae
1687 3802 2002 3856 accuratius
2037 3801 2393 3856 definiantur.

550 4004 781 4058 Tam-m.
869 4010 901 4058 9
946 4004 1114 4059 Prisc.
1158 4003 1291 4068 XII,
1345 4011 1409 4059 10
1472 4021 1525 4073 p.
1571 4011 1695 4072 582,
1731 4012 1763 4061 6
1800 4005 1973 4059 Hertz
2027 4010 2078 4059 et
2113 4006 2529 4073 primitivorum
2584 4007 2804 4075 quidem
2847 4010 3019 4063 nomi-

407 4090 634 4154 nativi,
673 4089 724 4144 ei
759 4104 882 4143 cum
912 4089 1090 4143 verbis
1123 4091 1463 4159 iunguntur,
1490 4090 1729 4157 perfecti
1750 4096 1910 4144 somt:
1947 4097 2065 4159 ‘eqo
2087 4090 2303 4156 scribo’,
2342 4096 2430 4144 ‘tu
2451 4092 2648 4158 vides’‚
2685 4093 2804 4145 ‘ille
2825 4092 3020 4158 facit’5

400 4174 727 4243 possessiva
762 4189 888 4226 vero
920 4174 1221 4228 transitiva
1253 4181 1384 4229 sunt
1417 4190 1654 4242 semper:
1691 4182 1863 4229 ‘meus
1896 4175 2125 4236 scribit’,
2164 4180 2319 4229 ‘tuus
2353 4176 2531 4229 dic-iv.

460 4299 757 4307 ———-.—--—-,-
780 4298 835 4305 ...-

550 4358 745 4412 Dnscn.
789 4377 984 4413 scm.
1054 4367 1103 4414 2.
1141 4377 1434 4428 κτητωρος
1472 4363 1557 4427 Α’,
1599 4378 1646 4414 ω
1682 4360 1738 4413 in
1777 4378 1809 4415 o
1844 4362 1980 4416 mut.
2008 4361 2087 4415 A:
2151 4364 2160 4427 Ι
2222 4365 2270 4415 6.
2317 4377 2448 4416 ειςιν
2486 4364 2529 4416 Α
2596 4365 2605 4430 Ι
2669 4368 2715 4417 7.
2754 4364 2927 4419 κλίςιν
2963 4365 3017 4433 1),

409 4461 617 4511 κτηςιν
682 4443 740 4495 in
802 4447 972 4499 κλιςιν
1025 4446 1163 4497 mut,
1219 4446 1283 4500 A’
1350 4453 1359 4508 Ι
1425 4453 1471 4500 9.
1529 4462 1616 4499 και
1680 4461 1802 4501 ταις
1855 4476 1922 4484 -
1982 4453 2056 4498 11.
2112 4461 2242 4510 εμος
2306 4461 2452 4499 εςτιν
2515 4449 2581 4510 Α,
2639 4446 2847 4502 desunt
2904 4449 2940 4502 b
3010 4453 3017 4514 Ι

416 4536 494 4583 14.
536 4530 603 4582 αἵ
639 4544 707 4592 γε
745 4530 996 4595 ςυνήθεις
1034 4529 1095 4595 1),
1134 4533 1425 4596 αςυνηθεις
1461 4531 1503 4582 Α
1572 4541 1578 4586 Ι
1649 4536 1727 4585 15.
1766 4533 1854 4584 καὶ
1891 4531 2016 4584 ἀντὶ
2056 4532 2095 4583 Α
2118 4528 2182 4594 1),
2237 4532 2325 4582 καὶ
2362 4529 2572 4584 delevit
2604 4530 2971 4586 RSkrzeezka
3009 4536 3015 4601 Ι

415 4619 497 4666 19.
558 4628 662 4666 επι
714 4610 775 4663 in
819 4627 921 4670 ras.
965 4615 1033 4667 A·
1102 4619 1110 4676 Ι
1174 4615 1281 4667 τὸν
1325 4614 1522 4668 δυῖκὸν
1569 4613 1628 4667 b.
1690 4630 1811 4666 των
1856 4617 2067 4668 ὸυικων
2101 4615 2146 4667 Α
2213 4618 2220 4677 Ι
2285 4621 2516 4668 ‘20—21.
2556 4617 2877 4682 μαχόμεθον
2931 4622 3020 4672 καὶ

412 4698 723 4762 μαχόμεθα
768 4695 830 4760 b,
885 4703 1157 4765 μαχεςθον
1209 4714 1303 4752 και
1342 4702 1659 4765 μαχομεςθα
1706 4698 1776 4760 Α,
1834 4697 2015 4762 ‘Quod
2059 4696 2294 4766 perinde
2340 4699 2427 4750 est
2469 4714 2536 4752 ac
2570 4699 2618 4751 si
2652 4716 2784 4753 mox
2818 4717 3020 4769 pona-ex

412 4783 533 4846 ἐγώ
559 4797 631 4834 τε
661 4783 753 4833 καί
781 4787 923 4848 ςφῶῑ
946 4787 1036 4837 καὶ
1062 4785 1261 4847 ἄμμες’
1288 4783 1320 4834 b
1343 4783 1399 4834 in
1428 4799 1539 4834 var.
1564 4781 1695 4834 lect.
1727 4790 1739 4843 Ι
1770 4789 1851 4838 23.
1874 4783 1979 4835 κᾶν
1998 4783 2061 4836 ἐν
2081 4782 2294 4835 πλείοςι
2315 4787 2513 4849 νοῆται
2531 4782 2587 4849 1),
2616 4801 2706 4838 και
2727 4803 2790 4839 εν
2809 4789 3023 4841 πλειοςι

413 4881 637 4919 νοειται
658 4864 707 4917 Α
740 4869 749 4926 1
781 4870 857 4922 26.
893 4867 1177 4934 ἐπενοήθη
1214 4866 1278 4933 1),
1317 4870 1608 4934 επηνοηθη
1648 4867 1690 4918 Α
1723 4869 1732 4934 Ι
1763 4867 1928 4935 μετὰ]
1967 4866 2062 4922 fol.
2104 4872 2198 4920 151
2228 4883 2270 4918 r.
2303 4870 2312 4933 Ι
2343 4883 2483 4933 μετα
2519 4868 2787 4922 iteratum
2824 4870 2881 4923 in
2918 4872 2963 4924 Α

518 4957 818 5008 Apollonius
842 4959 1074 5010 Dyscolun.
1104 4962 1128 5001 1
2585 4960 2616 5008 2

872 5223 885 5258 1
