3738 5530
1244 367 1343 418 DE
1384 365 1689 417 SYNTAxr
1730 366 2240 418 PRONOMINVM.
2954 361 3050 424 25

447 575 593 634 ςθαι
640 573 777 635 τοῖς
824 570 1162 646 ὀνόμαςιν,
1209 569 1299 634 ὡς
1343 569 1746 652 προείρηται,
1791 568 1929 633 ἐπεὶ
1974 570 2045 634 ἐν
2089 566 2323 647 τρίτοι(
2368 568 2738 646 προςώποις
2769 568 3045 645 ἐνοεῑτο,

362 684 403 737 Β
440 672 649 749 χωρὶς
694 673 750 735 εί
795 674 876 750 μὴ
921 674 1002 736 τὰ
1045 676 1154 750 τῆς
1198 672 1530 751 ὑπάρξεως
1575 671 1820 750 ῥήματα
1865 670 2305 735 ςυντάττοιτο·
2363 670 2732 751 (τηνικαῦτα
2774 670 2898 747 γὰρ
2943 670 3048 732 ἐπὶ

438 774 719 850 πρώτου
766 775 869 837 καὶ
913 774 1217 851 δευτέρου
1260 775 1340 838 τὰ
1385 772 1674 850 ὀνόματα
1718 772 2030 836 ἐτάςςετο.
2105 773 2203 835 καὶ
2249 770 2419 848 μάλα
2452 770 2766 843 εὐλόγως·
2814 770 2894 834 οὐ
2924 771 3048 848 γὰρ

440 872 538 938 ἔτι
610 876 652 952 ἡ
720 874 1088 953 ἀντωνυμία
1146 876 1221 938 τὸ
1289 874 1414 957 ἰδίᾳ
1479 875 1600 938 τινὶ
1666 872 2235 952 παρηκολουθηκός
2302 872 2584 948 ἠδύνατο
2643 876 3046 949 παραςτῆςαι.

437 977 668 1055 φαμὲν
698 978 825 1053 γὰρ
856 974 977 1040 οὗν
1008 960 1510 1054 Ἀρίςταρχᾶς
1541 976 1904 1052 λέγομαι,
1937 975 2230 1053 μακρὸς
2262 972 2632 1057 ὑπάρχω).
2681 973 3040 1049 ἀναγκαίως
3079 994 3111 1041 5

439 1075 568 1141 οὖν
622 1075 807 1141 αὗται
851 1075 1459 1157 παραλαμβάνονται
1515 1077 1674 1141 κατὰ
1730 1081 1994 1155 πρῶτον
2051 1077 2153 1140 καὶ
2212 1075 2550 1157 δεύτερον,
2605 1076 2829 1153 κοινὴν
2886 1095 3044 1151 προ-

439 1179 695 1243 ςώπων
725 1178 1063 1259 μετάβαςιν
1094 1180 1418 1257 δηλοῦςαι.
1492 1178 1596 1241 ἐπὶ
1638 1179 1760 1257 γὰρ
1803 1180 1938 1242 τῶν
1982 1177 2214 1256 τρίτων
2260 1176 2378 1240 οὐκ
2422 1176 2487 1241 ἐξ
2533 1176 2811 1254 ἀνάγκης
2827 1196 3044 1254 ’παρα-

438 1279 924 1359 ληφθήςονται·
987 1281 1266 1345 δυνατὸν
1322 1281 1447 1357 γὰρ
1501 1282 1930 1357 προςχρῆςθαι
1985 1279 2087 1341 καὶ
2140 1281 2272 1342 τοῖς
2318 1277 2654 1358 ὀνόμαςιν,
2716 1278 2866 1354 ἐγὼ
2924 1279 3045 1341 καὶ

358 1394 398 1448 C
435 1383 527 1445 ςύ
577 1382 710 1445 καὶ
754 1380 1357 1464 Ἀριςτοφάνης,
1396 1383 1590 1460 χωρὶς
1635 1379 1690 1445 εἰ
1733 1383 1813 1459 μὴ
1860 1380 2114 1444 δείξεως
2159 1380 2377 1444 δέοιτο
2409 1377 2447 1442 ὁ
2478 1378 2714 1462 λόγος,
2759 1379 3043 1458 καθάπερ

436 1483 550 1546 ἐπὶ
597 1487 721 1547 τοῦ
3083 1500 3147 1547 10

861 1583 1057 1650 οὗτος
1103 1584 1159 1649 δ’
1202 1584 1353 1648 Αἴας
1399 1585 1525 1649 ἐςτὶ
1568 1584 1889 1663 πελώριος
1934 1582 2006 1669 (Γ
2050 1582 2234 1664 229)-

438 1686 523 1750 οὐ
584 1687 718 1766 γὰρ
773 1689 977 1766 μόνον
1032 1692 1124 1769 τῷ
1178 1687 1295 1763 τὴν
1355 1687 1666 1764 ποιότητα
1708 1685 2076 1763 παριςτάντι
2132 1685 2433 1763 ἠρκέςθη,
2494 1684 2662 1748 ἀλλὰ
2708 1685 2810 1749 καὶ
2852 1686 3045 1749 δεῖξιν

438 1788 909 1866 ἐπιζητοῦντος
965 1792 1082 1852 τοῦ
1145 1787 1346 1863 λόγου
1401 1787 1796 1865 ἐπηνέγκατο
1852 1788 2015 1867 <τὸ>
2059 1786 2526 1865 άντωνυμικόν.
2630 1784 2843 1849 ἄλλως
2888 1806 2957 1849 τε
3005 1786 3042 1863 ἡ

434 1894 687 1963 γνῶςις
743 1892 875 1955 τῶν
932 1891 1167 1968 κυρίων
1212 1889 1554 1965 ὀνομάτων
1601 1888 1682 1952 οὐ
1727 1892 1923 1966 δῆλος
1970 1888 2232 1952 ἅπαςιν·
2291 1886 2443 1951 ὅθεν
2505 1888 2610 1951 ἐπὶ
2652 1889 2768 1965 τὴν
2813 1890 3048 1951 κοινῶς

435 1990 946 2071 λαμβανομένην
1006 1992 1110 2056 ἐπὶ
1152 1992 1395 2055 παντὸς
1451 1989 1853 2067 ἀντωνυμίαν
1910 1990 2275 2068 καταδρομὴ
2319 1988 2585 2064 γίνεται·
2653 1987 2867 2052 οὐςίας
2922 1988 3047 2066 γάρ
3085 2006 3147 2053 15

271 2107 405 2161 31A
441 2092 616 2169 αὕτη
686 2092 891 2170 μόνον
955 2092 1398 2170 παραςτατική.
1520 2091 1621 2155 διὸ
1687 2091 1790 2155 καὶ
1854 2090 1893 2154 ὁ
1964 2090 2247 2172 Νέςτωρ,
2328 2089 2543 2155 οὐςίας
2609 2090 2814 2168 μόνον
2879 2090 3047 2153 ἀντι-

438 2182 761 2269 λῆπτικός
825 2193 1211 2272 γενόμενος,
1280 2192 1489 2257 οὐκέτι
1555 2194 1625 2255 δὲ
1692 2194 1795 2257 καὶ
1857 2196 1971 2270 τῆς
2035 2191 2649 2271 παρακολουθούςης
2707 2192 3047 2268 ποιότητος

437 2297 551 2359 διὰ
617 2297 739 2373 τὴν
794 2294 1062 2373 ἀδηλίαν
1114 2298 1232 2359 τοῦ
1287 2294 1796 2376 καταςτήματος,
1849 2293 2046 2373 ὁρίζει
2103 2295 2218 2372 μὲν
2272 2295 2347 2359 τὸ
2405 2291 2829 2371 ὑποκείμενον
2887 2291 3044 2369 πρό-

438 2417 708 2473 ςωπον,
757 2393 1079 2475 ἀνακρίνει
1124 2398 1195 2459 δὲ
1238 2395 1314 2459 τὸ
1358 2394 1585 2474 ποιόν,

856 2497 948 2561 τίς
992 2498 1049 2561 δ’
1094 2495 1285 2561 οὗτος
1330 2497 1488 2560 κατὰ
1532 2499 1689 2573 νῆας
1734 2496 1813 2579 (Κ
1855 2494 1999 2580 82)·
3080 2512 3148 2561 20

440 2598 479 2661 ὁ
527 2599 609 2662 δὲ
655 2599 734 2662 τὸ
777 2597 945 2664 ἴδιον
992 2600 1219 2677 δηλοῖ,

863 2700 1136 2775 γνώςεαι
1182 2699 1504 2780 Ἀτρείδην
1550 2700 1627 2781 (Κ
1670 2698 1798 2786 88).

621 2800 733 2866 Ὡς
773 2803 889 2876 μὲν
936 2801 1054 2867 οὖν
1100 2803 1202 2867 καὶ
1244 2803 1348 2867 ἐπὶ
1392 2802 1623 2881 τρίτων
1668 2803 1979 2867 πολλάκις
2035 2802 2641 2883 παραλαμβάνονται
2698 2803 2852 2866 ἀντ’
2896 2801 3045 2866 ὀνό-

361 2917 405 2969 Β
441 2924 688 2984 ματος,
737 2903 1003 2982 ἒδείχθη.
1091 2904 1266 2969 Ἴςως
1310 2924 1403 2968 τις
1448 2904 1537 2967 ὼς
1583 2905 1911 2984 μαχόμενα
1953 2907 2152 2968 ταῦτα
2194 2906 2644 2984 παραλήψεται

710 3004 893 3083 δεῦρ’
934 3003 1052 3068 ἴτω
1096 3004 1167 3068 ἐκ
1208 3003 1473 3070 πάντων
1517 3003 1767 3085 πρόμος
1811 3005 2072 3083 ἔμμεναι
2115 3005 2366 3083 Ἕκτορι
2410 3005 2528 3088 δίῳ
2574 3007 2652 3084 (Η
2700 3004 2830 3090 75),
3084 3022 3150 3069 25

438 3106 548 3170 καὶ
597 3106 675 3169 τὸ
940 3097 949 3102 ’
2809 3103 2832 3126 “

865 3206 983 3271 οὐκ
1026 3206 1107 3272 ἄν
1153 3207 1225 3286 μ’
1269 3207 1555 3287 ἐρύςαιτ’
1595 3208 1661 3275 ἐξ
1706 3207 2067 3285 οὐρανόθεν
2114 3207 2342 3273 πεδίον
2389 3208 2461 3272 δέ

714 3307 882 3386 Ζῆν’
927 3307 1176 3373 ὕπατον
1221 3310 1519 3388 μήςτωρα
1564 3310 1648 3392 (Θ
1692 3308 1835 3389 21)·

445 3411 601 3475 ἰδοὺ
648 3410 773 3488 γὰρ
820 3408 980 3488 ὑπὲρ
1025 3411 1272 3475 ἑαυτῶν
1320 3410 1616 3485 λέγοντες
1662 3410 1930 3489 ὀνόματι
1973 3418 2449 3490 προςχρῶνται,
2506 3415 2624 3474 τοῦ
2681 3413 2965 3487 λέγεςθαι
3008 3412 3048 3490 ἢ

442 3511 772 3589 ὑπάρχειν
818 3513 900 3590 μὴ
947 3511 1485 3589 ςυντεταγμένων.
1563 3512 1731 3576 Ἀλλ’
1776 3512 1855 3575 οὐ
1901 3513 1979 3577 τὰ
2025 3513 2094 3575 ἐν
2141 3513 2401 3590 ςχήματι
2433 3514 2904 3592 λαμβανόμενα,
2950 3513 3050 3577 καὶ
3085 3530 3151 3577 30

364 3629 407 3684 c
444 3616 663 3676 ταῦτα
708 3611 1025 3694 ὀλιγάκις,
1070 3614 1286 3677 κανὼν
1329 3617 1463 3678 τῶν
1509 3613 1841 3678 πλείςτων.
1916 3612 2132 3677 ἄλλως
2176 3634 2244 3679 τε
2289 3614 2561 3693 ἔμφαςιν
2607 3614 2928 3692 ὑπεροχῆς
2972 3615 3051 3678 τὰ

438 3717 721 3778 τοιαῦτα
777 3713 1069 3792 ςημαίνει.
1170 3715 1270 3777 καὶ
1325 3714 1400 3778 τὸ
1456 3715 1560 3778 ἐπὶ
1616 3715 1967 3779 Κύκλωπος
2023 3717 2094 3779 δὲ
2152 3717 2504 3794 λεγόμενον
2556 3715 2663 3779 ἐπὶ
2705 3715 2921 3793 τρίτου
2967 3709 3052 3780 ἂν

444 3816 757 3896 ἠκουεῒῡ,
1068 3898 1262 3964 Οὖτιν
1305 3898 1436 3975 ἐγὼ
1482 3899 1777 3979 πύματον
1823 3901 2049 3978 ἔδομαι
2095 3903 2140 3981 (Ι
2183 3899 2357 3983 369),

590 4084 807 4139 Αιανκ.
867 4090 933 4137 23
968 4083 1157 4138 Pauca
1177 4086 1307 4136 sunt
1331 4083 1617 4152 exempla,
1656 4083 1712 4137 in
1739 4085 1945 4153 quibua
1969 4084 2154 4154 prima.
2175 4086 2534 4154 secundaque
2559 4101 2802 4154 persona
2823 4086 3050 4140 nomine

438 4167 679 4237 aliqtm,
727 4184 837 4220 non
874 4173 1232 4235 pronomine,
1279 4169 1548 4221 notantur
1582 4169 1654 4222 ab
1690 4169 1783 4235 iis,
1831 4170 1929 4238 qui
1964 4171 2066 4223 aut
2099 4169 2339 4239 superbe
2385 4170 2716 4238 loquuntur,
2762 4172 2862 4224 aut
2895 4171 3050 4224 aliud

438 4252 593 4321 quid
631 4251 740 4305 sibi
776 4253 990 4307 volunt„

591 4417 795 4473 stcn.
843 4439 1038 4475 somn.
1125 4427 1171 4475 1.
1222 4425 1299 4477 ὡς
1347 4422 1675 4490 προείρηται
1724 4423 1892 4477 verba
1922 4425 2055 4491 poet
2088 4424 2305 4477 ἑνοεῑτο
2342 4422 2671 4478 collocanda.
2705 4440 2823 4478 esse
2861 4427 3056 4478 censet

438 4504 815 4573 JGuttentag
857 4509 865 4570 1
912 4512 963 4560 3.
1002 4522 1255 4571 ονοματα
1289 4507 1363 4571 Α,
1400 4506 1552 4560 idem
1589 4507 1912 4562 coniecerat
1945 4506 2348 4572 RSkrzeczka‚
2383 4509 2604 4574 ῥήματα
2639 4507 2676 4560 b
2724 4513 2733 4572 Ι
2787 4515 2861 4565 11.
2900 4524 3052 4563 εςτιν

443 4592 489 4645 Α
524 4592 536 4656 Ι
575 4594 663 4641 12.
696 4593 781 4656 τῷ
813 4587 876 4655 b,
910 4608 979 4644 το
1011 4595 1059 4643 A
1098 4598 1107 4657 Ι
1148 4591 1416 4658 παριςτᾶν
1447 4607 1501 4644 τι
1537 4594 1579 4646 Α
1617 4596 1628 4656 Ι
1673 4599 1750 4649 13.
1787 4593 2139 4659 ἐπηνέγκατο
2171 4594 2240 4646 τὸ
2275 4591 2658 4658 RSehneider,
2697 4593 3051 4659 ἐπηνέγκατο

439 4673 571 4739 Ab,
614 4672 891 4738 ἐπήνεγκε
914 4677 985 4729 τὸ
1008 4673 1359 4746 JGuttentag
1386 4678 1396 4743 l
1427 4682 1644 4730 23—24.
1674 4678 1807 4731 ἀντ’
1829 4677 2113 4741 ὀνόματος
2147 4676 2212 4736 b,
2249 4692 2656 4741 αντωνοματος
2683 4680 2753 4743 Α,
2791 4676 2890 4731 sed
2916 4695 2963 4730 ω
2988 4677 3048 4730 in

439 4776 474 4812 ο
512 4765 673 4810 mut.
717 4764 728 4820 Ι
766 4762 843 4810 27.
876 4761 939 4824 μ’
962 4759 1215 4826 ἑρύςαιτ’
1250 4758 1313 4825 b,
1352 4764 1616 4827 μερυςετ’
1651 4762 1720 4826 Α,
1760 4761 2011 4828 ὲρύςαιτ’
2050 4760 2327 4814 Homerus
2364 4763 2374 4827 1
2414 4766 2495 4813 28.
2545 4761 2813 4829 μήςτωρα
2848 4762 2912 4828 b,
2951 4780 3048 4829 μη-

439 4856 630 4907 ςτορα
677 4841 722 4891 Α
