3738 5530
590 341 715 406 204
1479 344 1679 412 [ΠΕΡΙ
1716 345 2299 414 ΕΠῙΡΡΗΜΑΤῼΝ]

1605 467 1649 505 1».
1676 458 1768 507 618,
1798 459 1846 497 10
1874 477 1921 486 -
1951 458 2040 506 620,
2069 458 2119 497 25
2150 457 2176 498 b

594 550 833 614 τοῦτον
875 549 991 614 τὸν
1035 550 1281 629 τρόπον
1325 552 1429 615 καὶ
1471 551 1547 615 τὸ
1592 549 1819 617 ἐνθάδε
1868 554 2089 619 διοίςει
2130 559 2247 619 τοῦ
3233 565 3284 604 ¹⁰

844 650 1003 717 ἔνθα
1044 651 1113 716 δ’
1156 651 1250 717 ἐνὶ
1295 653 1537 733 (Σκύλλη
1582 653 1743 719 ναίει
1788 655 1859 736 (μ
1904 653 2046 738 85)·

593 752 670 816 τὸ
717 754 832 833 μὲν
875 755 1001 832 γὰρ
1045 753 1574 834 παροξυνόμενόν
1620 755 1769 840 ἑςτι,
1811 758 1888 822 τὸ
1935 758 2007 822 δὲ
2049 758 2713 838 προπαροξυνόμενον
2744 757 2816 821 ἐν
2848 756 3186 833 παραθέςει

594 857 713 919 τοῦ
760 859 1217 936 ςυμπλεκτικοῦ
1263 857 1648 939 ςυνδὲςμου,

525 978 558 1024 5
1708 959 1865 1025 ἔνθα
1911 961 1981 1025 δ’
2024 960 2238 1027 ἔναιεν

852 1058 1086 1125 Αἴολος
1129 1059 1506 1140 Ἱπποτάδης
1551 1062 1612 1142 (κ
1655 1060 1748 1142 2).
3238 1069 3289 1110 1⁵

772 1159 1014 1225 Μόνως
1043 1160 1122 1226 τὰ
1162 1162 1268 1227 διὰ
1298 1167 1415 1227 τοῦ
1454 1151 1524 1230 Z}
1553 1164 1670 1241 τὴν
1703 1163 1789 1228 εἰς
1831 1166 2039 1231 τόπον
2086 1164 2290 1244 ςχέςιν
2335 1163 2636 1246 ςημαίνει,
2682 1162 2886 1242 ἔραζε,
2933 1162 3184 1246 θύραζε,

596 1261 970 1342 Ἀφίδναζε,
1029 1263 1307 1347 Θήβαζε,
1367 1265 1486 1330 οὐκ
1539 1264 1897 1343 ἀπιθάνως,
1957 1271 2073 1332 τοῦ
2126 1255 2173 1333 ἶ
2218 1265 2323 1332 καὶ
2372 1269 2491 1331 τοῦ
2545 1252 2596 1331 δ
2643 1264 3185 1344 ἰςοδυναμοῦντος

597 1363 857 1442 ςχεδόν,
906 1365 1115 1432 κλύΖω
1161 1366 1446 1444 κλύδων,
1491 1367 1685 1433 κνίζω
1733 1367 1943 1451 κνίδη,
1990 1367 2113 1435 ἕζω
2159 1368 2326 1434 ἕδος.

498 1484 562 1531 ιο
765 1464 860 1530 Τὰ
905 1464 990 1529 εἰς
1037 1471 1092 1530 ῶ
1136 1468 1419 1546 λήγοντα
1463 1468 1873 1549 ἐπιρρήματα,
1918 1470 2103 1549 ἡνίκα
2145 1471 2259 1548 μὲν
2295 1468 2426 1534 ἀπὸ
2457 1468 2821 1548 προθέςεως
2851 1469 3183 1547 παρῆκται,
3235 1480 3287 1519 20

599 1564 860 1632 πάντως
890 1567 1016 1632 ἐςτὶ
1044 1569 1294 1652 τοπικά,
1340 1568 1430 1633 ὡς
1473 1572 1550 1635 τὸ
1595 1569 1734 1637 ἄνω
1781 1572 1883 1636 καὶ
1925 1572 2006 1636 τὰ
2049 1569 2265 1651 ὅμοια·
2311 1570 2496 1649 ἡνίκα
2541 1571 2608 1635 δὲ
2657 1569 2777 1634 ἀπ’
2823 1567 3185 1652 ὀνομάτων,

598 1668 715 1746 τὴν
759 1670 877 1732 τοῦ
923 1667 1240 1750 ὀνόματος
1287 1671 1490 1751 ςχέςιν
1535 1673 2015 1752 παραλαμβάνει
2047 1673 2547 1753 ἐπιρρηματικῶς
2576 1670 2957 1751 νοουμένην.
3013 1670 3188 1750 παρὰ

598 1769 673 1833 τὸ
717 1769 949 1835 τείνειν
994 1769 1033 1835 ὁ
1077 1772 1268 1837 τόνος
1312 1772 1568 1853 εἴρηται,
1615 1773 1690 1853 ἧς
1736 1774 1946 1854 ἔχεται
1993 1773 2184 1839 πάλιν
2232 1774 2488 1839 ἐννοίας
2531 1774 2607 1837 τὸ
2651 1772 2857 1853 τόνῳ·
2910 1771 3188 1837 ἐπίταςιν
3240 1785 3293 1825 ²⁵

599 1870 720 1948 γὰρ
788 1871 1217 1952 ἐνεργήματος
1283 1875 1578 1954 ςημαίνει.
1667 1875 1907 1955 ὁμοίως
1971 1877 2046 1940 τὸ
2109 1874 2320 1941 ἄνεω(
2374 1874 2652 1954 ςημαίνει
2707 1873 2824 1938 τὸν
2892 1873 3188 1954 ἄφωνον,

503 1994 563 2041 15
599 1972 768 2048 λέγω
815 1971 1241 2052 ὀνοματικῶς,
1300 1976 1426 2056 ἀφ’
1472 1975 1553 2041 οὗ
1596 1977 1790 2043 πάλιν
1850 1977 2163 2056 ἐπίρρημα
2216 1976 2458 2054 πίπτει,
2513 1982 2627 2054 τῆς
2682 1973 2879 2053 αὐτῆς
2935 1973 3189 2040 ἐννοίας

597 2071 910 2152 ἐχόμενον
954 2077 1030 2140 τὸ
1075 2075 1247 2161 ἄνεῳ
1296 2078 1393 2142 καὶ
1436 2080 1511 2143 τὸ
1568 2077 1969 2162 ἀναύδ<ως>.
2031 2080 2131 2143 καὶ
2175 2081 2377 2157 δῆλον
2422 2076 2521 2142 ὅτι
2569 2077 2643 2142 τὸ
2690 2075 2901 2160 κύκλῳ
2948 2075 3028 2141 οὐ
3087 2076 3191 2141 διὰ

599 2178 709 2253 τῆς
754 2181 1142 2256 παραγωγῆς
1186 2181 1302 2257 τὴν
1348 2179 1436 2244 εἰς
1481 2181 1688 2245 τόπον
1733 2181 1938 2260 ςχέςιν
1984 2179 2283 2262 ςημαίνει,
2328 2178 2497 2243 ἀλλὰ
2526 2179 2683 2243 καθὸ
2714 2178 2921 2243 καὶτὸ
2956 2175 3188 2242 κύκλος
3243 2188 3296 2229 ³⁰

600 2282 940 2357 κατηγορεῖ
970 2280 1238 2359 ςχέςεως
1270 2284 1550 2359 τοπικῆς.
1612 2280 1853 2361 ὁμοίως
1884 2284 1986 2347 καὶ
2016 2283 2089 2347 τὸ
2121 2282 2369 2362 πόρρω,
2416 2280 2869 2358 Ἀττικώτερον
2905 2279 3190 2361 ἐκταθέν,

602 2380 1071 2458 παρακείμενον
1114 2389 1206 2466 τῷ
1253 2383 1484 2461 πόρος,
1540 2384 1733 2448 πάλιν
1778 2387 2047 2462 τοπικῆς
2103 2383 2362 2448 ἐννοίας
2410 2380 2621 2460 οὔςης.
2674 2418 2746 2427 -
2805 2381 2884 2446 τά
2938 2400 3014 2456 γε
3067 2382 3191 2460 μὴν

500 2501 565 2547 20
607 2477 738 2545 ἀπὸ
784 2482 1152 2560 προθέςεως
1197 2485 1608 2564 παραχθέντα
1650 2485 1931 2551 πάντοτε
1975 2486 2244 2563 τοπικὴν
2276 2484 2481 2563 ςχέςιν
2514 2483 2993 2563 ἐπαγγέλλεται,
3040 2481 3192 2546 ἴςως
3228 2494 3329 2543 619

602 2580 699 2645 ὅτι
755 2584 856 2647 καὶ
911 2583 1096 2649 αὐταὶ
1152 2584 1214 2649 αἱ
1270 2587 1633 2669 προθέςεις,
1704 2587 1861 2667 μετὰ
1916 2588 2020 2651 καὶ
2074 2586 2293 2651 ἄλλων
2350 2585 2863 2667 ςημαινομένων,
2929 2584 3195 2648 τοπικὰς

606 2683 841 2761 ςχέςεις
886 2686 1463 2767 παρεμφαίνουςιν,
1512 2688 1862 2773 ἀναβαίνει,
1920 2689 2313 2771 καταβαίνει,
2366 2688 2469 2752 καὶ
2513 2686 2775 2768 μάλιςτά
2818 2705 2891 2761 γε
2937 2685 3042 2750 ἐπὶ
3082 2689 3194 2763 τῆς

602 2791 734 2852 τῶν
791 2787 1090 2867 ῥημάτων
1136 2791 1518 2873 ςυνθέςεως,
1575 2791 1686 2856 ὅτε
1729 2793 1833 2857 καὶ
1877 2790 2041 2856 αὐτὰ
2086 2794 2200 2871 τὴν
2246 2789 2318 2856 ἐν
2362 2789 2544 2873 τόπῳ
2591 2788 2828 2867 κίνηςιν
2888 2787 3193 2866 ςημαίνει·
3245 2806 3273 2847 ⁶

602 2886 707 2950 ἐπὶ
759 2889 884 2968 γὰρ
937 2896 1071 2955 τῶν
1126 2897 1459 2957 πτωτικῶν
1515 2892 1613 2957 καὶ
1680 2891 1848 2957 ἄλλα
1903 2893 2256 2974 πάμπολλα
2308 2890 2616 2971 ςημαίνει,
2688 2889 2875 2954 κατὰ
2936 2890 3196 2967 Κτηςι-

502 3010 569 3059 25
604 2994 962 3073 φῶντος,
1022 2994 1146 3057 διὰ
1190 2993 1612 3073 Τρύφωνα,
1670 2996 1847 3073 περὶ
1894 2995 2104 3073 ἐμοῦ.
2180 2994 2306 3059 ἔςτι
2353 2995 2431 3072 δὴ
2476 2993 2556 3057 τὰ
2600 2990 2931 3056 ὑπόλοιπα
2974 2992 3194 3070 ταῦτα,

606 3090 733 3155 ἀνά
776 3090 975 3175 ἄνω,
1033 3095 1191 3159 κατά
1234 3096 1472 3176 κάτω,
1528 3096 1692 3175 πρός
1736 3097 2039 3176 πρόςω,
2085 3096 2152 3161 ἔς
2197 3095 2382 3177 ἔςω,
2427 3093 2493 3160 ἔξ
2539 3094 2713 3160 ἔξω.
2787 3092 2888 3157 καὶ
2932 3091 3197 3156 ἕκαςτον

603 3198 739 3258 τῶν
785 3198 1225 3276 προκειμένων
1272 3198 1553 3276 ςημαίνει
1587 3197 1697 3262 καὶ
1740 3199 1859 3277 τὴν
1905 3197 1992 3263 εἰς
2035 3198 2243 3263 τόπον
2289 3196 2495 3275 ςχέςιν
2540 3195 2640 3260 καὶ
2690 3195 2808 3273 τὴν
2864 3193 2936 3259 ἐν
2992 3192 3195 3275 τόπῳ,
3249 3209 3300 3247 ιο

606 3292 765 3359 ἄνω
812 3295 1171 3382 ἔρχομαι,
1217 3298 1381 3365 ἄνω
1426 3300 1634 3378 μένε·

780 3395 972 3480 ἄττα,
1017 3400 1238 3478 πρόςω
1283 3403 1445 3481 φέρε
1489 3403 1644 3470 τόξα
1689 3401 1771 3486 (φ
1815 3400 2003 3483 369)-

511 3521 578 3568 30
619 3498 721 3562 καὶ
764 3498 871 3564 ἐπὶ
913 3504 1047 3566 τῶν
1092 3501 1313 3568 ἄλλων
1359 3505 1434 3569 τὸ
1480 3504 1658 3570 αὐτό.
1732 3506 1875 3568 πῶς
1921 3501 2041 3568 οὖν
2087 3500 2333 3576 ἄλογον
2376 3499 2477 3564 καὶ
2519 3500 2595 3563 τὸ

1270 3603 1419 3670 εἴςω
1464 3607 1713 3686 δόρπον
1758 3605 2005 3685 ἑκόςμει
2053 3606 2117 3684 (η
2167 3600 2307 3686 13),

608 3703 901 3780 κειμένου
946 3707 1061 3767 τοῦ
1075 3701 1253 3782 ,εἴςω
1298 3704 1542 3787 ὁμοίως
1585 3710 1721 3773 τοῖς
1766 3706 1989 3771 ἄλλοις
2033 3704 2191 3769 κατὰ
2234 3703 2427 3782 τήνδε
2469 3704 2585 3782 τὴν
2633 3701 2869 3779 ςχέςιν;
2924 3700 3029 3765 καὶ
3084 3701 3203 3779 τήν
3256 3714 3306 3754 1⁵

610 3804 681 3869 ἐν
726 3804 909 3887 τόπῳ
953 3804 1056 3869 καὶ
1098 3807 1215 3884 τὴν
1260 3807 1349 3873 εἰς
1391 3809 1636 3893 τόπον,

746 3988 961 4042 Anava.
999 3994 1028 4041 7
1050 3988 1331 4045 Adverbia
1348 3991 1408 4046 in
1424 3983 1483 4050 ἴε
1507 3992 1615 4046 hoo
1633 4010 1824 4056 unum,
1852 4007 1965 4061 quo
1985 3989 2201 4059 aliquid
2217 3987 2434 4047 tendat,
2453 3986 2723 4041 indicant.
2745 4015 2807 4025 —
2839 3991 2899 4038 10
2919 3983 3206 4039 Adverbia.

613 4074 668 4127 in
708 4079 786 4139 ι’ῡ,
825 4089 972 4142 quae
1009 4090 1045 4127 a
1079 4076 1399 4130 nominibus
1435 4077 1666 4143 cadunt,
1706 4076 1944 4131 eandem
1967 4074 2184 4129 habent
2205 4073 2321 4127 vim
2346 4075 2515 4140 atque
2540 4070 2846 4139 primitiva.
2883 4099 2947 4109 —-
2985 4076 3051 4124 30
3075 4068 3204 4122 Non

611 4156 788 4223 igitur
819 4157 1070 4212 notabile
1085 4199 1098 4225 ,
1138 4159 1310 4214 etiam
1336 4161 1468 4216 εἶςω
1484 4202 1497 4229 ,
1535 4162 1593 4215 et
1617 4161 1714 4215 ubi
1738 4159 1954 4229 aliquid
1979 4159 2053 4213 eit
2076 4159 2134 4213 et
2158 4174 2270 4226 quo
2294 4155 2520 4222 tendat,
2547 4154 2862 4219 declarat-03

748 4326 931 4380 Dinon.
972 4345 1172 4385 somn.
1242 4335 1289 4387 8.
1325 4335 1649 4386 απειθανως
1686 4330 1729 4383 Α
1768 4330 1779 4398 Ι
1823 4334 1872 4383 9.
1909 4331 2071 4396 ςχεδο
2108 4331 2152 4384 Α
2199 4329 2209 4395 Ι
2258 4330 2462 4382 κνιζων
2497 4327 2688 4392 κνιδης
2725 4326 2769 4379 Α
2803 4325 2813 4391 Ι
2862 4329 2940 4377 14.
2977 4324 3205 4391 ἐνεργή-

616 4427 789 4477 ματος
825 4411 882 4475 b,
916 4411 1068 4465 idem
1104 4414 1375 4484 scriptum
1413 4415 1536 4469 erat
1569 4413 1627 4467 in
1665 4416 1730 4481 Α,
1767 4412 1868 4468 sed
1904 4431 1938 4476 γ
1974 4428 2194 4466 erasum
2220 4412 2307 4465 est
2341 4411 2400 4464 et
2423 4426 2552 4477 ενερ
2576 4408 2847 4473 deletum,
2872 4409 2938 4462 iit
2961 4407 3206 4476 supersit

616 4511 865 4563 ρηματος
907 4498 916 4564 Ι
954 4482 1156 4551 ανεωις
1193 4499 1237 4553 Α
1280 4501 1290 4564 Ι
1333 4506 1410 4555 15.
1446 4502 1577 4569 post
1610 4499 1804 4554 πίπτει
1841 4496 2099 4550 distinxit
2131 4494 2490 4549 RSchneider
2518 4499 2528 4555 Ι
2560 4509 2814 4549 ενονοιας
2848 4509 2951 4562 pro
2989 4490 3206 4546 ἐννοίας

618 4582 661 4635 Α
692 4581 702 4642 Ι
738 4586 815 4636 16.
852 4581 1114 4635 ἀναύδως
1150 4580 1523 4641 RSchneider‚
1561 4586 1738 4638 αναυδ
1765 4585 1857 4649 Α“,
1898 4580 1988 4636 cui
2024 4598 2077 4636 οι
2111 4579 2368 4633 additum
2403 4579 2463 4632 in
2497 4595 2695 4633 rasura
2731 4577 2802 4631 ab
2841 4580 2940 4642 Ax,
2977 4576 3206 4630 αναυδοι

617 4663 688 4729 L,
725 4666 900 4719 αναυδ
940 4707 951 4719 .
992 4707 1003 4719 .
1043 4666 1080 4719 b
1111 4668 1121 4733 Ι
1156 4673 1234 4721 17.
1262 4672 1482 4723 κυκλως
1519 4684 1620 4738 pro
1658 4669 1863 4724 κύκλος
1894 4668 1937 4721 Α
1967 4666 1977 4735 Ι
2012 4671 2089 4721 18.
2116 4666 2393 4719 εκταϋθεν
2419 4666 2462 4719 Α
2493 4666 2504 4732 Ι
2533 4670 2619 4721 23.
2636 4677 2918 4731 ρηματων
2943 4662 3016 4728 Α,
3055 4658 3209 4713 idem

619 4749 938 4803 coniecerat
970 4747 1351 4819 RSkrzeezka,
1391 4754 1789 4821 ἐπιρρημάτων
1824 4751 1860 4806 b
1893 4755 1902 4819 Ι
1933 4758 2013 4803 24.
2055 4752 2146 4804 καὶ
2182 4747 2351 4819 ἄλλα]
2390 4748 2486 4802 fol.
2526 4754 2615 4803 181
2646 4765 2695 4801 v.
2731 4749 2740 4814 Ι
2772 4752 2852 4801 32.
2889 4745 3062 4813 τήνδε
3100 4746 3209 4811 τὴν

621 4831 741 4899 Ab,
776 4835 885 4899 τήν
920 4835 1105 4899 διςςὴν
1143 4834 1501 4891 OSohneider
