3738 5530
533 1013 566 1061 5

504 1521 568 1570 10

502 2029 565 2079 15

444 2587 451 2593 ,
495 2538 562 2588 20

499 3045 565 3093 26

608 378 727 443 106
1532 384 1709 434 ΠΕΡΙ
1745 383 2259 438 ΑΝΤΩΝΤΜΙΑΣ.

1453 492 2355 544 p.134(³94)09—1³‘1(39‘1)A3b

858 586 966 651 ςός
1011 586 1082 650 δέ
1126 606 1258 651 που
1301 586 1543 666 ἔκφυγε
1586 587 1783 663 κῆρας
1824 585 2146 667 ἀδελφεός
2190 585 2257 671 (δ
2298 587 2473 672 512),

601 686 913 764 Δωρικῶς
960 689 1033 752 δὲ
1073 689 1151 752 τὸ

1482 791 1693 869 πατὴρ
1737 788 1883 854 τεός
1927 793 2002 872 (π
2051 789 2200 876 188)

604 895 709 960 καὶ
754 892 847 959 ἔτι
887 894 968 957 τὰ
1013 891 1135 957 ἀπ’
1178 892 1394 974 αὐτῆς,

1665 995 1778 1059 τεὰ
1822 993 2071 1072 ἅρματα
2113 995 2213 1058 καὶ
2256 995 2382 1059 τεὼ
2423 993 2606 1061 ἵππω
2650 997 2719 1077 (Ε
2762 995 2935 1080 237).

604 1098 702 1163 καὶ
746 1098 907 1176 παρ’
951 1096 1297 1163 Αἰολεῦςιν.
1386 1096 1673 1162 Αλκαῖος
1716 1095 1789 1161 ἐν
1834 1096 2106 1180 πρώτῳ·

854 1201 930 1264 τὸ
977 1199 1035 1264 δ’
1079 1199 1275 1278 ἔργον
1320 1198 1623 1278 ἀγήςαιτο
1668 1199 1782 1263 τέα
1825 1199 1987 1276 κόρα
2029 1196 2137 1283 (fr.
2182 1197 2264 1263 57
2314 1197 2588 1277 Abi-ene,
2643 1199 2718 1262 14
2766 1196 2978 1283 Bergk
2996 1198 3046 1280 ³)
3066 1220 3080 1235 ·

600 1302 703 1366 καὶ
858 1403 1014 1468 οἴκω
1059 1424 1128 1468 τε
1172 1424 1294 1482 περ
1340 1409 1429 1468 ςῶ
1473 1402 1698 1483 καίπερ
1744 1402 2011 1481 ἀτιμίαις
2040 1401 2147 1485 (fr.
2185 1401 2321 1465 Alc.
2355 1401 2438 1466 93
2469 1399 2747 1483 Abx-ens,
2781 1402 2865 1467 74
2895 1400 3192 1489 Bergk³),

602 1506 641 1569 ὁ
688 1505 882 1572 αὐτὸς
926 1511 1124 1589 κοινῷ
1169 1505 1314 1571 ἔθει.
1403 1504 1538 1568 Ἐπὶ
1592 1503 1822 1582 ταύτης
1866 1506 1979 1581 τῆς
2023 1504 2254 1570 λέξεως
2299 1505 2571 1569 Βοιωτοὶ
2615 1505 3074 1585 μεταβάλλουςι
3117 1509 3193 1572 τὸ

3237 712 3332 761 135
3354 709 3393 758 Α

598 1613 633 1673 ἒ
678 1607 767 1673 εἰς
811 1611 850 1685 ἰ,
897 1609 1114 1672 καθότι
1160 1608 1260 1670 καὶ
1300 1606 1378 1671 τὸ
1424 1605 1572 1671 θεός
1617 1605 1769 1670 θιός.
1827 1605 2080 1685 Εἴρηται
2125 1605 2217 1669 ὡς
2247 1608 2756 1685 ςυναλειφθεῖςα,
2800 1608 3000 1685 τεύς,
3047 1610 3189 1674 ὀξυ·
3225 1619 3271 1672 Β

597 1710 809 1775 τόνως
852 1709 1119 1784 λέγεται.

768 1812 841 1876 Ἣ
900 1811 983 1877 ὅς
1037 1813 1136 1877 καὶ
1192 1812 1323 1877 ἑός
1377 1812 1770 1893 διςυλλάβως
1824 1812 2094 1886 λέγεται.
2193 1810 2266 1875 ἐν
2324 1808 2424 1881 οἷς
2478 1809 2846 1890 ἀμφίβολον
2911 1810 3191 1889 κάκεῖνο,

599 1913 881 1993 πότερον
926 1912 1033 1978 διὰ
1077 1915 1195 1977 τοῦ
1241 1901 1323 1991 ’6,
1369 1913 1459 1979 ὡς
1504 1913 1932 1995 Ἀρίςταρχος,

1662 2013 1772 2080 ὅθ’
1814 2014 1925 2080 ἑὸς
1968 2013 2167 2092 δόμος
2209 2013 2674 2094 ἀμφεκάλυψεν
2720 2015 2788 2099 (ο
2841 2014 3009 2099 118),

599 2118 638 2195 ἢ
683 2117 788 2182 διὰ
828 2122 949 2182 τοῦ
992 2120 1058 2201 ἱ,

852 2217 963 2285 ὅτε
1007 2220 1082 2285 ὃς
1127 2219 1354 2299 δόμος·

598 2321 700 2385 καὶ
741 2322 866 2399 γὰρ
910 2321 1024 2386 τὰς
1067 2320 1380 2397 πλαγίους
1423 2324 1648 2385 διττῶς
1693 2320 1858 2386 ἔςτιν
1903 2320 2222 2399 εὑρὲςθαι,

853 2423 997 2489 ἀλλ’
1042 2421 1212 2505 οὐδ’,
1262 2423 1621 2503 ἀχνύμενός
1665 2442 1820 2501 περ,
1866 2421 1979 2486 ἑοῦ
2025 2422 2107 2505 (Ν
2152 2420 2337 2505 419)·

850 2525 890 2603 ἡ
936 2526 993 2590 δ’
1037 2523 1146 2590 ὅτε
1190 2526 1267 2603 δὴ
1314 2523 1395 2590 οὗ
1439 2523 1687 2604 πατρὸς
1732 2521 1941 2608 (η’3)·

851 2627 972 2691 κὰδ
1016 2625 1074 2691 δ’
1117 2627 1189 2694 ἐν
1235 2627 1500 2710 Ἀθήνῃς
1546 2624 1745 2707 εἷςεν,
1793 2625 1882 2711 ἑῷ
1928 2623 2005 2709 (Β
2050 2625 2234 2705 549)-

597 2729 704 2794 καὶ
854 2830 1076 2897 οὕνεκ’
1117 2829 1232 2911 ἄρ’
1274 2830 1397 2911 οὐχ
1442 2832 1496 2914 ᾧ
1542 2831 1731 2910 πατρί
1775 2829 1842 2914 (ν
1887 2828 2063 2914 265),

597 2935 700 2999 καὶ
858 3036 1062 3115 αὐτὰρ
1107 3035 1431 3114 Ἀχιλλεὺς
1472 3037 1691 3100 κλαῖεν
1737 3034 1850 3102 ἑὸν
1895 3035 2141 3113 πατέρα
2187 3033 2269 3118 (Ω
2311 3032 2497 3116 511)·

851 3138 934 3202 ὃν
977 3139 1081 3203 καὶ
1124 3138 1471 3218 Ὀδυςςῆος
1513 3141 1733 3218 φθῖςαι
1774 3137 1979 3212 γόνον
2029 3139 2096 3218 (δ
2141 3136 2310 3221 741).

595 3241 700 3303 καὶ
742 3239 848 3304 ἐπὶ
889 3242 1026 3305 τῶν
1071 3242 1363 3320 θηλυκῶν
1406 3241 1507 3304 καὶ
1552 3239 1939 3317 οὐδετέρων,

849 3341 1014 3406 Ζεὺς
1059 3343 1131 3406 δὲ
1173 3343 1338 3421 πρὸς
1380 3343 1459 3407 ὃν
1504 3342 1694 3420 λέχος
1736 3340 1831 3419 ἤι’
1875 3339 1953 3425 (Α
1997 3341 2177 3427 609)·

698 3431 723 3453 ’
1070 3445 1149 3522 ἣν
1194 3442 1355 3523 ἄτην
1400 3442 1612 3522 ὀχέων
1657 3441 1738 3528 (φ
1781 3441 1960 3526 302),

372 3534 378 3538 ἢ
500 3547 702 3611 3οκαὶ

848 3648 996 3726 μεθ’
1039 3646 1153 3712 ἑὸν
1199 3646 1388 3727 βέλος
1431 3645 1512 3730 (Ν
1557 3645 1743 3730 513)·

595 3750 698 3815 καὶ
740 3750 846 3815 ἐπὶ
889 3749 1362 3829 πληθυντικῶν·

730 3953 946 4006 Anum
1021 3957 1046 4005 1
1084 3950 1402 4005 Possessiva
1436 3948 1715 4005 secundae
1751 3965 2052 4018 personam
2099 3951 2476 4007 nominativus
2512 3950 2827 4021 singularis.
2870 3981 2934 3991 —
2979 3959 3012 4006 3
3046 3952 3188 4006 Τεός

594 4037 777 4092 forma.
811 4039 872 4092 et
905 4035 1100 4091 dorica
1135 4038 1195 4090 ot
1216 4034 1546 4094 Homerica
1583 4034 1800 4090 aeolica
1820 4035 1971 4101 τέος,
2008 4036 2271 4090 boeotica
2304 4038 2423 4091 τιός
2459 4037 2520 4091 et
2551 4037 2684 4092 τεὺς
2721 4037 2869 4104 (cum
2896 4034 3190 4105 personale

594 4122 671 4176 sit
691 4125 860 4186 τεθς).
889 4150 952 4160 -
982 4127 1044 4176 13
1071 4120 1460 4175 Nominativus
1483 4119 1701 4178 tertiae.
1725 4120 1831 4176 Ὃς
1855 4121 1916 4174 et
1940 4121 2033 4175 ἑός
2056 4117 2370 4190 promiscue
2395 4119 2549 4190 apud
2571 4119 2882 4175 Homerum
2905 4119 3187 4190 leguntur.

730 4290 912 4349 Dmcn
951 4309 1147 4343 somn.
1215 4297 1264 4345 ὁ.
1310 4291 1405 4345 τέ’
1438 4289 1716 4354 Homerus
1749 4288 1902 4360 vulg.
1961 4291 1972 4356 Ι
2029 4294 2075 4345 7.
2122 4291 2342 4357 δ’ἔργον
2388 4289 2482 4346 Ab
2528 4288 2846 4345 HLAhrens
2891 4287 3186 4359 ThBergk.

597 4377 799 4444 Ρέργον
845 4373 1361 4429 FWSchneidewin
1418 4378 1427 4434 Ι
1482 4375 1750 4442 ἀγήςαιτο
1795 4373 2014 4427 FJBast
2055 4373 2371 4429 HLAhrons
2406 4373 2712 4445 Thssergk,
2757 4374 3008 4441 ἀγήςατο
3044 4373 3136 4427 Ab
3176 4375 3184 4438 Ι

592 4461 697 4514 τέα
730 4458 1049 4513 HLAhrene
1083 4457 1378 4529 ThBergk,
1414 4459 1516 4513 τεὰ
1540 4459 1577 4512 b
1627 4462 1638 4525 Ι
1685 4464 1734 4513 9.
1770 4460 1912 4512 οῐκω
1946 4476 2012 4513 τε
2045 4477 2154 4526 περ
2187 4466 2265 4514 ςω
2299 4457 2516 4513 FJBast
2549 4457 2863 4513 HLAhrene
2894 4456 3189 4526 Thssergk,

593 4545 736 4613 οῐκῳ
779 4560 843 4599 τε
880 4560 988 4611 περ
1024 4549 1104 4610 ςῷ
1142 4543 1236 4599 Ab
1277 4551 1286 4611 Ι
1326 4543 1528 4611 καίπερ
1564 4543 1783 4608 ἀτιμίας
1820 4545 1863 4597 Α
1886 4541 1924 4595 b
1960 4541 2306 4611 HLAhrena,
2344 4547 2434 4598 καὶ
2471 4545 2598 4611 περ’
2632 4544 2853 4609 ἀτιμίας
2877 4541 3184 4611 ThBergkfl

595 4635 676 4684 10.
711 4633 814 4696 τῆς
850 4629 1058 4683 λέξεως
1094 4630 1150 4694 b,
1195 4631 1362 4699 τηςδε
1400 4630 1615 4696 ληξεως
1652 4629 1694 4681 Α
1747 4630 1757 4694 Ι
1811 4629 2252 4693 μεταβαλλουςιν
2288 4629 2331 4682 Α
2379 4633 2389 4696 Ι
2447 4636 2522 4684 ιι.
2561 4632 2760 4683 καθότι
2804 4630 2878 4695 Α,
2921 4626 3065 4681 καθὸ
3098 4626 3138 4680 b
3178 4627 3185 4694 Ι

593 4716 1005 4780 ςυναληφθειςα
1040 4714 1084 4768 Α
1132 4719 1142 4781 1
1195 4720 1270 4768 13.
1306 4711 1597 4782 inscriptio
1635 4728 1762 4780 περι
1795 4727 1900 4781 της
1934 4712 2004 4769 ὀἳ
2038 4712 2082 4766 Α
2117 4711 2351 4768 maiusc.
2418 4717 2428 4779 Ι
2497 4718 2574 4770 14.
2610 4728 2645 4766 τ
2679 4715 2739 4766 in
2763 4728 3015 4781 ποτερον
3050 4726 3120 4765 ex
3144 4728 3186 4764 π

463 4807 477 4819 ·
592 4797 803 4851 factum
849 4796 920 4851 ab
973 4798 1050 4852 A*
1106 4799 1117 4864 1
1180 4803 1255 4868 U·
1299 4798 1398 4852 οτ’
1430 4813 1522 4851 εος
1560 4798 1604 4852 Α
1656 4797 1665 4863 Ι
1715 4800 1799 4849 21.
1833 4813 1970 4864 ηςεν
2005 4814 2083 4856 εω
2122 4799 2166 4853 Α
2225 4797 2236 4863 Ι
2290 4801 2373 4850 25.
2410 4798 2624 4865 πατέρ’
2662 4796 2939 4852 Homerus
2984 4794 3136 4865 vulg.
3176 4796 3185 4863 Ι

593 4885 674 4936 26.
712 4881 978 4949 οδυςςηος
1015 4882 1088 4948 A,
1125 4898 1162 4949 η
1198 4897 1267 4934 ex
1304 4897 1383 4935 εω
1418 4881 1630 4936 factum
1667 4881 1738 4935 ab
1775 4883 1855 4937 Ασ
1896 4884 1907 4951 Ι
1946 4887 2028 4936 28.
2064 4883 2151 4948 ἤι’
2185 4879 2488 4947 Homerus,
2524 4880 2696 4951 ῇειδ,
2732 4898 2819 4950 ειη
2855 4881 2899 4935 Α

3228 3457 3324 3505 136
3346 3453 3392 3505 A
