3738 5530
1529 391 1905 449 Anvmzssm
1940 395 2017 446 m
2048 377 2093 450 ἰ
2996 385 3117 456 163

781 603 951 680 πριῖη
997 601 1063 665 δ’
1107 599 1370 678 ὑπηοῖοι
1419 601 1501 682 (Θ
1543 600 1695 678 530)

431 721 478 760 10
529 704 600 769 ἐν
668 706 889 784 βαρείᾳ
951 704 1142 767 τάςει.
1228 703 1553 779 ἀνάλογος
1615 704 1740 779 γὰρ
1797 701 1899 764 καὶ
1964 701 2002 777 ἡ
2069 702 2232 777 παρ’
2287 700 2574 765 Αἰολεῦςι
2640 703 2861 779 βαρεῖα
2924 700 3117 771 τάςις,

530 806 699 881 λέγω
747 807 818 869 δὲ
861 810 977 868 τοῦ
2148 838 2153 842 ·

784 905 904 986 ὄψι
946 907 1069 983 γὰρ
1114 903 1348 983 ἄρξατο
1395 905 1540 989 (lyr.
1586 926 1681 987 gr.
1726 903 1807 969 fr.
1854 903 2068 985 adesp.
2114 904 2198 967 55
2242 901 2457 986 Bergk
2473 903 2560 988 ³),

531 1010 655 1088 ἀφ’
703 1007 783 1072 οὗ
827 1010 902 1072 τὸ
950 1007 1297 1086 ὀψιμαθής·
1345 1007 1426 1071 οὐ
1468 1008 1592 1084 γὰρ
1637 1006 1814 1084 ὐγιὴς
1859 1007 1898 1082 ἡ
1942 1009 2061 1069 τοῦ
2105 1005 2235 1084 ὀψέ
2277 1006 2478 1086 τάςις,
2531 1007 2620 1070 ὡς
2666 1007 3005 1071 δεδείξεται
3049 1005 3119 1068 ἐν
3157 1021 3188 1067 5

355 1191 360 1196 Ι
530 1117 620 1194 τῷ
664 1111 813 1188 περὶ
855 1116 987 1175 τῶν
1033 1107 1122 1174 εἰς
1163 1110 1198 1173 ἒ
1244 1111 1575 1187 ληγόντων
1621 1108 2086 1186 ἐπιρρημάτων.

430 1228 478 1266 15
699 1212 1048 1289 Βαρύνεται
1092 1215 1196 1277 καὶ
1248 1212 1367 1276 ὅςα
1411 1212 1797 1288 ςυνυπάρχει
1840 1212 1977 1273 τοῖς
2034 1209 2121 1272 εἰς
2177 1196 2294 1274 (ἦν
2346 1211 2646 1287 λήγουςιν
2691 1208 3119 1286 έπιρρήμαςιν,

530 1312 786 1378 οἴκοθεν
853 1312 1088 1396 οἴκοθι,
1154 1312 1512 1391 οὐρανόθεν
1580 1311 1922 1393 οὐρανόθι,
1984 1310 2254 1375 αὐτόθεν
2328 1311 2585 1390 αὐτόθι,
2668 1312 2868 1374 πόθεν
2950 1309 3122 1390 πόθι,

529 1415 805 1492 ἀγχόθεν
880 1414 1124 1493 ἀγχόθι.
1224 1415 1389 1493 ἅπερ
1462 1414 1766 1493 φυλάςςει
1831 1415 1908 1477 τὸ
1982 1401 2047 1493 θ,
2121 1413 2434 1477 ςυνόντος
2497 1416 2619 1476 τοῦ
2682 1415 2721 1475 ὅ
2784 1412 2943 1475 κατὰ
3006 1412 3122 1487 τὴν

530 1517 1054 1594 παρεδρεύουςαν
1099 1517 1140 1594 ἢ
1183 1520 1300 1581 τοῦ
1347 1516 1654 1591 ςύνεγγυς
1700 1520 1786 1597 ὦ,
1844 1515 1934 1578 ὡς
1979 1514 2274 1596 ἑτέρωθι,
2320 1515 2678 1593 ἑκατέρωθι.
2751 1514 2830 1576 τὰ
2873 1511 2996 1588 γὰρ
3041 1512 3121 1589 μὴ
3167 1526 3225 1574 ιο

430 1633 482 1672 20
532 1623 686 1699 τῇδε
730 1617 966 1695 ἔχοντα
1009 1619 1206 1682 πάλιν
1249 1618 1366 1696 μὲν
1414 1618 1772 1697 βαρύνεται,
1818 1615 1958 1679 ἀντί
2002 1635 2074 1690 γε
2121 1616 2243 1694 μὴν
2287 1621 2404 1681 τοῦ
2444 1602 2481 1679 θ
2525 1616 2600 1678 τὸ
2642 1619 2685 1678 ‘c‘
2711 1613 3125 1691 παραλαμβά-

532 1738 729 1800 νεται,
775 1718 1118 1797 Ἀθήνηθεν
1166 1718 1511 1802 Ἀθήνῃςιν,
1557 1718 1847 1796 Θήβηθεν
1895 1717 2193 1800 Θήβῃςιν,
2238 1716 2598 1794 Πιτάνηθεν
2643 1716 3005 1796 Πιτάνῃςιν.
3044 1749 3127 1759 —-

533 1820 661 1883 Διὸ
707 1820 809 1883 καὶ
853 1821 1262 1896 ςημειώςαιτο
1307 1819 1389 1885 ἄν
1434 1839 1527 1883 τις
1572 1820 1647 1882 τὸ
1693 1821 1908 1882 κεῖθι.
1985 1818 2136 1881 ἀλλ’
2179 1816 2256 1895 ἧν
2302 1838 2374 1892 γε
2420 1817 2581 1896 ὑπὲρ
2625 1818 2861 1881 τούτου
2903 1816 3126 1895 φάναι,

534 1920 624 1986 ὡς
665 1922 746 1985 τὰ
788 1921 1164 1985 πεπονθότα
1209 1920 1289 1984 οὐ
1332 1928 1425 2005 τῷ
1471 1920 1868 2001 ἐγγινομένῳ
1915 1919 2103 1984 πάθει
2147 1920 2222 1983 τὸ
2269 1918 2631 1983 ἀκόλουθον
2677 1918 3001 1997 ἀποτελεῖ,
3049 1922 3125 1998 τῇ

429 2038 481 2078 2⁵
534 2023 605 2086 δὲ
658 2025 776 2086 τοῦ
832 2021 1195 2100 ὁλοκλήρου
1252 2028 1593 2106 προφορᾷ,
1662 2021 1753 2084 ὡς
1809 2012 1923 2084 ἐπ’
1980 2019 2322 2099 ὀνομάτων
2375 2022 2457 2085 τὰ
2513 2019 2911 2102 ςυνῃρημένα
2966 2018 3128 2081 κατὰ
3165 2032 3228 2079 15

531 2124 643 2188 τὰς
688 2122 935 2187 εὐθείας
982 2122 1061 2187 οὐ
1106 2129 1198 2208 τῷ
1244 2124 1658 2206 ςυνῃρημένψ
1703 2123 1863 2186 κατὰ
1908 2123 2020 2186 τὰς
2065 2121 2288 2187 κλίςεις
2332 2121 2691 2197 ἀκολουθεῖ,
2738 2127 2830 2202 τῷ
2874 2121 2945 2183 δὲ
2974 2119 3125 2184 ὁλο-

531 2225 897 2306 κληροτέρῳ
945 2225 1068 2305 (ὡς
1113 2225 1183 2288 ἐν
1231 2225 1581 2289 διαλέκτοις
1623 2225 1699 2288 τὸ
1745 2223 1968 2301 χαρίης
2012 2224 2115 2286 καὶ
2156 2223 2235 2286 τὰ
2275 2226 2540 2285 τοιαῦτα
2571 2221 2651 2284 οὐ
2682 2229 2760 2303 τῇ
2803 2223 2964 2286 λέξει
2996 2227 3127 2286 τῶν

533 2325 619 2391 εἰς
682 2329 759 2403 ῆῐ
821 2325 1160 2404 ληγόντων
1220 2325 1682 2407 ἠκολούθηςεν,
1746 2331 1820 2407 τῇ
1881 2326 1951 2389 δὲ
2007 2325 2415 2406 πρωτοτύπῳ
2473 2323 2845 2405 προφορᾷ)·
2906 2321 2998 2387 ὡς
3054 2322 3125 2387 ἐν

430 2443 481 2482 ³⁰
534 2427 984 2505 πρωτοτύποις
1052 2430 1514 2508 πλεοναςμοῖς,
1579 2426 1765 2505 ἡνίκα
1821 2427 1898 2490 τὸ
1952 2413 1990 2506 β
2045 2426 2286 2490 ςύνεςτι
2351 2432 2444 2507 τῷ
2506 2429 2541 2502 ρ
2612 2424 2777 2501 παρ’
2838 2424 3127 2489 Αἰολεῦςι

536 2528 987 2606 ςυνεχέςτερον
1046 2528 1523 2608 ἐπιφερομένου
1579 2532 1712 2592 τοῦ
1751 2513 1788 2590 δ
1843 2529 1884 2605 ἢ
1939 2531 2058 2591 τοῦ
2111 2531 2148 2591 ’ἶ
2203 2528 2304 2591 καὶ
2357 2526 2449 2590 ἔτι
2502 2531 2619 2591 τοῦ
2663 2530 2733 2609 ii,
2786 2525 2888 2589 καὶ
2941 2525 3128 2590 ἕνεκα
3161 2538 3231 2586 20

534 2630 773 2693 τούτου
815 2630 892 2693 τὸ
939 2628 1019 2712 ῥᾴ
1062 2630 1139 2693 τὸ
1177 2616 1217 2711 β
1261 2630 1818 2711 προςελάμβανεν,
1878 2628 1956 2692 οὐ
1999 2634 2091 2710 τῷ
2135 2627 2324 2692 πάθει
2371 2628 2776 2706 ἀρκούμενον
2820 2629 2938 2690 τοῦ
2983 2628 3127 2704 ςχή-

397 2748 496 2799 574
532 2750 760 2813 ματος,
818 2737 909 2814 τῷ
967 2732 1038 2795 δὲ
1093 2732 1335 2797 ἐντελεῖ
1396 2730 1647 2815 ῥᾳδίως.
1730 2731 1806 2795 τὸ
1862 2734 2164 2795 τοιοῦτον
2224 2730 2336 2794 ἐπ’
2392 2729 2609 2795 ἄλλων
2667 2728 2953 2807 ἀπείρων
3004 2727 3129 2794 ἔςτι

533 2835 940 2910 παραςτῆςαι.
999 2834 1104 2897 καὶ
1147 2835 1223 2911 δὴ
1268 2835 1371 2897 καὶ
1412 2833 1489 2897 τὸ
1533 2836 1688 2897 κεῖθι
1733 2832 1852 2896 οὐκ
1897 2831 2027 2910 ἔχει
2072 2833 2255 2912 φύςει
2301 2833 2416 2909 τὴν
2459 2832 2981 2910 παρεδρεύουςαν
3027 2830 3131 2894 διά

532 2937 649 2997 τοῦ
695 2938 779 3016 ξι,
825 2936 931 2998 διὰ
976 2936 1046 2998 δὲ
1089 2939 1205 2999 τοῦ
1252 2939 1348 2998 νδ.
1425 2934 1515 2998 ὡς
1568 2934 1691 3011 γὰρ
1750 2935 1927 3011 παρὰ
1970 2934 2085 3011 τήν
2129 2933 2368 2997 τούτου
2411 2935 2720 2997 τουτόθεν
2777 2954 2834 2996 τι
2886 2934 3127 3008 γίνεται

535 3035 637 3098 καὶ
680 3036 856 3113 παρὰ
898 3037 1013 3113 τὴν
1060 3036 1260 3100 αὐτοῦ
1307 3036 1612 3117 αὐτόθεν,
1667 3034 1877 3100 οὕτως
1923 3036 2025 3099 καὶ
2068 3037 2245 3112 παρὰ
2297 3038 2416 3112 τὴν
2472 3034 2722 3099 ἐκείνου
2783 3033 3125 3099 ἑκεινόθεν.
3164 3047 3231 3095 25

456 3162 483 3201 5
536 3135 782 3215 ἔφαμεν
829 3139 899 3201 δὲ
944 3138 1019 3201 τὸ
1066 3141 1106 3199 ὃ
1150 3136 1356 3202 αἴτιον
1401 3137 1677 3214 γίνεςθαι
1722 3139 1833 3213 τῆς
1880 3138 2081 3215 μονῆς
2124 3141 2240 3201 τοῦ
2276 3124 2343 3219 θ,
2397 3137 2499 3200 καὶ
2542 3136 2597 3201 εἰ
2643 3136 2761 3200 οὐκ
2808 3136 3131 3215 ἐπικρατεῖ

535 3235 614 3302 τὰ
657 3236 864 3320 πάθη,
922 3237 1236 3314 ἀναγκαία
1280 3240 1320 3317 ἡ
1365 3241 1528 3318 μονὴ
1572 3243 1689 3303 τοῦ
1735 3225 1788 3301 θ.

703 3337 977 3417 Ὁμοίως
1034 3341 1137 3404 καὶ
1189 3341 1270 3405 τὰ
1325 3342 1429 3405 διὰ
1482 3344 1599 3404 τοῦ
1657 3345 1731 3420 φῖ
1796 3340 2216 3419 παραγόμενα
2271 3339 2524 3419 βαρείας
2590 3338 2800 3417 ἔχεται
2865 3341 3130 3419 τάςεως,

457 3460 466 3465 ·
534 3438 703 3512 λέγω
769 3441 916 3516 περὶ
971 3445 1087 3505 τοῦ
1154 3440 1274 3521 ἧφι
1328 3442 1536 3530 βίηφι,
1602 3441 1952 3520 οὐρανόφι,
2021 3441 2184 3517 ἅπερ
2253 3441 2388 3504 ἔςθ’
2441 3438 2552 3505 ὅτε
2606 3442 2707 3504 καὶ
2767 3442 2880 3506 ςύν
2934 3447 3026 3522 τῷ
3091 3444 3128 3504 ν

433 3554 484 3592 10
534 3539 813 3622 λέγεται,
870 3540 1306 3622 παςςαλόφιν,
1364 3542 1805 3625 ἀριςτερόφιν,
1860 3543 2149 3621 δεξιόφιν
2194 3591 2209 3605 .
2255 3590 2268 3605 .
2315 3594 2328 3607 .
2375 3541 2465 3606 ἔτι
2509 3543 2611 3605 καὶ
2654 3542 2822 3606 ἄλλα
2865 3544 3125 3607 πλεῖςτα
3165 3553 3233 3601 3ο

670 3743 883 3796 Anava.
954 3748 984 3796 7
1019 3742 1307 3812 Barytona
1340 3745 1472 3797 sunt
1506 3760 1575 3798 ea
1609 3743 1882 3798 adverbia
1914 3742 1973 3796 in
2007 3744 2055 3808 ῑ,
2094 3742 2297 3810 quibus
2337 3742 2608 3798 adverbia
2642 3743 2699 3797 in
2739 3746 2841 3797 θὲῦ
2877 3743 3130 3797 eiusdem

534 3824 738 3880 radicis
791 3828 1017 3894 praesto
1072 3829 1227 3893 εμοὺς
1284 3828 1562 3894 quaedam
1620 3827 1869 3881 eiusdem
1923 3827 2176 3895 generis,
2231 3843 2376 3896 quae
2412 3828 2539 3897 ipsa
2583 3844 2807 3895 quoque
2855 3828 3133 3896 barytona.

534 3912 690 3974 sunt,
723 3909 781 3962 in
819 3916 867 3964 ςῖ
904 3912 1128 3969 exeunt.
1205 3914 1351 3967 Κεῑθι
1391 3928 1457 3966 ex
1495 3913 1738 3967 ἑκεινόθι
1775 3910 1985 3965 factum
2023 3913 2124 3965 est.
2168 3942 2232 3952 -
2280 3918 2346 3966 28
2383 3911 2669 3980 Barytona
2712 3914 2845 3966 sunt
2879 3911 3134 3966 derivata

537 3992 593 4045 in
628 3999 721 4059 φὴ
757 3998 995 4064 possunt
1029 4003 1063 4049 ν·
1098 4013 1398 4056 assumere.

677 4179 901 4234 Tnswm.
949 4187 981 4235 4
1018 4180 1096 4238 Cf.
1123 4182 1328 4237 Herod.
1363 4202 1421 4269 π.
1448 4200 1571 4249 μον.
1596 4184 1707 4239 λέξ.
1731 4189 1815 4247 26,
1847 4189 1927 4240 11.
1972 4214 2029 4223 -
2071 4189 2131 4236 12
2157 4182 2237 4238 Cf.
2265 4182 2448 4237 Schol.
2485 4181 2647 4237 Dion.
2685 4182 2782 4236 BA
2816 4180 2872 4251 p.
2901 4188 3019 4249 945,
3053 4188 3130 4235 12.

669 4366 865 4425 Βιεοιι.
906 4387 1116 4422 sempr.
1180 4378 1223 4422 1.
1258 4370 1491 4438 ὑπηοῖοι
1526 4368 1831 4438 Romane,
1876 4372 1982 4423 ὐπ’
2015 4388 2160 4436 ηοιοι
2200 4372 2269 4436 Α,
2307 4372 2413 4426 ὑπ’
2447 4372 2577 4438 ήοίῃ
2616 4371 2652 4423 b
2683 4375 2692 4433 Ι
2722 4376 2771 4424 2.
2805 4371 2914 4437 γὰρ
2949 4370 3039 4423 Ab
3075 4368 3134 4422 in

535 4452 713 4516 textu,
754 4450 836 4506 ‘R
873 4455 957 4507 δὲ’
995 4452 1032 4505 b
1069 4453 1128 4505 in
1165 4468 1278 4507 var.
1315 4454 1445 4508 lect.
1486 4460 1494 4519 Ι
1535 4460 1583 4506 4.
1622 4453 1915 4508 ‘Fortasse
1951 4455 2174 4508 Alcaei’
2213 4454 2486 4524 ThBergk
2528 4459 2537 4522 Ι
2578 4461 2628 4510 9.
2676 4456 2823 4521 ἅπερ
2870 4455 3133 4521 φυλάςςει

535 4533 624 4588 bis
659 4537 929 4605 scriptum
967 4543 1092 4591 erat
1124 4536 1183 4590 in
1212 4541 1273 4602 A,
1313 4538 1412 4592 sed
1448 4538 1717 4592 mendum
1754 4537 1986 4592 sustulit
2010 4541 2071 4592 A¹
2115 4541 2124 4604 Ι
2170 4547 2241 4592 15.
2282 4556 2566 4606 προφοραι
2604 4541 2646 4593 Α
2689 4552 2698 4601 ι
2742 4545 2821 4593 18.
2856 4545 2930 4606 τῇ
2967 4539 3031 4605 b,
3070 4556 3134 4594 εν

541 4635 614 4685 τη
651 4623 694 4674 Α
727 4626 736 4685 Ι
778 4637 1065 4688 προφοραι
1101 4625 1144 4676 Α
1178 4624 1187 4687 Ι
1216 4627 1298 4678 21.
1335 4624 1406 4675 τὸ
1441 4624 1513 4690 ῥᾴ
1547 4622 1611 4689 b,
1649 4640 1717 4677 το
1753 4629 1788 4689 β
1825 4625 1867 4677 Α
1900 4625 1910 4691 Ι
1941 4629 2023 4679 22.
2062 4626 2286 4689 ραιδιως
2313 4626 2353 4677 Α
2387 4630 2397 4686 Ι
2428 4622 2652 4689 GUhlig
2687 4623 2913 4677 dubitat
2947 4623 3131 4676 sintne

540 4702 680 4757 haec
715 4710 799 4773 τῷ
837 4707 899 4760 δὲ
934 4707 1151 4760 ἑντελεῖ
1175 4706 1382 4773 ῥᾳδίως
1419 4705 1679 4772 delenda,
1715 4721 1785 4759 aa)
1822 4707 1907 4759 his
1941 4706 2179 4760 sexvatis
2214 4708 2532 4761 ἀκόλουθον
2567 4707 2889 4760 addendum
2927 4710 2937 4774 Ι
2977 4713 3059 4763 24.
3086 4714 3135 4761 ὃ

538 4786 575 4838 b
611 4788 669 4840 iu
706 4804 822 4842 var.
858 4789 1017 4855 lect„
1065 4794 1102 4854 ἦ
1140 4788 1231 4843 Ab
1267 4789 1327 4842 in
1362 4791 1524 4844 textu
1563 4793 1573 4856 Ι
1613 4797 1695 4848 28.
1732 4792 1803 4845 ab
1850 4795 1942 4846 εςθ
1975 4807 2074 4845 οτε
2118 4790 2377 4857 vocibus,
2428 4808 2574 4859 quae
2622 4807 2771 4845 nunc
2814 4790 2932 4846 fere
2979 4809 3137 4847 evan.

539 4873 596 4925 in
632 4876 703 4939 A,
741 4872 944 4942 incipit
976 4873 1072 4927 fol.
1112 4880 1209 4927 132
1244 4891 1288 4927 r.
1341 4877 1350 4943 Ι
1393 4882 1476 4930 30.
1515 4892 1597 4929 ετι
1635 4893 1727 4930 και
1764 4879 1835 4943 Α,
1873 4877 1957 4933 ἔτι
1989 4875 2026 4928 b
2112 4942 2125 4949 ἱ

2626 4960 2732 5016 11*
