3738 5530
675 341 761 405 30
1608 345 1789 394 ΠΕΡΙ
1827 344 2332 395 ΑΝΤΩΝΤΜΙΑΣ.

1553 453 1816 525 pesam,
1847 451 2398 503 05—39(299)A3b

675 552 835 630 δοθῇ
881 537 1193 623 ἐγκεῖςθαι
1235 546 1312 610 τὸ
1358 545 1587 624 οὗτος,
1634 547 1887 610 δέδοται
1934 546 2037 609 καὶ
2080 545 2488 625 ἀντωνυμίαν
2535 544 2700 609 εἶναι
2742 545 2818 608 τὸ
2862 549 3262 624 τηλικοῦτος·

674 652 755 714 τὰ
796 650 922 727 γὰρ
969 649 1117 724 τέλη
1161 653 1295 711 τῶν
1345 648 1582 713 λέξεων
1628 648 1950 725 ἐπικρατεῖ
1994 649 2152 712 κατὰ
2196 648 2309 712 τὰς
2353 649 2679 712 ςυνθέςεις.
2771 647 2937 727 ῥῆμα
2980 651 3142 723 γοῦν
3185 648 3262 712 τὸ

676 752 1039 829 δημαγωγῶ
1088 751 1186 813 καί
1230 752 1662 825 παιδαγωγῶ,
1706 751 1806 813 καὶ
1836 749 2046 827 ὄνομα
2074 749 2149 812 τὸ
2180 748 2473 825 εὐγενής,
2519 750 2619 813 καὶ
2660 748 2712 813 εἰ
2742 749 2808 814 ἐξ
2838 750 3265 829 ἐπιρρήματος

676 853 1013 927 ςύγκειται·
1085 851 1186 914 καὶ
1246 850 1360 913 ἐπ’
1411 848 1630 915 ἄλλων
1695 851 1942 929 μυρίων
2002 852 2077 915 τὸ
2144 850 2319 914 αὐτό.
2376 886 2458 898 -
2517 850 2732 915 ἄλλως
2785 871 2855 915 τε
2911 853 3014 914 καὶ
3066 851 3261 915 ποίαν
3299 855 3436 909 37Α

607 974 639 1020 5
675 952 767 1016 ἔτι
824 953 1096 1032 ἔμφαςιν
1154 950 1285 1030 ἔχει
1342 953 1417 1014 τὸ
1463 955 1781 1029 τημοῦτος
1824 956 1937 1028 τῆς
1983 950 2176 1015 οὗτος
2232 951 2666 1032 ἀντωνυμίας,
2721 954 2760 1030 ἢ
2805 953 2881 1016 τὸ
2924 957 3265 1030 τηνικαῦτα

674 1059 790 1118 τοῦ
836 1054 1031 1136 αὐτά,
1078 1054 1186 1117 ὅτε
1233 1053 1426 1117 οὐδὲν
1471 1052 1677 1116 πλέον
1722 1058 1839 1117 τοῦ
1884 1054 2106 1130 τηνίκα
2150 1055 2250 1116 καὶ
2305 1057 2501 1132 τῆμος
2546 1057 2853 1133 ςημαίνει;
2899 1090 2978 1101 --
3025 1061 3165 1119 πῶς
3209 1054 3266 1119 δ’

676 1154 822 1235 οὐχὶ
878 1157 981 1219 καὶ
1037 1157 1221 1219 κοινά
1277 1156 1403 1219 ἐςτι
1457 1156 1618 1219 κατὰ
1671 1155 1862 1229 γένος
1909 1157 2011 1218 καὶ
2054 1156 2642 1233 προπαροξύνεται;
2698 1158 2777 1220 τὰ
2830 1157 2955 1233 γὰρ
2999 1156 3310 1220 ςύνθετα,

673 1260 936 1321 τοιαῦτα
981 1257 1138 1320 κατὰ
1185 1257 1377 1332 γένος
1423 1257 1525 1319 καὶ
1569 1257 1729 1319 κατὰ
1772 1256 2001 1337 τόνον,
2049 1255 2625 1336 ὑποςτελλομένων
2670 1262 2805 1322 τῶν
2849 1258 3263 1335 παραλόγων.

675 1357 805 1422 ἀπὸ
864 1361 1028 1432 γοῦν
1085 1360 1202 1421 τοῦ
1257 1360 1493 1421 δοῦλος
1547 1359 2171 1436 προπεριςπωμένου
2222 1360 2298 1423 τὸ
2357 1360 2710 1423 ςύνδουλος
2753 1360 2853 1422 καὶ
2897 1360 3119 1424 κοινὸν
3164 1359 3265 1423 καὶ

580 1479 642 1526 10
678 1458 1368 1538 προπαροξυνόμενον·
1414 1458 1610 1537 ἐχρῆν
1655 1458 1781 1538 ἄρα
1823 1460 1924 1523 καὶ
1969 1462 2143 1537 παρὰ
2186 1463 2302 1539 τὴν
2348 1458 2541 1524 οὗτος
2584 1461 2660 1524 τὸ
2704 1464 3076 1537 τηλικοῦτος
3105 1480 3260 1538 προ-

679 1560 1162 1638 παροξύνεςθαι.
1221 1596 1295 1606 -
1358 1561 1580 1624 «Ἀλλὰ
1632 1561 1750 1624 δύο
1797 1562 2112 1638 πρόςωπα
2169 1565 2388 1638 δηλοῖ,
2438 1562 2513 1625 τό
2568 1582 2636 1626 τε
2692 1562 3105 1651 δεικνύμενον
3162 1563 3263 1625 καὶ
3297 1565 3343 1617 Β

677 1662 792 1741 ἐφ’
849 1661 886 1724 ὃ
944 1661 1332 1740 ἀναφέρεται
1385 1662 1425 1739 ἡ
1483 1665 1702 1735 δεῖξις,
1760 1661 1923 1739 ὅπερ
1980 1662 2099 1725 οὐκ
2156 1662 2236 1726 ἂν
2292 1662 2404 1744 ἦν,
2462 1663 2515 1727 εἰ
2569 1665 2650 1741 μὴ
2707 1663 3011 1728 ςύνθετον
3058 1670 3265 1728 καθει-

678 1765 932 1841 ςτήκει.»
1040 1764 1150 1827 Καὶ
1193 1768 1389 1827 τοῦτο
1446 1763 1875 1827 εὐαπόλυτον.
1965 1762 2108 1826 ἰδοὺ
2152 1765 2276 1841 γὰρ
2322 1765 2609 1829 ςύνθετοι
2655 1766 2849 1831 λέξεις
2893 1765 2964 1830 ἓν
3010 1765 3265 1829 ἁπλοῦν

676 1867 1009 1947 δηλοῦςιν,
1084 1863 1174 1927 ὡς
1245 1864 1284 1942 ἡ
1358 1866 1808 1947 Θεόφραςτος,
1883 1866 1985 1928 καὶ
2051 1864 2249 1927 ἁπλαῖ
2321 1866 2518 1929 λέξεις
2590 1867 2860 1930 πλείονα
2933 1867 3264 1944 πρόςωπα.

581 1985 644 2031 15
680 1966 1030 2045 ‘er6petoc
1075 1967 1197 2045 γὰρ
1242 1964 1279 2028 ὁ
1327 1971 1442 2029 τοῦ
1473 1967 1780 2044 Ἕκτορος
1826 1964 2011 2029 υἱός·’
2042 1966 2140 2029 καὶ
2185 1965 2276 2029 ἔτι
2321 1966 2398 2029 τὸ
2442 1966 2672 2031 ἱππεύς
2720 1969 2874 2046 μετὰ
2918 1972 3034 2031 τοῦ
3062 1968 3266 2031 ἵππου

678 2068 780 2130 καὶ
837 2066 1076 2145 ἀνδρὸς
1133 2068 1234 2130 καὶ
1287 2068 1519 2145 τέχνην
1575 2068 2095 2144 ἐπαγγέλλεται..
2155 2068 2255 2130 καὶ
2313 2065 2478 2131 ἄλλα
2534 2069 2804 2133 πλείονα
2858 2069 3267 2147 παραχθέντα

678 2168 1000 2247 ὑπόφαςιν
1056 2170 1321 2247 παρέχει
1378 2169 1751 2232 ςυνθέςεως·
1805 2168 1882 2232 τὸ
1941 2169 2276 2246 μελιτηρόν
2331 2171 2451 2232 τοῦ
2507 2173 2754 2247 τηρεῖν,
2814 2168 2977 2247 ὅπερ
3022 2169 3267 2249 ὁμοίως
3304 2173 3346 2228 C

677 2272 989 2348 παρῆκται
1044 2276 1134 2352 τῷ
1193 2270 1555 2347 καματηρόν
1611 2270 1710 2333 καὶ
1766 2262 2146 2347 αἱματηρόν·
2205 2271 2281 2334 τὸ
2326 2272 2806 2350 φαιδιμόεντες,
2854 2270 2951 2334 ὅτι
2998 2271 3266 2351 φαίδιμα

679 2370 865 2451 ἔντη,
914 2368 1075 2449 ὅπερ
1120 2369 1199 2448 ἧν
1245 2371 1435 2435 κλίςις
1478 2372 1691 2435 ἁπλοῦ
1735 2375 1853 2435 τοῦ
1898 2369 2279 2449 φαιδιμόεις.
2325 2407 2406 2416 -
2453 2373 2606 2436 Πῶς
2652 2373 2709 2436 δ’
2753 2373 2897 2451 οὐχὶ
2941 2375 3044 2437 καὶ
3088 2373 3125 2450 ἡ
3158 2377 3267 2435 δα-

575 2492 641 2541 20
677 2477 812 2537 ςεῖα
855 2478 974 2538 τοῦ
1020 2471 1214 2538 οὗτος
1258 2473 1679 2552 ἐφυλάςςετο;
1736 2472 1794 2535 τί
1849 2473 1921 2535 δὲ
1967 2472 2113 2550 οὐχὶ
2167 2474 2268 2536 καὶ
2311 2474 2575 2550 πρώτου
2621 2475 2720 2539 καὶ
2764 2475 3070 2552 δευτέρου
3115 2473 3266 2537 ἀνα-

678 2575 997 2651 λογούςας
1054 2575 1213 2653 ἔχει,
1281 2573 1445 2653 ἅπερ
1502 2575 1603 2638 καὶ
1658 2574 1999 2650 ςύγκειται;
2069 2575 2172 2637 καὶ
2224 2576 2347 2651 γὰρ
2403 2576 2443 2653 ἡ
2510 2576 2788 2653 ἐμαυτοῦ
2852 2577 2955 2640 καὶ
3016 2578 3266 2639 ςαυτοῦ.

680 2676 902 2740 οὐςίαν
963 2676 1169 2755 μόνον
1228 2676 1633 2755 ςημαίνουςιν
1688 2674 1753 2738 αἱ
1807 2675 2227 2754 ἀντωνυμίαι,
2284 2679 2485 2740 ταῦτα
2542 2679 2614 2740 δὲ
2670 2678 2772 2740 καὶ
2815 2676 3125 2754 ποιότητα
3168 2676 3272 2738 καὶ

677 2778 1083 2857 τηλικότητα,
1139 2782 1511 2856 τηλικοῦτος
1568 2778 1668 2841 καὶ
1710 2782 2021 2842 τοιοῦτος.
2084 2814 2158 2822 -
2220 2778 2496 2843 «Ἄλλως
2549 2799 2618 2842 τε
2662 2777 2845 2858 <καὶ>
2898 2776 3269 2856 ὁμοιώςεως
3305 2780 3442 2835 38Α

679 2878 839 2943 ὄντα
885 2878 1018 2962 [τὰ]
1065 2878 1350 2956 ὀνόματα
1382 2885 1511 2943 τῶν
1544 2878 1984 2958 ὑποκειμένων
2029 2878 2234 2944 ἐδόκει
2280 2882 2471 2945 δεῖξιν
2517 2879 2971 2956 παριςτὰνειν.»
3060 2877 3268 2955 Ὅπερ

813 3236 1028 3293 Anam.
1080 3241 1113 3288 4
1150 3231 1311 3299 Quod
1346 3234 1404 3287 in
1438 3239 1723 3302 τημοῦτος
1760 3235 1818 3288 et
1839 3239 2155 3302 τηνικαῦτα
2177 3233 2407 3289 vocibus
2431 3233 2824 3305 pronominum
2849 3234 3017 3288 οῦτος
3044 3234 3104 3287 et
3126 3232 3272 3285 αὐτά

677 3318 932 3373 notiones
955 3335 1067 3373 non
1092 3321 1389 3389 apparent,
1414 3318 1554 3372 haec
1578 3319 1636 3372 in
1660 3318 1771 3372 illis
1794 3335 1906 3372 non
1931 3318 2110 3373 inesse
2137 3321 2379 3373 constat:
2405 3319 2557 3373 idem
2578 3319 2690 3373 dici
2712 3320 2902 3388 potest
2918 3318 2989 3371 de
3011 3321 3270 3372 τοιοῦτος

678 3405 739 3457 et
781 3404 967 3458 οὗτος.
1012 3434 1079 3442 —-
1124 3408 1157 3456 6
1199 3406 1547 3471 Τηλικοῦτος
1594 3405 1655 3457 et
1694 3409 1958 3458 τοιοῦτος
2002 3404 2047 3456 si
2093 3405 2281 3457 essent
2323 3403 2662 3472 composita,
2719 3403 2959 3457 duarum
3003 3399 3268 3456 termina-

677 3487 895 3541 tionum
932 3490 990 3542 et
1023 3489 1482 3556 proparoxytona
1517 3489 1718 3547 essent,
1762 3519 1823 3527 —
1875 3495 1934 3541 11
1976 3489 2076 3541 ‘At
2110 3487 2293 3552 duae’,
2335 3488 2625 3554 inquiunt,
2668 3486 2946 3540 ‘indicant
2981 3501 3268 3554 personas,

679 3571 832 3640 quod
876 3571 997 3625 fieri
1043 3588 1154 3625 non
1199 3573 1415 3641 posset,
1460 3571 1508 3626 si
1554 3573 1865 3641 composita
1907 3589 2020 3628 non
2058 3573 2282 3629 essent’.
2364 3571 2510 3625 Sunt
2552 3575 2742 3625 autem
2777 3572 2960 3626 multa
2995 3570 3269 3650 derivata,

677 3672 823 3723 quae
869 3656 1306 3725 compositorum
1352 3656 1599 3725 speeiem
1644 3673 1780 3725 prae
1826 3673 1887 3710 se
1922 3657 2124 3712 ferant.
2175 3688 2236 3697 —
2287 3662 2348 3710 19
2394 3655 2452 3709 Si
2500 3659 2688 3710 essent
2722 3655 3060 3724 composita,
3110 3670 3274 3722 asper

679 3740 909 3809 spiritus
961 3742 1298 3795 servaretur.
1354 3770 1419 3780 —
1473 3740 1691 3795 Similia
1738 3741 1797 3794 in
1842 3741 2029 3810 prima
2072 3741 2428 3806 secundaque
2483 3742 2770 3795 exstarent
2825 3738 3154 3809 composita.
3206 3768 3272 3777 —

679 3831 745 3879 23
782 3823 941 3890 Quod
979 3825 1202 3894 dieunt,
1250 3825 1483 3879 vocibus
1517 3825 1630 3879 illis
1666 3824 2088 3879 demonstrandi
2123 3825 2407 3880 notionem
2457 3825 2769 3879 subiectam
2817 3841 2936 3878 esse
2973 3826 3039 3878 ut
3071 3837 3272 3893 prono·

682 3909 949 3973 minibu8‚
987 3908 1279 3966 falluntur.
1338 3908 1576 3963 Diversa
1609 3911 1697 3964 est
1730 3909 1881 3964 enim
1918 3909 2337 3964 demonstrandi
2369 3910 2481 3977 vis,
2521 3925 2666 3978 quae
2690 3909 2750 3962 in
2773 3909 2886 3962 illis
2913 3908 3146 3962 vocibus
3170 3909 3273 3972 est,

679 3992 750 4046 ab
801 4009 894 4056 ea,
939 4010 1109 4061 quam
1144 3993 1358 4048 habent
1400 3993 1752 4063 pronomina.
1834 3994 1982 4048 Nam
2016 3995 2354 4064 pronomina
2389 3995 2775 4048 demonstrant
2808 4009 2978 4047 unam
3013 4009 3163 4057 rem,
3202 3991 3272 4044 de

679 4093 794 4144 qua
828 4094 1010 4132 sermo
1047 4079 1155 4143 est,
1193 4093 1437 4147 quaeum
1473 4079 1532 4132 et
1566 4093 1774 4148 genere
1812 4080 1871 4132 et
1904 4095 2138 4132 numero
2175 4081 2516 4148 congruunt3
2565 4077 2696 4131 illae
2734 4095 2869 4131 vero
2907 4079 2967 4131 et
3001 4093 3127 4130 eam
3149 4118 3162 4142 ‚
3201 4076 3272 4128 de

680 4177 794 4229 qua
829 4161 1043 4232 agitur,
1083 4165 1144 4217 et
1177 4179 1328 4229 eam,
1367 4179 1513 4231 quae
1551 4163 1871 4232 respicitur3
1910 4163 1981 4216 ab
2018 4163 2123 4217 hae
2158 4165 2218 4217 et
2251 4178 2460 4232 genere
2497 4164 2557 4216 et
2589 4157 2832 4216 numero‘
2862 4161 3116 4217 diversae
3154 4177 3273 4215 esse

679 4249 928 4314 possunt.

682 4438 1087 4449 ——b—.-ffl

816 4568 1005 4627 Drscn.
1048 4591 1251 4631 scnxr‘r.
1322 4579 1372 4626 4.
1398 4589 1612 4640 μυριων
1639 4574 1711 4636 Α,
1747 4571 1900 4625 idem
1926 4570 2247 4627 coniecerat
2269 4569 2655 4640 RSkrzeezka‚
2697 4574 2911 4640 μορίων
2948 4574 2981 4627 b
3027 4574 3036 4640 Ι
3069 4577 3118 4629 7.
3146 4572 3277 4640 post

685 4672 797 4711 εςτι
834 4672 973 4710 eras.
1009 4675 1042 4709 ν
1080 4659 1121 4711 Α
1172 4659 1182 4724 Ι
1232 4662 1448 4710 12-13.
1487 4660 1801 4724 καθιςτηκει
1839 4659 1935 4717 Αῑ,
1972 4673 1989 4710 ι
2022 4655 2080 4709 in
2119 4674 2165 4710 ει
2201 4660 2338 4714 mut.
2378 4659 2458 4712 Aa:
2509 4664 2519 4725 Ι
2578 4664 2654 4711 15.
2678 4658 2799 4712 υἱός
2825 4657 3065 4725 GUhlig,
3096 4657 3276 4711 ἵππος

684 4740 776 4795 Ab
808 4742 819 4808 Ι
849 4746 933 4797 21.
959 4742 1105 4809 ἅπερ
1130 4740 1512 4807 RSkrzeczka‚
1549 4743 1693 4809 ὅπερ
1719 4741 1840 4806 Ab,
1881 4740 2160 4796 ‘Fortasse
2185 4744 2345 4809 εἴπερ
2371 4746 2462 4796 καὶ
2488 4746 2792 4807 ςύγκειται’
2816 4742 2854 4794 b
2875 4743 2936 4795 in
2962 4758 3078 4796 var.
3101 4741 3233 4795 leet.
3263 4741 3270 4808 Ι

682 4831 767 4879 23,
803 4841 868 4879 τε
907 4828 997 4879 καὶ
1034 4824 1100 4891 b,
1134 4842 1199 4880 τε
1236 4827 1281 4880 Α
1345 4829 1354 4893 Ι
1417 4831 1500 4879 24.
1534 4828 1606 4880 τὰ
1645 4826 1797 4879 delet
1831 4823 2058 4895 GUhlig
