3738 5530
671 915 702 962 5

643 1422 704 1467 10

644 1926 706 1975 15

640 2434 707 2483 20

642 2940 709 2988 25

740 320 820 380 12
1677 325 1859 374 ΠΕΡΙ
1898 323 2402 375 ΑΝΤῼΝΤΜῙΑΣ.

1606 415 1935 467 p.13(273)A
1961 415 2010 454 ιο
2036 434 2086 445 -
2115 414 2164 455 ιδ
2191 416 2301 465 (275)
2329 416 2362 457 o
2388 416 2414 456 e
2441 416 2471 454 b

734 491 1091 571 πρόςωπον
1147 491 1581 556 ἀνακόλουθοι
1636 497 1773 557 τοῖς
1828 491 1953 575 [τε]
2010 492 2294 569 ἀριθμοῖς
2362 491 2490 574 [καὶ
2553 496 2688 556 ταῖς
2749 494 3088 578 πτῶςεςίν]
3147 496 3328 561 εἰςιν·
3369 509 3420 562 Β

740 594 890 672 ἐμός
934 594 1057 673 γὰρ
1102 596 1205 659 καὶ
1249 594 1586 675 νωίτερος,
1633 596 1954 674 ἡμέτερος.
2030 595 2186 658 ποία
2228 595 2353 674 γὰρ
2397 594 2746 659 ἀκολουθία
2785 601 2903 661 τοῦ
2946 597 3130 663 ἐντὸς
3171 618 3329 676 προ-

742 697 965 760 ςώπου
1011 696 1082 760 ἐν
1126 702 1219 778 τῶ
1265 696 1572 775 νωίτερος
1618 698 1721 761 καὶ
1764 697 2099 776 ἡμέτερος;
2161 773 2172 782 ·
3657 674 3676 741 ἷ

904 795 1121 861 Αἴτιον
1177 798 1748 879 παραλαμβάνουςι
1804 801 1916 875 τῆς
1974 796 2249 862 ἀκλιςίας
2305 799 2382 863 τὸ
2438 801 2645 863 πᾶςαν
2701 800 2890 883 λέξιν,
2950 804 3083 866 τῶν
3136 808 3331 880 τριῶν
3661 830 3674 879 ι

741 898 939 964 οὖςαν
972 902 1183 975 γενῶν
1215 900 1708 978 παραςτατικήν,
1756 899 2016 965 ἄκλιτον
2048 899 2483 979 φυλάςςεςθαι,
2530 903 2631 965 καὶ
2661 906 2859 966 τοῦτο
2890 903 3331 981 τεκμαίρονται
3673 894 3674 897 “

739 1002 805 1064 ἐκ
849 1006 981 1065 τῶν
1027 1000 1328 1079 ἀριθμῶν.
1414 1001 1581 1065 «ἐπεὶ
1624 1002 1746 1080 γὰρ
1790 1004 1866 1066 τὸ
1911 1002 2203 1080 τέςςαρες
2249 998 2563 1081 καὶ.τρεῑς
2611 1003 2690 1066 οὐ
2735 1008 2843 1085 μιᾷ
2887 1010 3078 1088 φωνῇ
3110 1010 3331 1084 χρῆται

740 1103 900 1167 κατὰ
953 1104 1173 1184 <τῶν>
1229 1108 1426 1181 τριῶν
1480 1108 1692 1179 γενῶν
1740 1101 2035 1185 (τέςςαρα
2076 1105 2201 1182 γὰρ
2244 1105 2343 1167 καὶ
2387 1105 2585 1182 τρία),
2643 1105 2747 1168 διὰ
2790 1110 2984 1169 τοῦτο
3033 1107 3327 1182 κλίνεται,
3367 1118 3411 1172 C

737 1204 1058 1283 τεςςάρων
1104 1206 1207 1269 καὶ
1249 1205 1558 1284 τέςςαρςι·
1602 1206 1676 1269 τὸ
1721 1206 1937 1283 μέντοι
1972 1206 2164 1269 πέντε
2209 1206 2311 1270 καὶ
2353 1206 2432 1270 τὰ
2474 1209 2770 1282 τοιαῦτα,
2815 1209 3128 1284 μοναδικὰ
3172 1207 3332 1274 ὄντα

738 1308 899 1370 κατὰ
942 1311 1075 1371 τῶν
1119 1311 1315 1384 τριῶν
1359 1314 1603 1382 γενῶν,
1650 1306 1887 1370 ἄκλιτα.
1963 1308 2064 1370 καὶ
2104 1308 2208 1371 διὰ
2237 1312 2431 1371 τοῦτο
2462 1307 2538 1371 τὸ
2571 1310 2754 1372 δυοῖν
2785 1310 2994 1373 κλιθὲν
3026 1310 3330 1389 ήλογήθη,

739 1410 857 1472 τοῦ
903 1408 1022 1472 δύο
1068 1411 1416 1486 μοναδικοῦ
1447 1413 1860 1472 καθεςτῶτος.
1923 1407 2026 1490 (τὸ
2056 1410 2180 1487 γὰρ
2213 1409 2513 1488 ςῶφρονε
2545 1411 2645 1474 καὶ
2673 1410 2749 1474 τὸ
2774 1411 3089 1489 φιλιάτρω
3120 1414 3331 1476 κλιθὲν
3673 1376 3688 1481 l

741 1509 859 1573 οὐκ
904 1509 1260 1574 ἀντέκειτο·
1306 1511 1345 1588 ἡ
1386 1512 1512 1589 γὰρ
1557 1509 1809 1574 τούτων
1854 1509 2028 1589 ἑνικὴ
2074 1510 2325 1590 ἐκφορὰ
2367 1511 2471 1575 καὶ
2514 1514 2900 1590 πληθυντικὴ
2949 1512 3027 1576 οὐ
3071 1514 3150 1577 τὰ
3193 1513 3333 1592 τρία

737 1611 892 1690 γένη
939 1610 1224 1694 ἐδήλου.)
1313 1609 1465 1676 ὅθεν
1509 1612 1611 1675 καὶ
1655 1612 1768 1675 τὰς
1827 1611 2230 1690 ἀντωνυμίας
2284 1612 2360 1675 τὸ
2417 1611 2576 1677 αὐτὸ
2624 1612 3056 1691 ἀναδέχεςθαι.
3158 1614 3331 1680 ὅπου

737 1712 861 1790 γάρ
917 1711 1025 1777 εἰςι
1082 1714 1445 1795 μοναδικαί,
1505 1714 1643 1777 ἐκεῖ
1685 1714 1789 1777 καὶ
1831 1711 2118 1796 &uhu-012
2159 1713 2330 1779 ὅπου
2387 1715 2458 1777 δὲ
2512 1714 2587 1777 τὸ
2643 1715 2833 1790 γένος
2888 1717 3333 1790 διαςτέλλεται,
3379 1731 3443 1779 14
3473 1725 3524 1777 A

740 1814 871 1877 ἐκεῖ
900 1814 999 1877 καὶ
1028 1814 1066 1892 ἡ
1098 1816 1340 1880 κλίςις.»
1376 1850 1449 1862 -
1497 1815 1972 1895 Ὑπολαμβάνω
2004 1815 2062 1880 δ’
2090 1815 2377 1889 εὐλόγως
2407 1816 2518 1879 τὰς
2550 1815 2819 1880 πτώςεις
2849 1823 2982 1881 τῶν
3014 1819 3331 1884 τοιούτων

744 1919 1117 1993 ςεςιγῆςθαι,
1185 1918 1717 1995 ςυνεξηταςμένας
1782 1923 1858 1999 τῇ
1924 1921 2042 1980 τοῦ
2097 1917 2331 1993 γένους
2387 1918 2695 1995 ςυγχύςει.
2796 1918 3008 2003 τούτῳ
3062 1921 3185 1997 γὰρ
3240 1927 3333 2003 τῷ

741 2019 916 2098 λόγῳ
973 2018 1052 2081 τὰ
1104 2021 1238 2082 τῶν
1294 2025 1486 2096 τριῶν
1542 2021 1755 2094 γενῶν
1809 2020 2156 2097 διακριτικὰ
2214 2017 2550 2083 ἀκώλυτον
2607 2018 2736 2097 ἔχει
2783 2020 2881 2084 καὶ
2924 2022 3040 2100 τὴν
3085 2020 3172 2085 εἰς
3218 2024 3333 2087 τὰς

740 2120 1007 2184 πτώςεις
1050 2120 1401 2200 μετάβαςιν.

911 2220 1002 2284 Τὸ
1059 2221 1299 2297 λέγειν,
1363 2222 1452 2285 ὡς
1508 2228 1585 2305 τῇ
1631 2223 1744 2300 μὲν
1801 2222 1952 2299 ἐμέο
2008 2220 2365 2285 ἀκόλουθος
2418 2222 2456 2299 ἡ
2515 2221 2763 2299 ἡμέων,
2832 2229 2909 2306 τῇ
2968 2226 3037 2288 δὲ
3096 2224 3250 2303 ἐμοῦ
3293 2226 3332 2303 ἡ

742 2321 954 2399 ἡμῶν.
1003 2323 1161 2386 καθὸ
1208 2324 1271 2387 αἱ
1316 2323 1554 2399 γενικαὶ
1598 2324 2012 2399 πληθυντικαὶ
2043 2323 2517 2403 ἰςοςυλλαβοῦςι
2559 2326 2696 2387 ταῖς
2727 2323 2987 2401 ἑνικαῑς,
3034 2327 3334 2404 ληρῶδες.

743 2423 891 2488 οὔτε
936 2424 1096 2502 γάρ,
1154 2423 1207 2488 εἰ
1260 2423 1341 2504 ἦν
1386 2423 1776 2497 ἀκόλουθος,
1834 2426 1912 2488 τὸ
1941 2426 2040 2488 ’ἓν
2086 2425 2165 2487 τὰ
2208 2426 2478 2489 πλείονα
2523 2424 2922 2509 ἐκανόνιζεν,
2969 2425 3120 2491 οὔτε
3165 2427 3331 2493 έςτιν
3369 2429 3414 2482 Β

743 2524 1132 2589 ἀκόλουθος·
1195 2526 1273 2589 τὰ
1327 2526 1451 2603 γὰρ
1509 2526 1766 2590 ἐναντία
1819 2526 2003 2590 ἐςτίν.
2109 2527 2147 2605 ἡ
2194 2527 2308 2603 μὲν
2360 2510 2484 2604 γὰρ
2529 2527 2895 2608 δαςύνεται,
2950 2528 3082 2593 ἀπὸ
3127 2532 3245 2594 τοῦ
3288 2534 3338 2607 ἦ

743 2626 1098 2706 ἀρχομένη,
1146 2629 1184 2706 ἡ
1245 2628 1315 2691 δὲ
1372 2630 1709 2710 ψιλοῦται,
1769 2626 1900 2691 ἀπὸ
1956 2632 2073 2691 τοῦ
2118 2631 2183 2693 ἓ.
2292 2628 2392 2708 <τί
2448 2628 2506 2693 δ’
2563 2628 2687 2710 ἂν>
2742 2629 3009 2707 φήςαιεν
3067 2630 3169 2693 ἐπὶ
3223 2635 3338 2708 τῆς

743 2728 851 2792 ςέο
895 2729 999 2793 καὶ
1042 2726 1290 2811 ὑμέων,
1339 2728 1635 2808 οὐδεμιᾶς
1681 2728 1770 2794 ἔτι
1819 2727 2117 2809 ἀφορμῆς
2164 2728 2381 2808 οὔςης;
2433 2768 2508 2777 -
2558 2728 2692 2808 Οὐχ
2737 2730 2910 2806 ὑγιὲς
2955 2732 3026 2796 δὲ
3059 2729 3332 2797 κάκεῖνο.

745 2830 914 2895 «ἐπεὶ
956 2831 1141 2910 γάρ»,
1189 2851 1413 2914 φαςιν,
1470 2831 1634 2895 «ἀπὸ
1679 2834 1796 2895 τοῦ
1840 2836 1892 2895 ἶ
1939 2829 2245 2910 ἄρχονται
2290 2835 2481 2895 πᾶςαι
2526 2831 2631 2896 ἐπὶ
2673 2835 2789 2896 τοῦ
2835 2833 3133 2915 πρώτου,
3186 2832 3334 2898 ἀκο-

746 2933 1005 2998 λουθίας
1060 2932 1394 3016 ἐχόμεναι,
1461 2934 1498 3011 ἡ
1557 2933 1740 3014 φύςις
1797 2934 1868 2998 ἐν
1925 2935 2063 2997 τοῖς
2109 2932 2352 2996 τέλεςιν
2406 2932 2724 2997 οὐδέποτε
2767 2937 2942 2997 ποιεῖ
2984 2934 3333 3013 ςύγχυςιν».

744 3036 816 3100 Τί
861 3036 932 3099 δὲ
990 3034 1136 3112 οὐχὶ
1193 3035 1387 3100 πάλιν
1431 3038 1511 3100 τὰ
1556 3037 1741 3100 δυῑκὰ
1785 3035 1887 3098 καὶ
1930 3034 2009 3097 τὰ
2053 3033 2442 3111 πληθυντικὰ
2487 3034 2619 3098 ἀπὸ
2675 3037 2793 3098 τοῦ
2825 3039 2874 3099 ἐ
2918 3033 3206 3115 ἄρχεταις
3259 3074 3333 3082 -

745 3139 972 3214 Δῆλον
1020 3135 1139 3200 οὖν
1188 3135 1277 3200 ὡς
1322 3136 1528 3216 μόνον
1574 3137 1763 3202 ἕνεκα
1807 3136 2276 3216 ςημαινομένου
2320 3135 2574 3213 γενικήν
2622 3155 2834 3215 φαμεν
2878 3138 2994 3216 τὴν
3036 3136 3195 3217 ἐμοῦ
3226 3142 3336 3216 τῆς
3376 3139 3419 3195 C

881 3308 1093 3361 Anevu.
1139 3311 1171 3357 4
1197 3303 1435 3359 Causam
1461 3321 1560 3358 our
1583 3305 1837 3373 singulae
1863 3303 2214 3374 singulorum
2237 3303 2615 3372 personalium
2642 3319 2913 3373 personae
2938 3304 3156 3358 numeri
3181 3321 3340 3359 casus

745 3406 780 3443 a
817 3388 1053 3443 diversis
1086 3387 1370 3444 radicibus
1405 3390 1754 3454 deriventur,
1794 3389 1938 3443 hano
1975 3405 2094 3443 esse
2132 3390 2414 3454 statuunt,
2453 3388 2631 3457 quod,
2668 3404 3037 3457 quaecunque
3064 3389 3342 3442 vocabula.

747 3491 859 3528 una
893 3472 1291 3528 terminatione
1327 3474 1438 3527 tria
1473 3491 1685 3542 genera
1719 3474 1997 3540 indicent,
2039 3492 2143 3545 per
2178 3490 2337 3528 casus
2373 3489 2745 3542 numerosque
2781 3490 2894 3528 non
2930 3472 3246 3529 flectantur.
3274 3504 3339 3511 —-·

751 3566 811 3614 18
840 3558 1133 3612 Falluntur
1157 3557 1254 3627 qui
1278 3558 1745 3626 aequabilitatem
1782 3559 2031 3628 aliquam
2066 3561 2125 3613 in
2162 3557 2553 3628 personalibus
2588 3557 2866 3612 invenisse
2904 3557 3011 3612 sibi
3049 3557 3339 3625 videntum

744 3661 877 3697 nam
913 3643 1031 3696 sola
1066 3643 1294 3697 notione
1330 3659 1626 3697 movemur
1662 3645 1729 3697 ut
1761 3646 1901 3711 ἐμοῦ
1940 3645 2253 3714 genitivum
2292 3659 2413 3697 esse
2450 3641 2702 3696 dicamus
2736 3643 2850 3707 ἐγώ
2887 3642 3247 3711 pronominis.

882 3797 1068 3850 D1scn.
1131 3813 1323 3850 sempr.
1429 3805 1473 3851 1.
1530 3814 1594 3851 τε
1650 3798 1709 3851 et
1762 3799 1852 3851 καί
1909 3803 2031 3852 ταῖς
2093 3799 2369 3853 πτώςεςιν
2426 3794 2560 3849 eicit
2611 3792 2995 3861 RSchneider,
3052 3796 3164 3864 [καί
3217 3803 3341 3852 ταῖς

749 3884 1044 3951 πτώςεςιν]
1102 3881 1316 3935 inserta
1368 3898 1519 3948 esse,
1574 3882 1876 3951 postquam
1930 3899 1995 3946 γε
2049 3881 2106 3933 in
2159 3898 2223 3936 τε
2283 3880 2609 3947 corruptum
2663 3879 2764 3943 sit,
2818 3879 3015 3932 censet
3058 3878 3281 3949 GUhlig
3330 3885 3337 3948 Ι

746 3976 819 4021 2-
848 3975 897 4021 3.
935 3968 1241 4033 προςῶπου
1276 3967 1344 4030 b,
1389 3984 1696 4034 πρόςωπον
1734 3969 1776 4019 Α
1807 3967 1816 4033 Ι
1848 3971 1896 4020 5.
1933 3981 2313 4033 τεκμηρονται
2348 3969 2416 4031 Α,
2476 3967 2906 4030 τεκμηριοῠνται
2948 3963 2980 4016 b
3027 3963 3209 4028 ‘Quod
3245 3981 3342 4033 po·

746 4053 986 4117 suimus,
1024 4052 1195 4105 etiam
1232 4049 1381 4105 infra
1414 4052 1473 4105 in
1509 4052 1629 4105 eod.
1668 4050 1880 4119 legitur
1913 4068 1968 4119 p.
2012 4057 2101 4103 111
2143 4051 2183 4104 Β
2211 4056 2295 4104 10’
2334 4047 2408 4106 id.
2446 4048 2503 4101 in
2539 4064 2657 4105 var.
2684 4046 2814 4100 leet.
2872 4069 2878 4113 ;
2935 4054 2979 4106 7,
3007 4053 3130 4102 τῶν
3163 4054 3341 4116 τριῶν

747 4135 813 4202 b,
858 4153 1034 4204 τριων
1083 4138 1125 4190 Α
1192 4141 1201 4199 Ι
1266 4137 1499 4204 τέςςαρα
1544 4136 1606 4202 b,
1661 4150 1891 4202 τεςςερα
1940 4136 1983 4188 Α
2050 4145 2057 4195 1
2133 4141 2182 4187 9.
2221 4137 2478 4202 ηλογηθῆ
2527 4133 2596 4197 Α,
2642 4131 2866 4200 punctis
2911 4131 3196 4186 indicatur
3240 4131 3342 4185 du-

747 4220 916 4274 bitari
953 4220 1022 4274 de
1059 4218 1338 4288 scriptura
1388 4227 1398 4285 1
1464 4226 1540 4274 10.
1576 4222 1836 4287 φιλατρω
1874 4222 2064 4273 κλιθεν
2103 4221 2173 4285 Α,
2211 4219 2470 4285 φιλάτρω
2503 4217 2539 4270 b
2593 4218 2603 4284 Ι
2671 4222 2748 4270 13.
2785 4233 2916 4270 ειςιν
2942 4219 2983 4271 Α
3039 4217 3049 4284 Ι
3105 4222 3182 4269 15.
3209 4232 3340 4270 ςεςι-

747 4310 945 4373 γῆςθαι
981 4305 1046 4370 b,
1086 4308 1409 4373 ςεςηγηςθαι
1446 4305 1489 4357 Α
1557 4307 1564 4370 Ι
1634 4310 1710 4360 18.
1750 4304 1883 4369 ἐμέο
1919 4305 1985 4371 b,
2024 4320 2120 4370 εμε
2156 4304 2216 4356 in
2251 4303 2391 4368 fine,
2428 4319 2460 4355 o
2495 4302 2553 4355 in
2589 4300 2750 4358 initio
2788 4317 2979 4354 versus
3017 4301 3090 4366 Α,
3128 4316 3238 4353 non
3277 4305 3343 4354 ut

747 4390 784 4443 b
820 4391 879 4443 in
915 4406 1029 4443 var.
1068 4390 1194 4443 leot.
1234 4389 1489 4442 enotavit
1523 4389 1622 4455 ἐμὲ
1660 4390 1691 4441 ό
1738 4391 1747 4455 Ι
1799 4394 1876 4442 19.
1915 4389 2046 4443 aute
2084 4390 2223 4441 καθὸ
2258 4385 2428 4440 inseri
2464 4386 2621 4439 iubet
2654 4385 3006 4453 JGuttentag
3040 4385 3175 4452 <καί
3200 4386 3341 4438 κατὰ

749 4475 861 4539 (vel
901 4475 1010 4542 διὰ)
1053 4479 1230 4528 τοῦτο
1266 4474 1322 4527 αἱ
1359 4475 1725 4539 πρωτότυποι
1769 4474 2140 4543 ἀκόλουθοι),
2197 4473 2296 4525 aut
2338 4471 2522 4535 (κατὰ
2567 4475 2740 4525 τοῦτο
2789 4473 2888 4524 τὰς
2926 4469 3338 4535 πρωτοτύπους

748 4561 1093 4614 ἀκολούθους
1141 4559 1330 4627 εἶναι>
1390 4561 1398 4623 Ι
1462 4561 1905 4623 ιςοςυλλαβουςιν
1945 4558 1987 4612 Α
2054 4559 2063 4623 Ι
2128 4562 2209 4612 22.
2263 4555 2319 4609 τί
2371 4555 2493 4607 δ’ἂν
2547 4555 2786 4620 φήςαιεν
2831 4553 2906 4617 b,
2959 4569 3195 4621 φηςαιεν
3244 4555 3287 4607 Α
3331 4553 3337 4621 Ι

750 4650 831 4701 23.
867 4644 925 4696 in
961 4661 1153 4710 υμεων
1190 4660 1223 4696 υ
1259 4660 1326 4696 ex
1363 4661 1398 4710 η
1436 4643 1641 4696 factum
1675 4643 1731 4695 in
1771 4643 1812 4695 Α
1862 4645 1872 4708 Ι
1919 4647 2003 4695 25.
2039 4643 2199 4707 φύςις
2233 4639 2290 4691 in
2328 4639 2495 4693 κλίςις
2530 4638 2714 4692 mutat
2737 4636 2961 4706 GUhlig
3008 4641 3016 4703 Ι
3065 4653 3165 4704 pro
3193 4643 3340 4692 ποιεῖ

750 4730 1011 4793 ςύγχυςιν
1053 4726 1411 4781 scribendum
1449 4742 1567 4782 esee
1606 4731 1769 4782 ποθεῖ
1806 4727 2066 4792 ςυζυγίαν
2109 4722 2315 4778 conicit
2355 4721 2750 4788 RSchneiderl
2789 4728 2872 4776 27.
2909 4723 3338 4792 ςημαινομένου]

753 4812 846 4871 fol.
889 4819 984 4866 149
1004 4830 1047 4870 r.
