3738 5530
1313 351 1411 400 De
1452 350 1786 401 AccssN‘rv
1822 350 2331 405 PRONOMINVM.
3033 348 3119 414 39

526 554 864 631 ἐμαυτοῦ
910 553 1152 638 οἰκίᾳ,
1199 555 1237 638 ᾖ
1283 554 1357 620 τὸ
1404 553 1518 632 μὲν
1564 551 1915 617 διαςτέλλει
1958 553 2033 616 τὸ
2080 552 2172 616 οὐ
2217 557 2306 636 τῇ
2351 552 2671 630 τούτου,
2717 552 2795 618 τὸ
2839 553 2910 616 δὲ
2955 552 3115 617 ἀπό-

526 659 736 721 λυτον.
826 657 930 721 καὶ
972 656 1131 720 καθὸ
1178 654 1501 720 ἀδύνατον
1547 654 1896 730 ἐγκλιτικὸν
1955 657 2359 735 ςυντεθῆναι,
2414 654 2515 718 διὸ
2559 655 2663 718 καὶ
2705 654 2882 734 παρὰ
2926 656 3115 720 Ἀττι-

523 759 659 822 κοῖς
713 758 790 822 τὸ
845 758 1114 822 πώποτε
1171 757 1554 836 ἐςημειοῦτο.
1666 754 1858 832 ὑγιῶς
1915 756 2038 820 οὖν
2095 756 2197 819 καὶ
2251 756 2372 820 ἀπ’
2438 755 3020 835 ὀρθοτονουμένων
3073 758 3113 835 ἡ

444 871 486 926 C
525 857 806 924 ςύνθεςις
851 860 950 924 καὶ
992 860 1209 938 μόνως
1255 857 1783 936 ὀρθοτονοῦνται.

691 960 994 1042 [Ὁμοίως
1040 961 1141 1026 καὶ
1183 960 1247 1024 αἱ
1291 966 1382 1044 τῷ
1426 965 1460 1026 ἒ
1503 959 1932 1025 πλεονάςαςαι
1963 958 2178 1039 μόνως
2208 957 2747 1041 ὀρθοτονοῡνται,
2793 958 2914 1025 οὐκ
2941 959 3107 1046 ἄλλῃ
3148 967 3180 1014 5

460 1114 463 1117 .
521 1059 687 1145 αἰτίᾳ
731 1062 770 1140 ἢ
815 1068 889 1145 τῇ
936 1061 1409 1146 προειρημένῃ]

690 1163 789 1245 [Αἱ
846 1166 1052 1228 δυῖκαὶ
1113 1165 1379 1243 πρώτου
1446 1163 1550 1227 καὶ
1614 1162 1922 1241 δευτέρου
1966 1163 2322 1241 προςώπου
2383 1162 2579 1243 ὀρθῆς
2636 1164 2939 1230 πτώςεως
2995 1166 3114 1230 οὐκ

520 1264 948 1348 ἑγκλίνονται,
1015 1270 1207 1349 φωνῇ
1264 1286 1331 1330 τε
1388 1266 1490 1330 καὶ
1547 1264 1945 1346 δηλουμένῳ.
2057 1264 2435 1348 δηλουμένῳ
2489 1264 2636 1347 μέν,
2693 1264 2788 1329 ὅτι
2848 1265 3114 1345 οὐδεμία

522 1365 767 1432 εὐθείας
810 1365 1181 1445 ἀντωνυμία
1225 1367 1600 1444 ἐγκλίνεται·
1659 1373 1849 1449 φωνῇ
1897 1365 1999 1442 δέ,
2059 1365 2156 1430 ὅτι
2203 1369 2370 1430 πᾶςα
2414 1365 2781 1447 ἀντωνυμία
2823 1368 3107 1444 ἐγκλινο-

335 1482 479 1539 ⁴9A
520 1468 676 1546 μένη
741 1467 1050 1534 ὀξύτονός
1094 1469 1259 1534 ἐςτιν
1316 1469 1355 1547 ἢ
1414 1468 1876 1547 περιςπωμὲνη.
1976 1466 2500 1547 (υνεμπεπτώκει
2566 1469 2637 1532 δὲ
2699 1473 2774 1550 τῇ
2843 1468 3004 1551 ὀρθῇ
3067 1470 3106 1548 ἡ
3151 1481 3209 1528 ιο

516 1568 839 1649 αἰτιατική.
930 1571 970 1634 Γ
971 1571 1144 1648 ενικὴ
1191 1571 1262 1635 δὲ
1308 1571 1409 1635 καὶ
1451 1572 1663 1649 δοτικὴ
1711 1570 1830 1633 οὐκ
1875 1568 2273 1645 ἐγκλίνονται
2318 1573 2544 1650 φωνῆς
2588 1570 2855 1654 ἕνεκεν]

686 1772 923 1837 Μόνως
981 1772 1381 1848 ἑγκλίνονται
1433 1771 1498 1837 αἱ
1551 1775 1668 1837 τοῦ
1713 1772 1929 1852 τρίτου
1967 1770 2208 1850 δυϊκαί,
2265 1772 2367 1837 καὶ
2411 1772 2449 1850 ἡ
2493 1773 2629 1856 μίν,
2686 1772 2753 1837 αἵ
2795 1793 2865 1837 τε
2908 1793 3105 1853 μονο-

514 1872 814 1954 ςύλλαβοι
858 1874 1006 1956 ςφίν
1051 1875 1153 1939 καὶ
1197 1874 1346 1954 ςφέ,
1392 1874 1432 1951 ἥ
1476 1893 1544 1938 τε
1589 1875 1694 1939 διὰ
1737 1877 1855 1939 τοῦ
1900 1877 1936 1939 ’ἶ
1980 1872 2097 1939 τοί.

677 2075 751 2140 Αἱ
794 2074 1298 2156 ὑπολειπόμεναι
1342 2078 1444 2144 καὶ
1488 2076 1994 2157 ὀρθοτονοῡνται
2041 2079 2142 2143 καὶ
2185 2077 2603 2154 ἐγκλίνονται.
2691 2078 2766 2143 Αἱ
2822 2079 2937 2156 μὲν
2984 2078 3105 2145 οὖν

510 2175 710 2254 ὀρθὸν
770 2177 970 2245 τόνον
1026 2178 1333 2259 εἰληχυῖαι
1387 2181 1463 2244 τὸ
1523 2180 1726 2245 πλέον
1793 2180 1982 2245 ἕνεκα
2039 2175 2505 2260 ςημαινομένου
2573 2180 3105 2259 ὀρθοτονοῦνται,
3149 2204 3208 2250 15

508 2278 647 2343 ἔςθ’
691 2279 800 2345 ὅτε
847 2282 918 2346 δὲ
961 2281 1000 2359 ἢ
1047 2280 1331 2346 ςύνταξις
1376 2282 1413 2360 ἢ
1459 2281 1660 2346 τόπος
1705 2282 1743 2361 ἢ
1803 2281 2094 2361 ποιητικὴ
2141 2279 2322 2346 ἄδεια
2367 2280 2790 2360 ὀρθοτονοῡςι
2833 2282 2947 2346 τὰς
2992 2283 3098 2346 ἀν-

418 2397 469 2450 Β
510 2382 857 2460 τωνυμίας’
901 2382 1002 2446 καὶ
1045 2382 1146 2447 ἐπὶ
1190 2384 1305 2462 μὲν
1342 2382 1702 2449 ’ςυντάξεως

898 2483 937 2563 ἦ
982 2482 1061 2547 νύ
1107 2483 1173 2548 ςέ
1216 2504 1348 2548 που
1392 2483 1541 2549 δέος
1586 2483 1742 2563 ἴςχει
1785 2484 1859 2566 (Ε
1905 2483 2090 2567 812)-

504 2585 582 2649 τὸ
627 2584 748 2664 γὰρ
795 2588 923 2649 ποῦ
970 2584 1325 2662 ἐγκλιτικὸν
1370 2584 1576 2652 αἴτιον
1620 2589 1739 2651 τοῦ
1784 2586 1903 2664 τὴν
1949 2586 2013 2651 ςέ
2059 2584 2407 2652 ὀξύνεςθαι.
2497 2585 2601 2650 ἐπὶ
2644 2587 2716 2650 δὲ
2760 2585 2967 2652 τόπου

1417 2687 1528 2767 ἐμὲ
1573 2688 1629 2752 δ’
1675 2687 1848 2762 ἔγνω
1893 2686 1994 2751 καὶ
2038 2686 2419 2765 προςὲειπεν
2464 2687 2530 2770 (λ
2561 2686 2705 2772 91)·
3138 2709 3205 2759 20

503 2788 843 2855 ἀπολύτου
891 2790 1014 2869 γὰρ
1061 2790 1251 2870 οὔςης
1296 2794 1408 2869 τῆς
1452 2789 1778 2873 ςημαςίας,
1821 2791 1980 2854 καθὸ
2023 2789 2126 2854 καὶ

914 2891 1084 2968 ἔγνω
1128 2893 1199 2956 δὲ
1245 2893 1422 2972 ψυχή
1466 2911 1542 2970 με
1586 2892 1923 2957 ποδώκεος
1968 2889 2267 2956 Αἰακίδαο
2314 2888 2381 2975 (λ
2424 2889 2600 2974 471),

502 2991 683 3072 ὅμως
728 2995 835 3058 διὰ
877 2993 952 3059 τὸ
998 2991 1202 3072 ἄρχον
1244 2994 1284 3071 ἡ
1332 2991 1700 3074 ἀντωνυμία
1744 2993 2194 3074 ὠρθοτονήθη,
2243 2992 2375 3068 εἴτε
2420 2992 2743 3060 ἀδύνατόν
2788 2993 2952 3059 ἐςτιν
2998 2995 3099 3071 ἐγ-

417 3115 465 3170 c
503 3094 888 3175 κλινόμενόν
945 3115 1004 3159 τι
1057 3095 1355 3173 ἀρκτικὸν
1411 3094 1651 3158 θέςθαι·
1708 3099 1849 3161 πῶς
1903 3096 2027 3174 γὰρ
2085 3096 2176 3160 ἔτι
2232 3094 2685 3171 ἑγκλινόμενον
2742 3096 2817 3159 τὸ
2864 3097 2945 3176 μὴ
2993 3100 3099 3161 δυ-

506 3195 793 3274 νάμενον
858 3197 974 3262 τὸν
1038 3195 1207 3263 ἴδιον
1265 3196 1461 3262 τόνον
1519 3195 1622 3261 ἐπί
1675 3217 1733 3261 τι
1800 3195 2225 3276 προκείμενον
2290 3198 2688 3277 μεταθέςθαις
2756 3196 2923 3263 ἀλλὰ
2975 3198 3100 3278 μὴν
3136 3220 3203 3269 25

503 3317 611 3361 και
652 3298 729 3362 τὸ
915 3398 1033 3464 οὐκ
1078 3398 1369 3464 ἑάςουςιν
1413 3399 1555 3477 ἐμοὶ
1597 3398 1860 3480 δόμεναι
1906 3399 1987 3481 (φ
2031 3397 2184 3482 233)

639 3653 857 3709 Aaou.
940 3657 966 3704 1
1017 3650 1342 3720 Composita
1386 3648 1695 3720 (reflexiva)
1741 3651 1836 3705 vel
1880 3651 2008 3706 ideo
2059 3654 2212 3706 recto
2256 3651 2451 3706 tenore
2489 3653 2750 3717 utuntur,
2799 3653 2950 3720 quod
2989 3653 3097 3706 dis-

496 3735 721 3790 cretiva
753 3736 899 3791 sunt.
937 3766 1003 3775 —
1041 3741 1103 3789 12
1139 3736 1374 3805 Semper
1406 3734 1748 3790 inclinantur
1783 3736 1980 3791 duales
2013 3735 2217 3791 tertiae
2252 3751 2555 3805 personae3
2603 3737 2663 3791 et
2697 3737 2826 3804 ςφίν
2863 3739 2968 3802 ςφέ
3007 3738 3096 3802 μίν

494 3821 613 3875 τοί.
662 3850 723 3859 -
776 3826 837 3874 14
881 3819 1114 3875 Ceterae
1159 3821 1328 3875 modo
1372 3819 1738 3886 inclinantur,
1797 3821 1965 3874 modo
2011 3822 2226 3875 rectum
2278 3823 2475 3874 tonum
2522 3823 2764 3875 servant.
2855 3821 3094 3875 Rectum

492 3903 718 3958 habent
752 3907 852 3959 aut
885 3904 1036 3973 quod
1072 3904 1394 3959 encliticam
1431 3922 1592 3958 suum
1629 3906 1687 3958 in
1724 3921 1792 3958 ea
1827 3905 1990 3960 reicit
2023 3906 2344 3970 accentum3
2381 3907 2479 3960 aut
2514 3906 2666 3973 quod
2701 3906 2884 3974 primo
2921 3923 3093 3959 enun-

493 3988 631 4044 tiati
667 3988 791 4044 loco
826 3992 1134 4059 ponuntur;
1174 3992 1276 4044 ant
1308 3992 1601 4059 po‘e'tarnm
1639 3990 1899 4058 licentia3
1937 3992 2038 4045 ant
2065 3989 2227 4059 ‘quod
2260 3989 2561 4045 discretiva
2595 3991 2739 4048 sunt.

498 4149 709 4156 ——-—
736 4149 783 4155 —
798 4148 906 4155 ‘⁴-

636 4226 819 4282 D1sc1t.
864 4244 1060 4281 sempr.
1131 4232 1181 4281 4.
1229 4228 1696 4298 ὸρθοτονοῡνται]
1748 4226 2109 4282 ‘Addendum
2154 4228 2349 4296 putem
2392 4228 2450 4283 αἱ
2485 4229 2762 4283 ςύνθετοι’
2798 4228 2836 4281 b
2881 4229 2940 4282 in
2976 4245 3091 4287 var.

491 4313 629 4370 lect.
664 4314 674 4380 Ι
703 4316 853 4367 5-6.
890 4311 1018 4365 Vid.
1055 4315 1140 4376 38,
1178 4316 1244 4366 28
1273 4317 1283 4377 Ι
1315 4317 1362 4365 7.
1401 4312 1469 4366 Αἱ
1503 4314 1685 4367 δυ’ίκαί
1720 4343 1785 4352 -
1825 4320 1882 4365 11
1925 4316 2117 4367 ἕνεκεν
2154 4312 2311 4366 delet
2343 4311 2707 4367 RSkrzeczka
2735 4314 2743 4380 Ι
2774 4319 2824 4367 8.
2860 4314 3092 4380 οὐδεμία

490 4398 565 4464 b,
602 4398 863 4463 ουδεμιας
899 4400 942 4452 Α
1009 4399 1017 4463 Ι
1082 4402 1129 4450 9.
1166 4396 1495 4462 ἀντωνυμία
1530 4397 1596 4463 b,
1633 4414 1983 4464 αντωνυμιαι
2022 4403 2092 4464 Α,
2132 4399 2189 4450 in
2226 4413 2339 4465 quo
2374 4414 2446 4451 αν
2483 4414 2553 4451 ex
2590 4415 2673 4452 ειν
2708 4399 2920 4451 iactum
2957 4400 3043 4452 est
3081 4401 3087 4468 Ι

497 4523 582 4573 10.
628 4515 1092 4581 ςυνεμπεπτώκει
1128 4514 1192 4581 b,
1248 4531 1726 4580 ςυνεμπεπτωκεν
1765 4518 1808 4570 Α
1875 4519 1884 4584 Ι
1955 4523 2028 4569 11.
2066 4532 2361 4583 αιτιατικηι
2398 4520 2441 4572 Α
2508 4516 2517 4578 Ι
2586 4523 2666 4570 13.
2705 4519 2740 4580 ἡ
2780 4516 2844 4580 b,
2900 4483 2955 4570 ἀι
2994 4518 3035 4570 Α
3077 4518 3085 4584 1

493 4618 524 4656 ε
565 4599 719 4654 vocis
752 4616 816 4654 τε
840 4598 899 4652 in
926 4601 969 4653 Α
994 4600 1332 4665 correctum,
1370 4599 1472 4653 sed
1507 4599 1642 4668 quid
1679 4602 1848 4655 antea.
1883 4601 2053 4654 fuerit
2085 4616 2196 4655 non
2223 4601 2493 4666 cernitur,
2532 4599 2568 4653 b
2593 4601 2650 4652 in
2681 4615 2796 4654 var.
2819 4600 2951 4661 lect,
2975 4617 3088 4655 non

490 4686 653 4739 recte
690 4684 830 4738 dicit
864 4700 982 4738 esse
1016 4700 1109 4738 ται
1157 4686 1165 4750 Ι
1216 4690 1294 4737 16.
1333 4687 1660 4739 θοτονουςιν
1695 4684 1920 4739 litterae
1947 4685 2099 4740 vocis
2121 4690 2521 4752 ορθοτονουςιν
2555 4684 2614 4736 in
2650 4699 2755 4743 ras.
2794 4686 2860 4738 Αι
2892 4689 2900 4752 Ι
2932 4692 3012 4740 23.
3050 4703 3087 4740 α

488 4772 557 4822 in
591 4761 756 4821 initio
790 4767 941 4822 vocis
976 4784 1304 4834 αντωνυμια
1341 4785 1478 4825 corr.
1519 4769 1583 4821 Α1
1634 4773 1643 4832 Ι
1694 4777 1776 4826 24.
1816 4788 1847 4823 ο
1886 4769 2037 4823 vocis
2061 4786 2328 4836 αρκτικον
2353 4772 2458 4834 Aa,
2497 4768 2633 4837 quid
2657 4771 2790 4823 ante
2815 4769 3086 4839 scriptum

490 4851 674 4906 fuerit
706 4869 818 4905 non
851 4853 1034 4919 liquet
1079 4853 1087 4919 1
1134 4857 1318 4906 θεςθαι
1353 4854 1426 4919 Α,
1463 4854 1708 4907 τίθεςθαι
1748 4854 1782 4906 b
