3738 5530
680 400 761 462 70
1614 399 1790 450 ΠΕΡΙ
1827 396 2328 448 ΔΝΊῺΝΤΜΙΑΣ.

1551 508 1672 556 μεθ
1700 507 2088 554 (amns-91
2117 505 2402 555 (351)135b

677 625 838 668 ςιος
883 603 1238 684 ἔπαιςεν,
1284 603 1435 677 ἐγώ
1482 622 1557 666 ςε
1601 601 1949 665 ἐδίδαξα·
1998 599 2166 665 ἀλλὰ
2211 600 2332 678 μὴν
2379 599 2478 663 καὶ
2521 598 2585 662 αἱ
2616 600 2919 665 διαθέςεις
2962 598 3043 663 οὐ
3075 600 3278 678 μόνον

676 706 748 771 ἔκ
802 727 1000 772 τινων
1046 704 1149 770 ἐπί
1193 724 1369 769 τινας
1415 702 1742 785 ἐγίνοντο,
1801 702 1968 767 ἀλλὰ
2013 702 2115 766 καὶ
2157 700 2523 780 αὐτοχειρία
2568 703 2817 782 δρᾶςις,
2874 701 2975 765 καὶ
3017 702 3134 766 ὅςα
3179 702 3282 766 καὶ

677 809 747 873 ἐν
804 807 1025 873 ἄλλοις
1082 807 1453 885 προςώποις
1514 805 1798 886 ἐνοεῖτο,
1854 807 2054 867 ταῦτα
2111 803 2215 867 καὶ
2269 803 2375 868 ἐπὶ
2429 802 2631 867 ταύτὰ
2689 803 3005 882 πρόςωπα
3049 806 3279 886 μετῄει.

677 911 1043 991 ἐμερίζοντο
1099 912 1260 985 γοῦν
1318 906 1382 969 αἱ
1438 908 1552 984 μὲν
1610 905 1896 970 ςύνθετοι
1951 909 2085 969 τῶν
2142 905 2433 980 πλαγίων
2490 905 2579 969 εἰς
2632 907 2713 970 τὰ
2768 904 3103 984 αὐτοπαθῆ
3147 908 3279 971 τῶν

618 1028 649 1076 5
686 1013 1087 1091 προςώπων,
1155 1010 1220 1073 αἱ
1286 1008 1344 1072 δ’
1394 1008 1594 1072 ἁπλαῖ
1647 1006 1735 1071 εἰς
1793 1009 1872 1071 τὰ
1931 1006 2302 1089 ἀλλοπαθῆ,
2367 1008 2709 1085 ἐμαυτὸν
2768 1006 3083 1090 ἔπαιςα,
3149 1007 3282 1087 ἐμὲ

678 1112 873 1196 [ςὺ]·ἔ
884 1135 929 1176 π
946 1132 1161 1176 αιςας
1173 1157 1191 1188 ,
1235 1113 1368 1175 τῶν
1415 1109 1714 1189 ῥημάτων
1744 1110 1858 1173 τὰς
1889 1105 2137 1174 εὐθείας
2168 1108 2240 1173 ἐν
2272 1110 2496 1175 αὐτοῖς
2524 1109 2934 1192 δηλούντων,
2980 1108 3111 1185 εἴγε
3142 1113 3271 1174 πᾶν
3311 1117 3357 1169 Β

677 1214 844 1294 ῥῆμα
915 1213 1170 1277 εὐθεῖαν
1237 1210 1366 1290 ἔχει
1426 1211 1810 1290 ἐγκειμένην.
1926 1210 2216 1290 φανερὸν
2287 1210 2408 1276 οὖν
2478 1212 2566 1275 ὡς
2630 1215 2766 1276 ταῖς
2830 1211 3151 1276 ςυνθέτοις
3217 1211 3282 1275 ἐξ

677 1315 957 1407 ἀνάγκης
1015 1312 1452 1394 ἐπιφερόμενα
1503 1314 1584 1378 τὰ
1641 1311 1888 1392 ῥήματα
1937 1316 2047 1390 τῆς
2092 1310 2340 1377 εὐθείας
2395 1313 2642 1387 ἐγίνετο
2688 1314 3151 1395 παραςτατικὰ,
3206 1312 3282 1391 ἧς

678 1419 779 1481 καὶ
824 1417 1041 1496 χρείαν
1087 1414 1261 1494 εἶχεν
1305 1415 1344 1493 ἡ
1392 1416 1707 1480 ςύνταξις·
1752 1415 2049 1493 περιςςὸν
2096 1413 2215 1479 οὖν
2262 1414 2386 1479 ἐςτὶ
2429 1418 2639 1493 Ζητεῐν
2680 1415 2936 1479 εὐθεῖαν
2966 1419 3098 1481 τῶν
3130 1435 3282 1494 προ-

582 1534 646 1581 10
680 1518 990 1596 κειμένων
1035 1516 1360 1581 πτώςεων.

850 1618 1136 1693 ’«Αλλά»,
1195 1638 1417 1700 φαςιν,
1477 1616 1788 1698 «οὐ<δὲν>
1835 1618 2066 1682 κωλύει
2113 1618 2183 1682 ἐν
2231 1624 2322 1699 τῷ
2379 1618 2618 1700 πρώτῳ
2676 1619 3004 1704 προςώπῳ
3061 1618 3132 1683 ἐν
3187 1625 3280 1702 τῷ

681 1720 950 1800 ἐμαυτός
996 1720 1098 1784 καὶ
1140 1722 1255 1798 τὴν
1288 1718 1480 1784 αὐτός
1511 1718 1762 1784 εὐθεῖαν
1795 1720 2135 1802 ἑγκεῖςθαι,
2182 1719 2334 1784 ὅθεν
2365 1720 2570 1783 καὶτὸ
2617 1719 2956 1800 ἐμαυτὸς
3002 1718 3281 1784 ἔπαιςα

676 1822 952 1898 πλάγιον
998 1822 1113 1900 μὲν
1159 1824 1437 1885 νοεῖςθαι
1481 1820 1553 1886 ἐν
1596 1827 1672 1904 τῇ
1718 1819 2005 1905 ἀρχούςῃ
2051 1821 2209 1884 κατὰ
2255 1820 2575 1903 ςύνθεςιν,
2634 1821 2887 1886 εὐθεῖαν
2933 1822 3038 1903 δέ,
3097 1822 3136 1905 ᾖ
3182 1821 3282 1885 καὶ
3320 1827 3363 1881 C

681 1924 1084 1988 ςυντάςςεται
1114 1922 1190 1985 τὸ
1223 1921 1425 2005 ῥῆμα,
1471 1922 1540 1986 ἐν
1570 1926 1646 2002 τῇ
1677 1922 1838 1986 κατὰ
1868 1923 2105 1987 τέλος».
2161 1958 2222 1967 -
2284 1921 2477 1985 Ἀλλά
2505 1941 2580 1997 γε
2610 1923 2775 2000 πρὸς
2804 1925 3001 1985 τοῦτο
3034 1920 3279 2000 ῥητέον.

584 2040 641 2087 15
685 2062 758 2071 —
812 2025 890 2089 τὸ
949 2025 1064 2103 μὲν
1121 2027 1415 2102 πρῶτον·
1474 2023 1820 2105 <ἄκλιτον>
1876 2025 2048 2102 μένει
2104 2025 2180 2089 τὸ
2237 2026 2439 2103 ςχῆμα
2484 2024 2583 2087 καὶ
2628 2025 2786 2089 κατὰ
2829 2025 2905 2088 τὸ
2950 2026 3138 2089 τέλος
3181 2027 3281 2090 καὶ

676 2126 835 2191 κατὰ
892 2127 1084 2205 με’ςην
1146 2126 1347 2207 λέξιν,
1413 2125 1571 2189 κατὰ
1623 2126 1738 2203 μὲν
1796 2125 1872 2188 τὸ
1928 2127 2150 2208 τέλος,
2207 2125 2303 2189 δτι
2360 2126 2638 2191 πάντοτε
2694 2126 2733 2203 ἡ
2780 2125 2994 2190 εὐθεῖα
3037 2127 3280 2192 ςύνεςτι

677 2228 842 2311 πάςῃ
887 2228 1139 2310 πλαγίῳ
1154 2276 1171 2309 ,
1218 2227 1376 2291 κατὰ
1410 2212 1490 2291 ’δὲ
1535 2227 1726 2306 μέςην
1773 2227 1971 2302 λέξιν,
2016 2228 2054 2310 ᾗ
2102 2229 2182 2292 τὰ
2228 2227 2608 2292 ςυντὲθέντα
2648 2226 2931 2305 ἀκίνητα.
2978 2264 3062 2273 -
3103 2228 3179 2292 τὸ
3209 2231 3282 2293 δὲ

678 2331 1016 2412 δεύτερον,
1065 2330 1154 2393 ὡς
1202 2330 1300 2392 καὶ
1345 2327 1585 2407 ἄδηλος
1631 2328 1667 2405 ἡ
1710 2328 1940 2408 φράςις
1976 2329 2334 2405 γενήςεται·
2377 2330 2659 2406 πότερον
2689 2330 2814 2406 γὰρ
2843 2329 2881 2406 ἡ
2915 2331 3282 2409 ςυγκειμένη

677 2431 893 2508 γενική
926 2430 1092 2495 ἐςτιν
1124 2430 1161 2507 ἢ
1195 2433 1409 2509 δοτικὴ
1445 2430 1525 2509 (ἢ
1558 2428 1904 2511 αἰτιατική>
1922 2480 1941 2513 ,
1988 2430 2067 2519 οὐ
2097 2430 2384 2506 γνωςτόν
2401 2479 2420 2513 ,
2451 2434 2571 2494 τοῦ
2602 2430 2829 2495 τέλους
2859 2430 3275 2510 ἐκθλιβέντος.
3313 2442 3385 2489 90
3406 2435 3462 2487 Α

577 2547 643 2594 20
684 2568 759 2578 —
819 2531 1068 2613 ἔπειτα,
1127 2530 1180 2594 εἰ
1239 2530 1399 2609 ὑπὲρ
1458 2534 1793 2609 διαςτολῆς
1849 2535 1984 2596 τῶν
2038 2535 2472 2611 μεταβατικῶν
2532 2532 2825 2609 πλαγίων
2884 2533 2948 2596 αἱ
2992 2534 3283 2597 ςύνθετοι

643 2635 1010 2725 ,γεγόναςι,
1055 2634 1351 2711 περιςςὸν
1396 2634 1603 2709 ζητεῖν
1648 2634 1764 2711 τὴν
1811 2632 2095 2697 εὐθεῖαν·
2152 2632 2306 2697 οὐδὲ
2350 2633 2474 2712 γὰρ
2518 2632 2684 2699 ἔςτιν
2730 2633 2944 2699 εὐθεῖα
2988 2635 3058 2699 ἐν
3103 2655 3282 2712 μετα-

682 2735 852 2816 βὰςει
909 2735 1265 2813 προςώπου
1323 2722 1807 2817 λαμβανομένη,
1862 2734 1934 2800 ἓν
1992 2735 2063 2799 δὲ
2107 2736 2210 2800 καὶ
2252 2736 2329 2800 τὸ
2375 2735 2535 2800 αὐτὸ
2580 2734 2933 2814 πρόςωπον
2978 2740 3282 2822 δηλοῦςα,

681 2837 924 2902 αὐτὸς
982 2837 1281 2914 ἔγραψε
1339 2837 1462 2900 καὶ
1517 2835 1749 2900 αὐτὸς
1806 2837 2110 2915 ἐκλήθη.
2210 2837 2397 2903 ἔνθεν
2456 2836 2582 2916 ἄρα
2626 2859 2732 2918 μοι
2779 2841 2984 2920 δοκεῖ,
3045 2838 3136 2903 ὡς
3179 2841 3285 2905 καὶ

681 2939 1080 3018 προείρηται,
1126 2938 1243 3015 τὴν
1288 2937 1417 3012 ἐγώ
1464 2936 1812 3003 ἀςύνθετον
1857 2936 2266 3020 κάθεςτάναι,
2310 2939 2446 3003 ἐπεὶ
2493 2941 2572 3018 μὴ
2618 2935 2989 3019 αὐτοπαθὴς
3033 2939 3280 3016 ἐγίνετο

580 3055 646 3100 25
682 3039 754 3103 ἐν
813 3038 1122 3114 ςυνθέςει,
1185 3038 1554 3117 ἀλλοπαθὴς
1608 3041 1680 3103 δὲ
1735 3038 1805 3102 ἐν
1861 3039 2201 3122 ἁπλότητι,
2267 3040 2431 3118 ὅπερ
2488 3042 2588 3105 καὶ
2646 3042 2750 3105 ἐπὶ
2801 3047 2932 3107 τῶν
2989 3043 3281 3118 πλαγίων

683 3140 1070 3218 ςυνέβαινεν.

854 3240 1046 3318 «Οὐχὶ
1090 3240 1209 3305 οὖν
1255 3242 1356 3305 καὶ
1398 3242 1473 3306 τὸ
3319 3245 3370 3298 Β

985 3342 1308 3420 ἀλλήλους
1351 3343 1629 3420 τρωςητε
1673 3341 1737 3427 (τ
1787 3341 1892 3428 12)

819 3530 1039 3585 Anava.
1121 3534 1180 3581 11
1231 3527 1349 3581 Nec
1395 3529 1635 3593 ἐμαυτός
1681 3525 1765 3580 ita
1808 3526 2034 3582 admitti
2079 3530 2291 3596 potest,
2339 3529 2405 3581 ut
2448 3528 2567 3582 eius
2610 3529 2836 3583 initium
2881 3529 2955 3582 sit
2997 3528 3279 3597 obliquus,

688 3614 815 3668 finis
852 3615 1039 3667 rectus
1076 3628 1249 3667 casus.
1328 3610 1472 3664 Nam
1520 3615 1564 3677 1)
1600 3610 2014 3665 indeclinabilis
2050 3615 2197 3666 esset
2231 3613 2413 3666 forma
2447 3616 2507 3667 ot
2549 3615 2825 3679 extrema,
2870 3612 3022 3681 quod
3057 3628 3281 3680 semper

687 3698 1069 3753 nominativus
1118 3698 1288 3762 esset,
1340 3699 1399 3750 et
1440 3695 1659 3761 media,
1705 3697 1855 3764 quod
1901 3696 2090 3750 media
2133 3696 2284 3750 vocis
2321 3697 2664 3766 compositae
2701 3714 2831 3767 pars
2865 3713 2977 3750 non
3015 3696 3280 3760 variatur,

684 3786 735 3853 2)
775 3784 1046 3850 Ἐμαυτός
1083 3781 1236 3836 vocis
1271 3782 1425 3849 prior
1461 3797 1590 3848 pars
1625 3783 1815 3834 utrum
1850 3780 2227 3835 nominativus
2264 3785 2438 3850 esset,
2476 3799 2548 3836 an
2584 3782 2904 3851 genetivus,
2941 3799 3014 3835 an
3039 3781 3283 3843 dativus,

686 3869 1086 3923 terminatione
1124 3867 1262 3921 elisa
1296 3883 1406 3918 non
1444 3867 1759 3934 appareret.
1818 3867 1865 3932 8)
1901 3864 2142 3919 Omnino
2179 3865 2449 3920 reflexiva
2484 3866 2806 3936 excogitata.
2840 3869 2998 3934 sunt,
3035 3867 3102 3919 ut
3125 3881 3285 3919 casus

686 3953 927 4022 obliqui,
976 3967 1086 4005 non
1135 3953 1195 4004 ut
1239 3950 1404 4016 recti,
1452 3950 1523 4002 ab
1568 3949 1880 4003 transitivis
1927 3950 2330 4004 discernantur.
2370 3982 2434 3990 —-
2472 3957 2535 4003 27
2574 3950 2773 4019 Neque
2810 3952 3122 4017 ἀλλήλους,
3167 3966 3283 4018 quo

686 4053 800 4091 uno
838 4039 898 4091 et
934 4036 1195 4105 obliquus
1231 4039 1289 4089 et
1323 4036 1508 4088 rectus
1545 4050 1704 4088 casus
1741 4035 2122 4101 contineatur,
2161 4037 2452 4109 tamquam
2478 4037 2800 4105 exemplum
2825 4033 3024 4089 afferre
3048 4035 3282 4104 poteris.

695 4122 820 4175 Eius
864 4122 1015 4175 enim
1050 4120 1329 4189 posterior
1364 4135 1495 4188 pars
1531 4135 1658 4172 cum
1694 4120 1768 4172 sit
1801 4118 2063 4185 obliquus
2099 4135 2282 4185 casuS,
2329 4120 2412 4174 ita
2456 4119 2607 4173 flecti
2641 4122 2833 4189 potest
2869 4120 2932 4173 ut
2957 4113 3283 4174 'sententiae

687 4207 1003 4260 conveniat.
2311 4222 2316 4227 ·

822 4372 1017 4427 stcn.
1055 4391 1259 4426 son-pr.
1330 4380 1377 4430 2.
1416 4388 1713 4438 εγιγνοντο
1749 4373 1828 4438 ΑΙ
1865 4379 1915 4426 3.
1950 4373 2135 4426 ταύτὰ
2170 4372 2232 4437 b,
2269 4385 2450 4427 ταυτα
2484 4390 2555 4428 τα
2591 4374 2635 4428 Α
2668 4376 2677 4441 Ι
2716 4379 2764 4426 5.
2803 4374 2978 4427 ἁπλαῖ
3012 4373 3076 4438 b,
3115 4375 3284 4427 αλλαι

689 4461 731 4513 Α
782 4461 790 4526 Ι
844 4458 922 4513 εἰς
957 4460 1029 4512 τὰ
1066 4458 1384 4526 αὐτοπαθῆ]
1420 4458 1515 4515 fol.
1557 4463 1652 4510 170
1678 4475 1730 4511 v.
1763 4460 1772 4524 Ι
1809 4463 1855 4509 6.
1895 4458 2121 4511 ἔπαιςας
2157 4455 2546 4523 RSkrzeozka‚
2593 4460 2656 4511 ςὺ
2704 4459 2929 4512 ἔπαιςας
2968 4457 3099 4523 Ab,
3137 4455 3196 4508 in
3235 4459 3282 4510 A

691 4544 876 4595 utrum
914 4559 1142 4597 erroneae
1181 4559 1248 4596 ex
1287 4558 1507 4596 επειςας
1543 4559 1613 4595 an
1653 4542 1757 4594 hoc
1793 4557 1861 4594 ex
1899 4540 1996 4594 illo
2032 4540 2243 4594 factum
2278 4541 2375 4606 sit,
2414 4559 2526 4596 non
2551 4542 2735 4609 liquet
2764 4551 2772 4608 Ι
2802 4549 2849 4601 8,
2888 4559 3144 4607 εγιγνετο
3184 4542 3226 4594 Α
3271 4542 3281 4612 Ι

689 4635 736 4682 9.
774 4645 922 4683 εςτιν
960 4631 1002 4683 Α
1057 4634 1065 4691 Ι
1124 4635 1200 4681 11.
1237 4628 1404 4682 οὐδὲν
1440 4627 1649 4679 κωλύει
1684 4626 1748 4692 b,
1786 4643 1853 4680 ou
1893 4628 2098 4679 κωλυει
2135 4628 2177 4680 Α
2232 4630 2242 4693 Ι
2297 4633 2377 4684 12.
2414 4629 2656 4694 ἐμαυτὸς
2693 4630 2892 4683 ἔπαιςα
2928 4629 2992 4690 b,
3031 4643 3282 4694 εμαυτης

692 4730 888 4767 επαιςα
925 4715 969 4769 Α
999 4717 1008 4781 Ι
1041 4719 1120 4767 15.
1162 4715 1390 4766 ἄκλιτον
1427 4711 1492 4777 b,
1532 4727 1639 4763 om.
1678 4713 1720 4765 A
1753 4719 1761 4774 Ι
1796 4715 1875 4764 16.
1914 4728 2000 4764 οτι
2038 4712 2109 4778 Α,
2147 4715 2343 4766 καθοτι
2380 4712 2415 4765 b
2446 4717 2455 4777 Ι
2486 4729 2735 4767 ςυνεςτιν
2762 4716 2805 4767 Α
2837 4717 2845 4780 Ι
2879 4720 2960 4771 18.
2984 4728 3284 4780 γενηςεται

691 4799 765 4864 Α,
802 4814 1017 4863 γινεται
1051 4797 1088 4851 b
1120 4803 1128 4864 Ι
1164 4803 1243 4850 19.
1284 4801 1317 4862 ἢ
1356 4795 1637 4862 αἰτιατική
1676 4798 1740 4861 b,
1778 4810 1888 4852 om.
1930 4797 1972 4849 A
2002 4801 2011 4862 Ι
2042 4803 2124 4848 21.
2161 4812 2453 4862 γεγοναςιν
2484 4798 2492 4863 Ι
2523 4801 2606 4850 23.
2646 4813 2895 4864 εγραψεν
2932 4800 2976 4852 Α
3015 4803 3024 4863 Ι
3065 4798 3284 4865 ἐκλήθη

688 4881 755 4948 b,
794 4886 985 4950 εκλιθη
1022 4885 1066 4937 Α
1097 4891 1106 4949 Ι
1137 4884 1244 4949 ἄρα
1280 4879 1658 4948 RSkrzeozka‚
1697 4882 1802 4949 γάρ
1839 4881 1934 4936 Ab
1966 4886 1976 4950 Ι
2006 4888 2086 4939 24.
2124 4897 2379 4946 εγιγνετο
2417 4883 2461 4937 Α
2493 4884 2502 4947 Ι
2533 4887 2615 4940 28.
2653 4898 2938 4953 τρωςηται
2975 4885 3018 4936 Α
