3738 5530
585 345 1028 403 Commentarius
1056 345 1284 401 criticus
1313 347 1373 401 et
1399 345 1720 416 exegeticus
1746 345 1808 401 in
1834 344 2125 417 Apollonii
2150 345 2381 416 Dyscoli
2407 346 2620 418 scripta
2645 347 2880 404 minora.
2954 348 3087 415 219

644 516 756 577 Est
808 516 911 576 ubi
964 517 1277 577 taceantur
1321 534 1475 593 quae
1528 518 1976 593 connectuntur,
2036 519 2105 576 ut
2161 516 2294 577 adv.
2346 518 2492 594 182,
2512 518 2552 576 4
2600 512 2756 580 οὐδὲ
2802 512 3088 580 πάντοτε

470 601 803 682 ςυμπλέκει
868 602 908 667 ὁ
963 602 1036 666 δέ
1091 601 1458 680 ςύνδεςμος,
1524 607 1585 665 et
1643 606 1791 682 180,
1822 608 1903 665 27
1971 601 2034 667 οἱ
2098 603 2539 681 ςυμπλεκτικοὶ
2602 602 2935 682 ςύνδεςμοι
2999 603 3090 669 εἰς

469 693 836 771 ςυμπλοκὴν
890 691 1530 772 παραλαμβάνονται;
1589 695 1692 755 sed
1752 691 2122 770 ςυμπλοκὴν
2181 692 2435 768 λόγων
2496 696 2615 756 dici
2675 716 2746 756 ex
2807 698 3090 775 exemplis

473 787 618 863 180,
641 787 897 845 29—31
958 785 1159 845 allatis
1214 786 1422 845 elucet.
1522 785 1730 862 Neque
1784 784 1902 844 sibi
1953 786 2082 861 ipse
2141 784 2484 863 obloquitur
2536 785 2650 862 Ap.
2698 785 2899 847 dicens
2956 787 3089 847 adv.

478 878 622 951 121,
646 878 727 935 12
770 869 1079 950 εἰρήςεται
1108 920 1123 935 .
1152 920 1167 935 .
1206 869 1374 936 τίνες
1410 889 1481 934 τε
1519 868 1591 934 ἐν
1628 874 1720 955 τῷ
1766 871 2050 936 καθόλου
2090 870 2419 950 ςύνδεςμοι
2466 871 2835 937 ςυνοέουςιν
2880 870 3092 952 ὄνομα

469 961 572 1025 καὶ
619 959 803 1039 ῥῆμα,
851 960 953 1024 καὶ
997 959 1166 1026 τίνες
1213 959 1327 1024 εἰςὶ
1372 958 1629 1039 μερικοί,
1678 966 1738 1023 et
1782 967 1939 1041 synt.
1983 964 2083 1039 18,
2107 965 2187 1023 12
2238 959 2342 1025 ἐπὶ
2386 962 2534 1025 πᾶςι
2581 961 2655 1026 δὲ
2701 964 2838 1025 τοῖς
2882 981 3088 1026 κατει-

470 1049 803 1128 λεγμένοις
849 1049 1150 1132 (μορίοις)
1193 1048 1232 1114 ὁ
1277 1049 1532 1114 τούτων
1579 1049 1945 1114 ςυνδετικός
1990 1049 2334 1129 ςύνδεςμος
2378 1050 2931 1130 παρελαμβάνετο,
2981 1052 3089 1115 οὐ·

469 1140 582 1204 δὲν
628 1138 986 1219 δυνάμενος
1032 1138 1188 1223 ἰδίᾳ
1232 1142 1623 1218 παραςτῆςαι
1670 1139 1865 1218 χωρὶς
1910 1141 2024 1218 τῆς
2067 1142 2202 1203 τῶν
2249 1139 2487 1206 λέξεων
2534 1138 2724 1219 ὕλης,
2778 1164 2920 1205 nam
2964 1147 3093 1204 iure

469 1235 673 1293 monet
725 1231 848 1293 Ska
899 1234 940 1292 l.
977 1229 1022 1294 s.
1060 1252 1126 1309 s.,
1183 1232 1296 1310 Ap.
1351 1233 1465 1293 hoc
1521 1233 1653 1292 loco
1709 1233 1906 1293 minus
1966 1235 2241 1292 accurate
2300 1233 2570 1309 loquenti
2629 1232 2932 1293 obversari
2992 1252 3093 1294 eas

472 1324 964 1398 constructiones,
1021 1322 1124 1381 ubi
1178 1322 1459 1383 videntur
1512 1340 1654 1383 sane
1709 1323 1949 1401 singula
2001 1321 2294 1383 vocabula
2349 1324 2762 1383 coniunctione
2808 1323 3094 1401 copulari,

472 1412 575 1473 sed
619 1432 683 1472 re
727 1431 872 1472 vera
915 1408 992 1473 τὸ
1039 1411 1243 1487 ςχῆμα
1288 1407 1420 1472 ἀπὸ
1465 1409 1687 1472 κοινοῦ
1726 1412 2126 1487 statuendum,
2170 1412 2208 1469 i.
2239 1430 2287 1471 e.
2328 1411 2405 1472 ad
2449 1413 2703 1472 alterum
2739 1412 3094 1472 vocabulum

470 1501 879 1579 praedicatum
923 1504 1121 1561 mente
1167 1500 1561 1580 supplendum
1606 1503 1699 1561 est
1735 1493 1919 1583 (synt.
1952 1502 2054 1577 86,
2078 1502 2132 1560 5.
2168 1502 2313 1577 122,
2337 1491 2467 1582 23).
2542 1501 2861 1562 Praeterea
2905 1503 3095 1562 altero

471 1592 602 1652 loco
641 1584 823 1673 (synt.
867 1592 969 1667 18,
992 1582 1102 1673 12)
1140 1590 1253 1650 hoc
1298 1591 1555 1650 maxime
1590 1590 1821 1650 indicat
1857 1590 2017 1668 quod
2063 1590 2292 1650 efficere
2337 1610 2477 1650 non
2522 1593 2776 1667 possunt
2821 1591 3093 1661 coniunc-

471 1683 679 1756 tiones,
727 1681 852 1740 scil.
891 1676 1020 1761 ἰδίᾳ
1064 1682 1160 1741 vel
1205 1675 1340 1741 κατ’
1384 1674 1553 1741 ἰδίαν
1600 1679 1830 1757 aliquid
1876 1680 2228 1759 significare.
2273 1712 2349 1722 —
2394 1680 2555 1751 Quas
2601 1680 2986 1742 difficultates
3021 1701 3097 1741 ne

472 1772 800 1848 tetigerunt
845 1770 1085 1847 quidem
1129 1769 1348 1830 Lersch
1397 1768 1721 1847 Sprachph.
1761 1770 1823 1829 H
1865 1771 2013 1845 140,
2059 1769 2236 1830 Sterk
2283 1768 2484 1846 Symb.
2523 1770 2642 1830 litt.
2679 1770 2814 1830 Bat.
2835 1771 2954 1830 VII
2993 1771 3098 1847 51,

473 1858 839 1919 GFSchoem.
869 1858 1011 1919 Red.
1044 1861 1192 1919 212.
1232 1861 1378 1919 213.
1469 1859 1679 1937 Neque
1725 1857 2089 1938 GUhligium
2134 1878 2332 1919 meum
2378 1877 2478 1919 eas
2522 1860 2844 1920 removisse
2891 1878 3097 1922 censeo

472 1950 765 2009 dicentem
824 1941 1047 2030 (DThr.
1090 1950 1216 2009 174
1273 1968 1318 2009 s.
1361 1968 1415 2009 v.
1478 1940 1884 2031 ςύνδεςμος)ε
1949 1943 2339 2026 ‘quamquam
2396 1950 2744 2026 plerumque
2803 1949 3096 2026 Dyscolus

471 2038 617 2098 dicit
663 2041 1048 2099 enuntiata
1093 2038 1606 2099 coniunctionibus
1653 2039 1949 2114 connecti,
2002 2042 2205 2099 tamen
2258 2058 2393 2098 eum
2446 2039 2593 2116 puto
2638 2033 2720 2098 τὰ
2775 2033 2931 2115 μέρη
2979 2038 3096 2100 τοῦ

474 2124 675 2199 λόγου
723 2147 794 2187 ex
841 2127 1177 2189 Stoicorum
1212 2127 1555 2188 definitione
1599 2128 1857 2189 retinere
1903 2147 2022 2188 non
2059 2127 2383 2205 dubitasse,
2429 2130 2573 2204 quia
2615 2128 2729 2188 hoc
2764 2129 2940 2188 modo
2976 2148 3094 2188 non

473 2217 894 2278 excludebatur
947 2220 1390 2278 enuntiatorum
1443 2219 1773 2295 copulatio,
1832 2220 1987 2278 sicut
2040 2237 2160 2280 non
2216 2217 2541 2293 dubitavit,
2602 2217 2705 2277 ubi
2759 2217 2832 2278 de
2893 2218 3099 2278 ordine

472 2308 736 2384 partium
782 2308 1068 2368 orationis
1113 2307 1364 2384 disserit,
1410 2310 1565 2385 synt.
1609 2309 1711 2383 18,
1735 2309 1814 2367 12
1855 2308 2076 2367 dicere:
2125 2302 2230 2368 ἐπὶ
2274 2305 2423 2368 πᾶςι
2470 2304 2543 2367 δὲ
2588 2306 2726 2368 τοῖς
2770 2306 3093 2379 κατειλεγ-

474 2392 688 2470 μένοις
747 2389 899 2479 (scil.
947 2397 1084 2457 τοῖς
1142 2396 1260 2458 τοῦ
1318 2393 1520 2468 λόγου
1578 2388 1853 2478 μέρεςιν)
1915 2392 1953 2456 ὁ
2012 2392 2266 2458 τούτων
2327 2392 2687 2457 ςυνδετικὸς
2753 2392 3097 2473 ςύνδεςμος
3179 2455 3183 2459 Α

473 2481 1054 2562 παρελαμβάνετο’;
1092 2506 1234 2545 nam
1265 2488 1370 2563 qui
1397 2487 1691 2563 praecipit
1717 2486 2232 2546 coniunctionibus
2260 2486 2531 2546 connecti
2559 2487 2847 2546 orationis
2876 2489 3099 2563 partes,

473 2595 592 2635 non
629 2576 767 2635 ilico
802 2577 1097 2652 praecipit
1134 2576 1217 2636 eis
1256 2578 1524 2635 connecti
1570 2576 1910 2651 enuntiata3
1955 2575 2168 2635 deinde
2212 2577 2265 2635 is
2303 2576 2408 2651 qui
2454 2575 2637 2634 etiam
2683 2578 2867 2652 atque
2912 2577 3096 2636 etiam

472 2662 693 2740 docuit,
737 2666 1249 2725 coniunctionibus
1295 2656 1375 2747 (si
1423 2684 1542 2724 non
1587 2665 1794 2742 utique
1842 2668 1909 2724 at
1951 2655 2235 2747 maxime)
2282 2665 2551 2742 copulari
2597 2666 2934 2741 enuntiata,
2986 2665 3100 2725 hoc

471 2756 535 2814 in
580 2753 1022 2817 definitione
1068 2775 1524 2815 commemorare
1570 2755 1757 2815 debet.
1850 2754 2168 2816 Praeterea
2211 2753 2326 2832 Ap.
2372 2773 2752 2831 nequaquam
2799 2758 2891 2815 est
2932 2754 3098 2833 pedi-

473 2863 689 2922 sequus
729 2844 1079 2921 Stoicorum,
1106 2847 1288 2906 immo
1324 2864 1465 2906 vero
1502 2845 1858 2921 ubicumque
1890 2847 2120 2906 occasio
2149 2844 2329 2904 datur
2365 2846 2449 2905 eis
2489 2843 2834 2921 obloquitur
2870 2863 3098 2906 eorum-

473 2953 587 3010 que
632 2935 857 3011 placita
901 2935 997 2994 vel
1043 2934 1290 3012 corrigit
1332 2935 1430 2994 vel
1474 2936 1647 2994 reicit
1682 2926 1880 3016 (pron.
1915 2937 1973 3011 7,
1995 2937 2080 2995 20
2127 2929 2410 3009 μεγάλην
2458 2928 2792 3010 άςθένειαν
2837 2928 2944 2995 διὰ
2980 2931 3099 3008 τὴν

475 3017 641 3083 ἰδίαν
688 3018 982 3099 ἀπειρίαν
1028 3023 1145 3084 τοῦ
1184 3022 1454 3098 ποιητοῦ
1501 3019 2018 3095 καταγγέλλουςι.
2087 3023 2235 3084 coni.
2269 3025 2475 3099 214,9
2508 3014 2668 3105 all.);
2713 3023 2918 3100 itaque
2962 3043 3097 3101 pro-

472 3131 585 3172 nus
639 3115 768 3173 erat
820 3113 1021 3191 potius
1077 3112 1151 3172 ad
1208 3133 1411 3173 eorum
1466 3113 1868 3173 definitionem
1925 3106 2148 3195 (Laert.
2177 3112 2298 3172 VH
2343 3110 2383 3188 ἓ
2423 3113 2505 3172 58
2567 3108 2910 3187 (ύνδεςμός
2973 3108 3099 3174 ἐςτι

477 3197 669 3276 μέρος
714 3198 918 3274 λόγου
967 3197 1269 3263 ἄπτωτον
1309 3202 1583 3264 ςυνδοῦν
1620 3197 1700 3263 τὰ
1747 3199 1904 3278 μέρη
1952 3202 2069 3264 τοῦ
2118 3193 2351 3281 λόγου)
2398 3219 2640 3279 prorsus
2686 3201 3099 3279 spernendam,

476 3310 658 3368 quam
704 3290 781 3351 ad
823 3295 1057 3368 partem
1102 3294 1229 3352 eius
1275 3292 1661 3351 retinendam.
1735 3292 1984 3352 Accedit
2030 3291 2188 3368 quod
2233 3292 2380 3351 haec
2416 3290 2599 3351 verba
2644 3284 2743 3352 οἷς
2781 3284 2933 3374 (scil.
2964 3291 3101 3353 τοῖς

477 3375 683 3455 μέρεςι
729 3379 847 3442 τοῦ
894 3373 1125 3463 λόγου)
1172 3377 1276 3442 καὶ
1321 3378 1713 3457 ςυςςημαίνει
1748 3381 2188 3459 Apollonianae
2225 3380 2529 3440 doctrinae
2576 3382 2723 3457 apta
2766 3400 2885 3441 non
2931 3384 3101 3456 sunt3

474 3488 614 3528 nam
662 3472 1101 3531 coniunctiones
1137 3466 1301 3546 πρὸς
1343 3466 1458 3531 τὰς
1504 3470 1636 3532 τῶν
1696 3467 1951 3543 λόγων
1998 3466 2321 3533 ςυντάξεις
2365 3466 2480 3531 τὰς
2526 3465 2690 3531 ἰδίας
2736 3465 3101 3545 δυνάμεις

474 3554 985 3635 παρεμφαίνουςι
1032 3551 1216 3642 (synt.
1268 3562 1325 3634 9,
1348 3553 1489 3643 20),
1545 3579 1799 3637 quocum
1851 3561 2078 3638 placito
2133 3579 2208 3620 ne
2260 3562 2565 3636 postrema
2608 3560 2849 3638 quidem
2896 3559 3099 3619 defini-

474 3650 654 3708 tionis
700 3648 884 3708 verba
927 3650 990 3707 in
1043 3649 1418 3710 concordiam
1463 3650 1655 3728 redigi
1699 3653 1976 3729 possunt:
2036 3646 2076 3724 ἢ
2124 3644 2302 3712 τάξιν
2346 3645 2386 3723 ἢ
2434 3645 2704 3723 δύναμιν
2749 3648 3099 3724 παριςτῶν;

474 3737 559 3796 ibi
604 3738 763 3796 enim
810 3733 1075 3813 δύναμις
1110 3740 1244 3799 voci
1281 3739 1483 3800 subest
1518 3742 1704 3815 notio,
1749 3759 1931 3816 quam
1970 3740 2130 3815 apud
2166 3739 2280 3814 Ap.
2319 3757 2438 3798 non
2476 3738 2703 3813 induit,
2747 3737 2906 3797 idem
2943 3739 3101 3798 enim

476 3844 598 3887 esse
645 3826 805 3905 quod
851 3822 1114 3903 ὕπαρξις
1159 3827 1511 3889 credendum
1559 3832 1649 3889 est
1693 3829 2047 3889 scholiastae
2083 3828 2281 3887 DThr.
2316 3829 2464 3903 952,
2487 3829 2568 3887 23
2608 3823 2785 3889 τάξιν
2828 3824 2868 3903 ἢ
2907 3823 3100 3888 δύνα-

476 3932 579 3989 μιν
625 3912 1124 3991 παριςτάνουςα,
1170 3912 1348 3980 τάξιν
1396 3914 1527 3992 μέν,
1577 3913 1631 3979 εἰ
1675 3917 2036 3993 περιπατῶ,
2092 3916 2384 3990 κινοῦμαι
2442 3909 2616 3998 (haec
2670 3917 2829 3976 enim
2881 3919 3103 3977 inverti

474 3997 834 4088 nequeunt)·
927 4001 1197 4080 δύναμιν
1244 4002 1341 4079 δέ,
1389 4000 1492 4067 κάὶ
1537 4006 1896 4082 περιπατῶ·
1990 4002 2191 4067 εἰπὼν
2237 4001 2361 4081 γὰρ
2410 4002 2487 4066 τὸ
2533 4001 2661 4078 καί,
2712 4001 2791 4066 τὸ
2836 4005 3102 4082 πρᾶγμα

386 4117 390 4122 ·
476 4090 761 4169 ὑπέθηκα
807 4088 994 4156 εἶναι·
1069 4091 1334 4171 δύναμις
1380 4093 1502 4171 γὰρ
1549 4092 1588 4170 ἡ
1636 4090 1918 4171 ὕπαρξις,
1965 4096 2178 4156 deinde
2224 4097 2262 4154 l.
2305 4097 2390 4155 30
2435 4091 2540 4155 καὶ
2584 4090 2838 4171 γράφω,
2889 4091 3097 4172 βεβαί-

476 4200 648 4255 ωςις;
696 4186 767 4245 cf.
807 4185 956 4244 coni.
999 4187 1147 4260 226,
1171 4188 1250 4245 16
1291 4182 1458 4246 τινὲς
1495 4183 1570 4245 δὲ
1606 4181 1710 4246 καὶ
1745 4184 1878 4247 τῶν
1917 4182 2304 4261 φιλοςόφων
2335 4231 2346 4243 .
2378 4230 2392 4245 .
2436 4201 2591 4259 φαςι
2621 4231 2634 4244 .
2667 4230 2681 4244 .
2712 4231 2725 4244 .
2762 4184 3098 4260 παραλαμ-

478 4269 774 4348 βάνεςθαι
820 4319 878 4332 ..
919 4268 1007 4335 εἰς
1054 4273 1301 4348 μᾶλλον
1348 4269 1617 4349 ὕπαρξιν
1662 4270 1781 4335 τὸν
1828 4270 1931 4334 καί
1978 4270 2049 4335 ἐν
2095 4276 2188 4355 τῷ
2236 4270 2339 4334 καὶ
2384 4269 2637 4348 γράφω,
2685 4292 2805 4350 quo
2854 4292 2922 4333 ex
2969 4275 3101 4334 loco

476 4362 633 4421 clare
690 4364 966 4439 apparet,
1029 4363 1142 4423 hoc
1196 4359 1343 4438 περὶ
1398 4359 1731 4439 ὑπάρξεως
1785 4367 2168 4441 praeceptum
2225 4382 2351 4424 esse
2413 4362 2903 4439 philosophorum
2957 4382 3102 4440 quo-

474 4451 744 4527 rundam,
791 4470 909 4511 non
955 4451 1290 4529 Apollonii:
1335 4454 1386 4513 is
1424 4454 1582 4512 enim
1619 4453 1790 4513 docet
1825 4454 1978 4512 nihil
2023 4456 2306 4513 interesse
2348 4454 2550 4511 utrum
2596 4452 2815 4527 aliquis
2859 4469 3103 4529 respon-

475 4539 618 4600 dens
655 4541 817 4600 dicat
862 4536 1098 4617 γράφω
1145 4562 1223 4602 an
1268 4538 1372 4601 καὶ
1409 4537 1663 4618 γράφω,
1712 4542 1860 4602 coni.
1894 4544 2043 4618 226,
2065 4544 2102 4601 3
2143 4537 2333 4602 ἕνεκα
2377 4540 2496 4601 τοῦ
2534 4537 2836 4603 τοιούτου
2884 4536 3024 4603 οὐδ’
3063 4536 3102 4602 ὁ

475 4624 578 4689 καί
617 4624 957 4799 ςύνδεςκιος
997 4626 1134 4691 οὐδ’
1173 4627 1211 4691 ὁ
1247 4625 1459 4711 <ότι>·
1534 4628 1611 4692 τὸ
1649 4627 1773 4708 γὰρ
1818 4627 1979 4692 αὐτὸ
2028 4626 2490 4703 ἐπαγγέλλεται
2537 4626 2614 4690 τὸ
2660 4626 2783 4694 καὶ
2827 4625 3099 4708 γράφω

477 4715 578 4778 καὶ
622 4715 827 4796 γράφ
879 4715 993 4799 ω>.

654 4808 817 4878 Quae
861 4827 996 4868 cum
1039 4811 1130 4869 ita
1174 4811 1321 4886 sint,
1377 4809 1780 4870 definitionem
1834 4810 2007 4870 illam
2059 4811 2130 4869 ut
2173 4808 2609 4888 discrepantem
2663 4809 2739 4868 ab
2784 4808 3093 4886 Apollonii

477 4897 748 4957 doctrina
791 4897 1255 4975 Apollonianam
1310 4917 1434 4960 esse
1482 4901 1664 4960 etiam
1717 4899 1893 4960 hodie
1938 4919 2106 4978 nego.
2198 4900 2406 4975 Neque
2459 4918 2531 4958 ea
2574 4918 2639 4958 re
2682 4899 2797 4958 hac
2843 4899 2914 4958 de
2959 4918 3090 4959 sen-

475 4988 667 5047 tentia
739 4986 1018 5066 deducor,
1092 4989 1251 5067 quod
1313 4988 1543 5069 Uhligii
1614 4989 1854 5068 quidem
1925 4990 2224 5050 sententia
2292 4988 2651 5049 Heliodorus
2723 4988 2819 5049 vel
2889 4989 3091 5066 potius
