3738 5530
522 364 965 420 Commentarius
993 364 1220 420 criticus
1248 365 1308 420 et
1334 363 1655 434 exegeticus
1681 364 1742 418 in
1770 363 2059 434 ApoUonii
2084 363 2317 434 Dyscoli
2344 365 2556 435 scripta
2581 362 2817 419 minora.
2893 364 3024 429 255

406 552 513 595 nec
557 534 888 612 pleonasmi
924 534 989 594 id
1025 534 1365 613 significant
1400 526 1592 616 (quod
1635 535 1830 593 forma
1874 526 2138 617 nativa).
2181 553 2322 595 nam
2358 526 2508 617 (ubi,
2546 536 2650 611 qui
2693 535 3026 613 pleonasmi

408 624 702 701 videntur,
759 624 918 684 idem
963 624 1303 703 significant
1348 624 1507 701 quod
1564 625 1775 684 nativa
1830 616 2053 705 forma)
2107 643 2226 684 non
2280 627 2403 684 iam
2458 626 2790 701 pleonasmi
2844 619 3023 684 sunt'.

408 714 688 863 Sequitgr
734 719 803 774 ut
848 712 892 775 ἇ
933 714 998 772 in
1045 707 1246 789 ἄβαλε
1291 714 1725 791 pleonasticum
1761 730 1888 773 esse
1933 732 2054 775 non
2088 715 2295 791 possit,
2341 716 2486 791 quia
2524 714 2684 774 idem
2728 713 3028 792 significat

405 804 565 879 quod
658 802 830 878 βαλε.

586 894 734 967 254,
757 896 837 954 19
887 888 1067 967 εἴπερ
1104 922 1203 935 -«
1234 895 1314 952 21
1364 888 2060 972 παραπληρωματικόε]
2117 893 2448 969 propositio
2491 895 2683 954 maior
2728 896 2847 969 est3
2906 893 3024 969 syl-

403 982 644 1061 logismi
687 984 1156 1060 propositionem
1200 983 1490 1043 minorem
1527 984 1589 1041 et
1633 982 2071 1042 conclusionem
2116 982 2347 1042 omisit:
2394 975 2590 1058 ‘atqui
2633 1001 2741 1042 nec
2787 977 2869 1042 αὖ
2904 977 3025 1057 τάρ

406 1071 782 1148 copulativae
828 1090 954 1131 esse
998 1076 1267 1149 possunt,
1312 1090 1421 1132 nec
1466 1066 1670 1146 αὐτάρ
1717 1071 2043 1148 expletiva:
2089 1090 2228 1149 ergo
2265 1074 2727 1131 consentaneum
2770 1091 2890 1132 non
2935 1075 3026 1131 est

407 1156 488 1221 αὖ
535 1163 596 1221 et
639 1157 758 1236 τάρ
806 1180 876 1220 ex
922 1157 1125 1236 αὐτάρ
1180 1162 1373 1221 factas
1419 1178 1573 1237 esse;
1625 1162 1808 1220 immo
1853 1162 2196 1221 nativarum
2242 1161 2371 1221 loco
2419 1161 2797 1239 accipiendae
2842 1156 3021 1221 sunt'.

584 1251 835 1325 254‚23
881 1246 1285 1330 ἑπιφορικόε]
1325 1250 1402 1309 ad
1441 1251 1591 1310 coni.
1624 1252 1771 1327 252,
1792 1251 1848 1310 3.

585 1340 734 1415 254,
755 1341 837 1399 28
895 1335 1001 1401 ἐπὶ
1055 1335 1336 1420 τούτων]
1395 1335 1499 1400 ἐπὶ
1556 1334 1793 1400 τούτου
1857 1339 2137 1417 Egenolff
2174 1340 2206 1399 I
2253 1340 2411 1416 8483
2474 1340 2577 1400 sed
2634 1335 2889 1403 τούτων
2948 1340 3025 1399 ad

401 1432 523 1489 tres
568 1429 705 1489 illas
752 1430 974 1490 formas
1022 1424 1149 1505 ἄρα
1195 1423 1275 1505 ἄρ
1324 1423 1406 1503 ῥά
1450 1431 1719 1506 spectare
1764 1429 2017 1489 videtur.

584 1518 734 1594 255,
769 1522 803 1578 1
864 1512 947 1593 ἦν
1005 1513 1046 1592 ἡ
1108 1513 1409 1593 ἀποκοπὴ
1455 1549 1546 1560 -
1590 1514 1991 1598 καταντῶεα]
2054 1513 2343 1597 ‘apocope
2402 1520 2614 1597 legalis
2673 1522 2803 1579 erat
2863 1513 3026 1602 (cum

382 1607 631 1687 ‘legibus
676 1608 918 1686 linguae
955 1609 1050 1668 vel
1096 1608 1380 1686 analogia
1412 1626 1532 1667 non
1567 1600 1925 1689 pugnabat),
1961 1609 2103 1684 quia
2148 1609 2490 1669 semivocali
2526 1608 2871 1669 occurrebat
2902 1612 2940 1668 i.
2972 1629 3018 1668 e.

402 1699 547 1773 quia
591 1716 851 1775 apocope
905 1698 1072 1758 facta
1114 1697 1485 1757 semivocalis
1539 1698 1603 1756 in
1646 1696 1764 1756 fine
1810 1691 1984 1757 erat'.
2029 1728 2118 1739 —
2162 1698 2288 1757 Alii
2342 1699 2747 1775 grammatici,
2808 1698 3022 1774 quibus

401 1788 726 1847 assentitur
768 1787 912 1847 Lob.
960 1787 1078 1847 Eu.
1123 1787 1155 1847 I
1203 1789 1306 1861 29,
1362 1780 1441 1860 ἄρ
1499 1780 1581 1860 ῥά
1632 1806 1743 1862 pro
1796 1785 2161 1847 thematicis.
2189 1786 2491 1846 habebant
2533 1786 2642 1848 AO
2688 1788 2720 1847 I
2766 1789 2914 1864 383,
2937 1789 3018 1847 23

398 1871 515 1937 Ῥά
557 1872 1224 1953 παραπληρωματικὸ(
1271 1871 1638 1951 εύνδεεμοε·
1727 1870 1846 1936 οὐκ
1891 1871 2024 1937 ἀπὸ
2069 1875 2188 1937 τοῦ
2235 1870 2364 1951 ἄρα
2407 1875 2480 1938 δὲ
2525 1875 3018 1949 ευλλογιετικοῢ,

399 1961 492 2026 ὥς
535 1961 705 2027 τινές
750 1982 922 2042 φαει,
967 1961 1101 2026 κατ’
1133 1960 1468 2041 ἀφαίρεειν
1513 1964 1631 2025 τοῦ
1679 1963 1737 2037 ἆ,
1785 1959 1955 2026 ἀλλὰ
1998 1962 2334 2041 θεματικόε
2371 1961 2522 2026 ἐςτι·
2595 1963 2700 2027 καὶ
2737 1963 2862 2041 γὰρ
2901 1963 3021 2039 τὴν

400 2049 530 2130 ἄρα
591 2051 759 2116 τινές
822 2071 977 2131 <pact
1039 2051 1203 2115 κατὰ
1263 2052 1378 2129 μὲν
1439 2048 1773 2130 ἀφαίρεειν
1830 2053 1948 2115 τοῦ
2008 2054 2436 2129 προτακτικοῦ
2497 2053 2539 2115 ἆ
2600 2049 2683 2129 ῥά
2744 2053 3023 2128 γίνεεθαι

399 2140 671 2221 (γίνεται
716 2141 933 2223 vulg),
992 2141 1154 2204 κατὰ
1209 2142 1283 2204 δὲ
1336 2138 1680 2218 ἀποκοπὴν
1725 2142 1842 2204 τοῦ
1891 2139 2163 2219 ἐεχάτου
2211 2143 2255 2205 ἃ
2300 2138 2407 2219 ἄρ·
2492 2138 2591 2205 ἀεὶ
2636 2142 2710 2205 δὲ
2758 2141 3020 2218 ἐγκλιτι-

396 2230 513 2295 κός
560 2229 704 2294 ectu.
766 2234 881 2293 ΕΜ
932 2235 1138 2310 134,5
1197 2227 1325 2307 ἄρα
1378 2229 1722 2307 εύνδεεμοε
1776 2230 2262 2305 ευλλογιετικόε.
2352 2230 2427 2293 Ὁ
2476 2228 2559 2308 ῥά
2606 2229 2676 2293 ἐκ
2729 2232 2848 2294 τοῦ
2895 2227 3022 2308 ἄρα

397 2320 633 2396 γέγονε
688 2319 850 2383 κατὰ
905 2318 1242 2399 ἀποβολὴν
1301 2321 1414 2396 τῆς
1473 2317 1699 2398 ἀρχῆς
1767 2317 1934 2383 ἔετιν
1995 2317 2214 2395 εἰπεῖν,
2281 2317 2381 2383 ὅτι
2439 2322 2636 2383 τοῦτο
2698 2318 2859 2398 θέμα
2917 2320 3023 2384 καὶ

394 2411 616 2474 τοῦτο.
690 2407 765 2471 Ὁ
812 2409 935 2488 γὰρ
984 2406 1064 2487 ἄρ
1113 2408 1455 2487 εύνδεεμοε
1501 2408 1618 2472 οὐκ
1663 2406 1830 2472 ἔετιν
1878 2407 1949 2472 ἐκ
1991 2411 2109 2472 τοῦ
2158 2406 2256 2486 ῥά.
2329 2408 2404 2471 Ὁ
2452 2408 2574 2487 γὰρ
2623 2407 2706 2488 ῥά
2752 2407 3018 2485 ἐγκλιτι-

394 2499 513 2563 κός
569 2497 720 2573 ἐετι,
780 2498 886 2562 καὶ
939 2496 1389 2563 ὑποτακτικόε·
1479 2496 1518 2562 ὁ
1575 2498 1648 2562 δὲ
1705 2495 1785 2576 ἄρ
1842 2496 1964 2562 οὐκ
2021 2496 2189 2562 ἔστιν
2249 2497 2615 2573 ἐγκλιτικόε.
2709 2500 2795 2561 of.
2844 2501 3022 2562 Sterk

580 2697 638 2754 γ.
696 2678 746 2741 Η
793 2682 862 2741 in
903 2682 1075 2741 initio
1127 2681 1417 2742 enuntiati
1458 2682 1661 2755 posita
1711 2681 2080 2753 circumflexo
2130 2684 2387 2749 notatur,
2434 2682 2763 2755 postposita
2818 2672 3023 2763 (acuto

390 2772 679 2851 signatur
723 2762 813 2854 et)
857 2771 1197 2832 inch'naw.
1288 2771 1455 2847 Quod
1496 2771 1790 2846 conprobat
1838 2771 2104 2846 Trypho,-
2153 2775 2328 2846 neyat
2379 2774 2534 2831 enim
2587 2771 2848 2831 abiamm
2891 2788 3025 2831 ora·

391 2860 2348 2937 timpanumtaccenmmmutariproptermutatwmlocwm
2388 2860 3024 2936 nmnencliticisqui-

389 2952 650 3012 busdam
685 2952 946 3012 accidere
979 2951 1213 3025 quidem
1246 2954 1313 3010 ut
1348 2954 1401 3010 ct
1434 2953 1887 3025 praeponamne:-
1920 2954 1974 3009 ct
1995 2954 2448 3024 postponamaer,
2490 2951 2593 3011 sed
2626 2953 2715 3010 ita
2749 2951 3024 3020 accidere,

384 3045 462 3101 ut
526 3044 756 3100 mutata
806 3042 1101 3115 posmone
1159 3044 1211 3100 et
1268 3044 1507 3101 accentu
1564 3042 1738 3100 eciam
1797 3041 1957 3100 notio
2018 3043 2287 3100 mdew.
2389 3040 2591 3115 Neque
2653 3041 2757 3100 hoc
2808 3041 3024 3115 probat

392 3131 665 3207 Imm,
719 3125 818 3190 u‘uc
870 3132 939 3189 in
988 3131 1160 3190 mitio
1202 3132 1466 3203 positum
1515 3128 1824 3198 inclinari,
1886 3131 1954 3189 in
2004 3130 2202 3189 media
2251 3131 2534 3190 sententia
2575 3132 3025 3204 perispmnenon

384 3220 1363 3294 essaeodemususarywnento.
1439 3213 2486 3293 Omilludaddimus,etiamor'1‚
2541 3219 2893 3293 quodiam
2944 3222 3024 3279 si-

377 3312 670 3385 ynifioat,
722 3310 790 3368 in
842 3310 1012 3369 mitio
1065 3308 1403 3369 collocatwm
1447 3312 1745 3368 accenbwm
1786 3325 1908 3367 non
1949 3310 2204 3368 variare.
2294 3308 2505 3383 Itaque
2547 3305 2591 3382 ἦ
2635 3309 2790 3383 quod
2834 3312 2917 3368 est
2957 3311 3023 3367 in

383 3416 509 3473 τιη
565 3399 993 3473 Ρῑοοηαεῠίοωη
1050 3415 1171 3459 esse
1227 3403 1413 3458 censet
1462 3398 1694 3475 Trypho
1750 3402 1817 3457 ut
1872 3401 1941 3458 in
1999 3393 2263 3471 λεγοίη
2326 3393 2570 3471 ἑγώνη
2629 3393 3020 3471 πολεμήια.

394 3488 526 3549 Oui
570 3490 1006 3558 assentiremur,
1047 3490 1172 3548 nisi
1211 3504 1359 3548 usus
1402 3488 1683 3560 omum,-
1730 3505 1877 3547 nam
1921 3481 2037 3547 ὅτι
2080 3483 2121 3561 ἤ
2167 3504 2364 3548 omnes
2407 3489 2495 3546 ita
2536 3488 2822 3555 scribunt,
2873 3491 2942 3546 ut
2984 3484 3022 3546 ὁ

388 3581 648 3638 acutum
690 3579 916 3648 habeat,
960 3578 1116 3652 quod
1158 3577 1293 3651 fied
1334 3593 1456 3637 non
1487 3580 1704 3652 posset,
1744 3579 1802 3636 si
1842 3595 1971 3637 wmz
2013 3593 2126 3637 vox
2159 3582 2304 3638 esset
2344 3592 2453 3651 τιη
2494 3577 2642 3652 255,
2662 3577 2943 3651 5—256‚
2964 3578 3020 3634 3.

390 3666 493 3727 Of.
538 3669 693 3743 synt.
734 3667 938 3742 307,7
961 3685 1117 3743 sqq.;
1163 3665 1433 3726 Schmidt
1475 3666 1659 3727 Beitr.
1700 3667 1857 3742 2133
1903 3665 2089 3726 Lehrs
2135 3686 2191 3742 q.
2220 3685 2268 3726 e.
2310 3666 2392 3725 62
2414 3683 2541 3742 sqq.

585 3757 792 3832 255,9
840 3755 1026 3835 Uhlig
1062 3755 1095 3814 I
1133 3757 1244 3815 21:
1297 3751 1556 3817 ‘Bekker
1597 3756 1779 3816 falso:
1826 3750 1984 3815 “aut
2028 3755 2342 3815 delendum
2388 3751 2466 3829 δή
2516 3758 2622 3814 aut
2664 3754 2728 3813 in
2775 3750 2848 3814 δέ
2892 3774 3020 3813 mu-

382 3840 725 3921 tandum'’,
769 3845 1110 3924 significant
1155 3840 1227 3909 ἐν
1263 3876 1352 3889 —
1388 3841 1496 3921 δή;
1551 3839 1804 3906 “revera
1850 3847 2010 3904 enim
2052 3841 2093 3919 ἤ
2139 3844 2236 3904 hio
2281 3844 2640 3921 completiva
2684 3844 3019 3903 coniunctio

380 3929 545 3997 est''
568 3929 605 3992 '.
681 3933 754 3994 In
799 3935 970 3995 discr.
1019 3936 1219 4011 script.
1267 3934 1526 3996 Bekkeri
1572 3935 1883 3996 adnotatio
1927 3953 2048 3995 non
2091 3937 2250 3995 recte
2295 3935 2397 3993 lin.
2431 3936 2467 3993 7
2517 3934 2779 4010 ascripta
2824 3936 2929 3993 est.
3039 3976 3070 3990 2

583 4025 731 4100 255,
753 4026 837 4085 10
881 4025 968 4085 sic
1014 4027 1468 4104 argumentatur
1511 4025 1783 4103 Trypho:
1839 4020 2023 4101 ‘quod
2075 4024 2170 4083 illi
2214 4024 2287 4083 de
2331 4021 2372 4099 ἦ
2420 4025 2720 4098 statuunt,
2773 4026 2836 4082 in
2884 4024 3019 4082 aliis

368 4115 688 4176 orationis
724 4113 998 4191 partibus
1033 4117 1271 4192 praeter
1305 4113 1417 4174 hoc
1452 4115 1651 4191 ipsum
1685 4111 1727 4189 ἦ
1763 4114 1836 4174 de
1874 4133 1993 4191 quo
2039 4114 2240 4192 agitur
2284 4132 2404 4173 non
2451 4112 2817 4189 admittitur-3
2861 4114 3018 4189 quod

365 4224 510 4266 non
577 4205 801 4281 poteris
858 4204 1122 4265 refutare
1177 4204 1376 4264 dicens
1431 4222 1556 4265 esse
1614 4205 1925 4281 praeterea
1979 4204 2272 4280 quaedam
2330 4203 2621 4263 vocabula
2679 4222 2831 4278 quae
2889 4204 3020 4279 ipsa

365 4312 635 4374 quoque
690 4295 751 4354 et
804 4296 1252 4372 praeponantur
1306 4296 1368 4354 et
1427 4295 1892 4371 postponantur:
1957 4312 2029 4353 ea
2091 4294 2250 4353 enim
2303 4294 2579 4352 enclitica
2640 4295 2806 4369 sunt,
2867 4311 3019 4369 quae

361 4385 633 4446 mutato
678 4385 809 4443 loco
846 4386 907 4444 et
953 4386 1201 4444 accentu
1246 4386 1429 4444 etiam
1473 4385 1778 4444 notionem
1822 4384 2056 4443 variare
2102 4376 2376 4443 constat'.

579 4473 728 4549 255,
751 4474 830 4532 11
890 4467 1091 4552 οὕτω]
1150 4475 1221 4533 ut
1262 4470 1304 4549 ἦ
1351 4476 1413 4534 et
1464 4471 1754 4551 praeponi
1806 4473 1868 4533 et
1922 4472 2203 4551 postponi
2256 4474 2532 4532 statuunt
2584 4471 2704 4548 iui3
2763 4470 3021 4530 Bekkeri

361 4563 874 4626 additamentum
916 4565 1312 4624 necessarium
1357 4565 1463 4624 est.

580 4652 828 4728 255,11
889 4646 1206 4725 ἑγκλιτικά
1262 4648 1387 4713 ἐετι
1443 4647 1660 4732 μόρια]
1718 4651 1832 4732 Ap.
1880 4652 2391 4731 praepositionum
2445 4651 2848 4711 immemorem
2893 4668 3019 4711 esse

354 4742 602 4805 monet
644 4740 830 4820 Uhlig
874 4741 907 4800 I
953 4744 1054 4802 21.

579 4831 833 4909 255,12
880 4832 1103 4892 mutari
1145 4831 1361 4891 horum
1402 4832 1821 4910 pronominum
1867 4825 2064 4915 (pron.
2110 4833 2214 4908 36,
2235 4822 2481 4914 5—30)
2529 4834 2591 4891 et
2633 4830 3018 4909 interrogati-

351 4941 611 4987 vorum
656 4941 808 4999 quae
854 4922 1184 4999 sequuntur
1229 4913 1391 5003 (adv.
1441 4916 1903 5005 126,18-23)
1950 4923 2445 5002 significationem
2489 4920 2722 4998 enclisi,
2768 4939 3017 4997 eamque

352 5016 447 5077 ob
503 5029 763 5073 causam
805 5014 964 5071 recte
1007 5010 1320 5089 Uhligium
1364 5011 1652 5072 delevisse
1699 5008 1777 5073 οὐ
1822 5014 2199 5091 particulam,
2245 5012 2686 5090 apertissimum
2732 5013 2837 5073 est.
