3738 5530
1263 352 1362 401 ms:
1401 351 1711 402 SYNTAxl
1746 351 2260 406 PRONOMINVM.
2972 348 3055 413 23

473 560 569 624 οὔ.
613 594 693 603 -
739 561 879 622 ταῖς
925 559 1040 636 μὲν
1084 558 1215 636 γὰρ
1252 555 1548 632 πλαγίοις
1592 554 1902 637 πάντοτε,
1959 556 2098 620 ἐπεὶ
2141 555 2206 620 αἱ
2249 556 2381 621 ἀπὸ
2427 560 2556 620 τῶν
2613 554 2911 634 ῥημάτων
2962 559 3050 618 δι·

476 661 716 725 αθέςεις
759 660 863 724 ἐπί
891 680 1033 724 τινα
1076 660 1351 735 πλάγιον
1397 659 1709 738 φέρονται
1753 658 1791 735 ἢ
1836 656 2157 736 ὀνόματος
2189 659 2226 736 ἢ
2258 658 2659 736 ἀντωνυμία(
2689 659 2727 736 ἢ
2759 662 3050 736 μετοχῆς,

368 760 439 836 'c
475 763 843 843 Τρύφωνι
898 761 1229 837 ἔδωκας,
1284 760 1460 839 ἐμοὶ
1517 759 1934 840 ἐλάληςας,
1994 759 2358 838 ἐτίμηςας
2410 760 2546 824 τὸν
2601 760 3053 838 νικήςαντα·

469 868 580 943 τῆς
633 865 756 942 γὰρ
812 863 1109 942 τοιαύτης
1167 862 1521 927 ςυντάξεως
1566 860 1685 927 οὐκ
1729 860 1952 939 οὔςης,
2011 860 2162 925 οὐδ’
2216 861 2254 939 ἡ
2310 861 2416 926 ἐπὶ
2472 861 2825 940 πρόςωπον
2865 862 3053 939 μετά-

475 970 640 1046 βαςις
683 968 947 1031 νοεῖται.
3090 986 3122 1032 5

636 1067 817 1131 Τινὲς
862 1068 977 1146 μὲν
1023 1067 1144 1132 οὖν
1189 1067 1516 1147 ὑπέλαβον
1561 1065 2009 1142 ἐντελεςτέραν
2053 1064 2217 1129 εἶναι
2263 1068 2379 1144 τὴν
2423 1067 2579 1144 μετὰ
2625 1066 2922 1145 ῥημάτων
2953 1069 3055 1132 καὶ

470 1169 886 1247 ἀντωνυμιῶν
954 1169 1218 1248 φράςιν,
1285 1168 1416 1244 εἴγε
1482 1168 1594 1232 ἐπ’
1650 1166 1844 1232 ἐνίων
1903 1167 2294 1251 ςυντάξεων,
2360 1167 2860 1247 ὑφαιρουμένων
2918 1175 3053 1233 τῶν

469 1270 917 1353 ἀντωνυμιῶν,
973 1271 1159 1348 ἐνδεῆ
1213 1272 1293 1334 τὰ
1346 1276 1466 1334 τοῦ
1523 1270 1724 1346 λόγου
1778 1270 2036 1345 γίνεται.
2134 1269 2387 1333 ἐντελὲς
2443 1270 2556 1349 μὲν
2613 1272 2740 1347 γὰρ
2783 1270 2858 1333 τὸ
2904 1270 3053 1345 ἐγὼ

467 1372 691 1454 <μὲν>
748 1372 1336 1454 παρεγενόμην,
1393 1373 1479 1437 ςὺ
1539 1370 1595 1436 δ’
1649 1370 1742 1435 οὐ
1798 1372 2281 1453 παρέτυχες,
2335 1370 2624 1436 ἐλλειπὲς
2677 1373 2748 1435 δὲ
2791 1372 2866 1436 τὸ
2912 1391 3052 1435 πα-

300 1473 908 1552 28Αρεγενόμην
964 1474 1141 1551 μέν,
1210 1474 1300 1538 οὐ
1365 1473 1813 1551 παρέτυχες
1878 1473 1979 1537 δέ.
2035 1509 2120 1519 -
2179 1472 2337 1548 Ἐγὼ
2400 1474 2471 1537 δὲ
2540 1472 2658 1536 οὐκ
2713 1470 2886 1551 οἶμαι
2940 1473 3054 1537 τὰς
3093 1491 3157 1540 10

464 1574 760 1639 τοιαύτας
815 1576 1078 1654 φράςεις
1133 1575 1413 1639 ἐλλιπεῖς
1468 1572 1634 1638 εἶναι
1691 1580 1823 1639 τῶν
1879 1574 2325 1651 ἀντωνυμιῶν,
2384 1572 2555 1638 ὅπου
2600 1574 2702 1639 διὰ
2748 1573 3047 1653 ῥημάτων

464 1678 621 1741 κατὰ
684 1677 759 1740 τὸ
815 1682 1082 1754 πρῶτον
1141 1676 1493 1753 πρόςωπον
1549 1677 1648 1739 καὶ
1702 1677 2011 1754 δεύτερον
2065 1675 2104 1753 ἡ
2160 1683 2291 1741 τῶν
2350 1676 2649 1754 ῥημάτων
2707 1675 3047 1753 παράθεςις

464 1776 828 1855 ἀναπληροῖ
878 1779 996 1856 τὴν
1050 1780 1185 1842 τῶν
1240 1779 1608 1856 προςώπων
1662 1778 2031 1860 μετάβαςιν,
2084 1778 2377 1855 περιςςὸν
2422 1778 2640 1856 μέντοι
2683 1780 2798 1857 τὴν
2843 1778 3045 1855 παρά-

463 1884 634 1943 θεςιν
678 1877 1141 1958 ὑπολαμβάνω,
1190 1879 1244 1942 εἰ
1287 1881 1367 1958 μὴ
1413 1884 1745 1958 διαςτολῆς
1791 1879 1829 1943 ὁ
1876 1880 2071 1955 λόγος
2115 1882 2354 1963 χρῄζοι.
2441 1880 2517 1943 τὸ
2561 1879 2686 1957 γὰρ

568 2060 583 2067 -
867 1982 1067 2064 ᾔομεν
1112 1979 1462 2060 ἀχνύμενοι
1506 1980 1571 2065 (κ
1612 1981 1766 2064 570)
2154 2037 2158 2041 .
3088 2000 3150 2048 15

464 2085 566 2147 καὶ
608 2085 684 2146 τὸ

867 2185 1176 2263 ἤμβροτες
1223 2184 1363 2249 οὐδ’
1405 2184 1625 2262 ἔτυχες
1670 2182 1742 2266 (Ε
1785 2182 1940 2263 287)

380 2303 425 2357 Β
460 2288 565 2351 καὶ
620 2287 847 2363 ςχεδόν
904 2285 1023 2364 ὅλη
1066 2286 1105 2363 ἡ
1153 2291 1366 2365 χρῆςις
1409 2290 1525 2349 τοῦ
1573 2285 1743 2366 βίου,
1803 2285 2048 2364 πλήρης
2103 2285 2262 2351 οὗςα
2315 2289 2427 2363 τῆς
2482 2286 2779 2365 τοιαύτης
2824 2286 3045 2350 ςυντά-

458 2395 653 2466 ξεως,
709 2387 952 2453 δόξειεν
1009 2388 1090 2453 ἂν
1135 2388 1468 2452 ἐλλείπειν.
1572 2387 1821 2465 πέφυκε
1864 2387 1990 2465 γὰρ
2033 2386 2071 2464 ἡ
2116 2390 2231 2467 μὲν
2276 2392 2408 2452 τῶν
2455 2387 2753 2466 ῥημάτων
2798 2388 3047 2466 ἐκφορὰ

459 2492 617 2569 μετὰ
670 2489 1026 2567 προςώπου
1080 2494 1198 2554 τοῦ
1252 2489 1413 2554 κατὰ
1455 2490 1570 2567 τὴν
1615 2487 1871 2553 εὐθεῖαν
1930 2490 2028 2552 καὶ
2082 2492 2340 2568 πρᾶγμα
2385 2492 2657 2571 δηλοῦν,
2713 2489 2751 2566 ἡ
2797 2492 2867 2553 δὲ
2911 2493 3046 2555 τῶν
3082 2511 3148 2559 20

458 2592 885 2669 ἀντωνυμιῶν
931 2590 1089 2654 αὐτὸ
1134 2589 1340 2668 μόνον
1385 2588 1738 2669 πρόςωπον
1782 2590 1914 2671 καί,
1960 2588 2014 2654 εἰ
2058 2591 2223 2672 δέοι,
2271 2591 2623 2669 διαςτολήν.
2719 2590 2877 2655 ὅταν
2924 2591 3044 2657 οὖν

455 2693 537 2756 τά
594 2691 843 2771 ῥήματα
905 2698 1260 2776 παρατεθῇ,
1325 2691 1619 2771 περιςςόν
1688 2691 1814 2755 ἐςτι
1880 2691 1993 2756 τὰς
2060 2691 2458 2771 ἀντωνυμίας
2523 2691 2868 2771 λαμβάνειν
2933 2696 3045 2772 τῆς

456 2794 732 2871 εὐθείας,
800 2794 965 2876 εἴγε,
1029 2795 1120 2858 δι’
1178 2795 1216 2857 ὃ
1261 2794 1708 2876 παρετίθεντο,
1771 2794 2137 2871 ἐπληροῦτο
2182 2795 2286 2858 διά
2344 2797 2478 2859 τῶν
2524 2793 2841 2873 ῥημάτων.
2928 2800 3043 2859 τοῦ

381 2912 421 2967 c
457 2897 676 2976 μέντοι
720 2897 920 2973 λόγου
966 2896 1284 2976 δεομένου
1328 2883 1834 2978 ἀντιδιαςτολῆς,
1879 2896 1983 2959 καὶ
2025 2900 2158 2959 τῶν
2204 2894 2504 2973 ῥημάτων
2550 2898 2630 2975 μὴ
2663 2896 3042 2974 δυναμένων

455 2998 548 3063 ἔτι
592 3001 788 3065 τοῦτο
835 2999 1322 3078 ἀναπληρῶςαι,
1370 2997 1436 3063 ἐξ
1481 2997 1762 3075 ἀνάγκης
1805 2997 2414 3077 παραλαμβάνονται
2458 2996 2525 3060 αἵ
2565 3018 2634 3061 τε
2681 2998 2838 3062 κατὰ
2882 2997 3044 3080 <τὸ>
3079 3018 3145 3067 25

454 3105 719 3178 πρῶτον
764 3100 864 3163 καὶ
908 3098 971 3163 αἱ
1014 3100 1174 3163 κατὰ
1215 3099 1291 3163 τὸ
1336 3097 1675 3177 δεύτερον,
1731 3098 1952 3176 ἡμεῖς
1998 3099 2465 3177 κατέβημεν,
2521 3098 2672 3175 ἐγὼ
2718 3099 3041 3164 ἐθεαςά-

455 3222 637 3279 μην,
692 3200 794 3264 καὶ
848 3200 953 3264 ἐπὶ
994 3205 1125 3264 τῶν
1172 3199 1532 3277 ὀνομάτων.
1633 3199 1843 3283 τούτῳ
1903 3200 1975 3262 δὲ
2027 3205 2119 3281 τῷ
2168 3199 2344 3281 λόγῳ
2390 3200 2646 3264 κάκεῖνο
2691 3198 3041 3265 ἀςύςτατον

454 3302 864 3378 καθειςτήκει·
920 3300 1283 3379 αἰρομένων
1340 3302 1464 3379 γὰρ
1515 3305 1647 3365 τῶν
1705 3299 2126 3379 ἀντωνυμιῶν
2171 3304 2506 3386 διαςτολῆς
2563 3299 2695 3380 εἶχε
2741 3301 2958 3380 χρείαν
3001 3301 3040 3379 ἡ

454 3404 783 3482 ςυμπλοκὴ
839 3406 949 3480 τῆς
1006 3401 1333 3485 φράςεως,
1389 3402 1540 3477 ἐγὼ
1588 3403 1726 3480 μὲν
1770 3401 2361 3484 παρεγενόμην,
2420 3403 2503 3466 ςὺ
2549 3405 2634 3467 δὲ
2669 3403 2857 3496 ι<οὐ>
2900 3424 3041 3467 πα-

454 3505 797 3583 ρέτυχεα

586 3672 806 3729 Anavu.
876 3678 908 3726 6
959 3671 1322 3725 Nominativo
1370 3669 1717 3740 pronominis
1761 3688 1890 3724 cum
1936 3670 2107 3724 verbo
2153 3671 2453 3724 coniuncto
2505 3671 2736 3740 quidam
2787 3673 3045 3727 statuunt

452 3755 766 3824 pleniorem
803 3755 923 3809 fieri
947 3754 1274 3810 orationem.
1332 3754 1456 3821 Qua
1486 3755 1545 3808 in
1578 3771 1638 3808 re
1674 3755 1859 3823 prima
1883 3757 1944 3809 et
1964 3754 2212 3809 secunda
2234 3771 2379 3824 pers.
2408 3771 2444 3809 a
2464 3756 2635 3810 tertia
2658 3757 3040 3827 seiungendae

451 3841 597 3895 sunt.
694 3839 811 3893 Nos
869 3857 1159 3894 censemus
1211 3840 1269 3892 in
1327 3840 1512 3909 prima
1569 3842 1629 3893 et
1678 3838 1926 3894 secunda
1975 3856 2123 3908 pers.
2177 3839 2461 3908 superflua
2512 3857 2632 3895 esse
2686 3841 3039 3910 pronomina,

450 3926 852 3993 praeterquam
887 3924 987 3977 ubi
1022 3940 1321 3993 personae,
1340 3923 1511 3992 quod
1546 3923 1696 3977 inter
1729 3939 1788 3978 se
1825 3924 2218 3992 opponuntur,
2256 3923 2685 3995 distinguendae
2722 3927 2869 3983 sunt.

585 4075 772 4132 Dmcn.
822 4095 1025 4134 sempr.
1095 4082 1263 4131 8-9.
1309 4078 1421 4141 ἐγὼ
1466 4078 1570 4142 μὲν
1611 4076 1677 4142 b,
1725 4092 1840 4140 εγω
1889 4078 1931 4129 Α
1999 4079 2008 4144 Ι
2071 4081 2122 4130 9.
2161 4076 2384 4131 litterae
2431 4095 2504 4143 ομ
2547 4077 2606 4130 in
2643 4094 3040 4146 παρεγενομην

452 4176 592 4217 corr.
629 4162 726 4223 A¹,
773 4161 908 4229 quid
945 4161 1077 4215 ante
1114 4161 1288 4215 fuerit·
1320 4177 1433 4216 non
1468 4160 1718 4215 cernitur
1780 4161 1790 4228 Ι
1855 4163 2108 4215 ελλειπες
2146 4163 2218 4226 Α,
2262 4163 2487 4216 ἐλλιπὲς
2521 4161 2559 4214 b
2612 4163 2621 4227 Ι
2681 4169 2757 4221 11.
2793 4163 3041 4217 ἐλλιπεῖς

451 4246 576 4310 Ab,
613 4245 807 4314 <οὐκ>
842 4246 1089 4300 ἐλλιπεῖς
1126 4243 1388 4316 GUhligl
1432 4251 1494 4300 18
1530 4250 1634 4299 τοῦ
1673 4245 1820 4316 βίου]
1857 4245 1956 4304 fol.
1997 4251 2092 4299 153
2124 4262 2168 4297 r.
2200 4247 2213 4309 l
2244 4251 2324 4301 19.
2362 4247 2642 4300 ἐλλείπειν
2676 4246 2714 4299 b
2736 4288 2750 4312 ,
2790 4250 3039 4302 ελλιπειν

450 4330 495 4382 Α
560 4333 572 4390 Ι
636 4345 896 4393 πεφυκεν
933 4333 975 4384 Α
1042 4334 1051 4394 Ι
1115 4337 1198 4385 20.
1247 4331 1387 4396 μετὰ
1433 4331 1743 4397 προςώπου
1788 4335 1894 4382 τοῦ
1941 4331 2084 4383 κατὰ
2126 4333 2238 4396 τὴν
2273 4331 2500 4384 εὐθεῖαν
2535 4333 2626 4384 καὶ
2663 4337 2888 4398 πρᾶγμα
2927 4332 3038 4397 Ab,

450 4415 594 4477 μετὰ
646 4415 979 4481 πράγματος
1031 4417 1121 4468 καὶ
1177 4415 1487 4482 πρόςωπον
1537 4416 1606 4469 τὸ
1661 4416 1804 4468 κατὰ
1855 4417 1966 4479 τὴν
2018 4415 2246 4469 εὐθεῖαν
2298 4413 2522 4483 GUhlig
2566 4417 2576 4475 Ι
2623 4421 2688 4468 22
2740 4433 2890 4472 εςτιν
2942 4418 2985 4470 Α
3027 4418 3033 4485 Ι

447 4504 535 4552 23.
576 4502 899 4564 επληρουτο
937 4501 1009 4564 Α,
1054 4499 1448 4565 ἀνεπληροῡτο
1485 4499 1521 4552 b
1584 4501 1596 4566 Ι
1657 4504 1877 4552 26-26.
1914 4501 1985 4553 τὸ
2021 4503 2257 4569 πρῶτον
2279 4498 2342 4563 b,
2377 4515 2612 4565 πρωτον
2637 4501 2679 4552 Α
2745 4502 2754 4567 Ι
2817 4505 2900 4553 27.
2933 4517 3037 4569 pro

448 4583 754 4649 ὀνομάτων
790 4580 1014 4652 GUhlig
1048 4582 1256 4638 conicit
1290 4583 1504 4650 ὁμοίων
1543 4583 1553 4649 Ι
1591 4588 1672 4640 28.
1710 4588 2028 4649 καθιςτηκει
2052 4585 2137 4649 Α’,
2172 4600 2191 4636 ι
2214 4583 2274 4635 in
2312 4599 2358 4637 ει
2395 4586 2531 4637 mut.
2570 4587 2653 4638 Ax
2699 4585 2709 4652 Ι
2743 4601 2905 4649 ,ειχεν
2941 4586 2983 4638 Α
3026 4588 3033 4653 Ι

447 4673 532 4721 29.
558 4669 851 4734 ςυμπλοκὴ
886 4666 924 4719 b
959 4667 1019 4720 in
1052 4683 1169 4721 var.
1206 4666 1359 4732 leot„
1392 4670 1630 4733 ςυςτολὴ
1658 4668 1750 4721 Ab
1774 4666 1832 4720 in
1856 4669 2018 4721 textu
2048 4669 2058 4736 Ι
2088 4673 2305 4727 29-30.
2327 4668 2442 4733 ἐγὼ
2480 4671 2583 4733 μὲν
2618 4671 3032 4736 παρεγενόμην,

448 4752 514 4804 ςὺ
549 4752 613 4804 δὲ
647 4752 718 4804 οὐ
755 4752 1065 4818 παρέτυχες
1100 4750 1162 4815 b,
1199 4768 1313 4816 εγω
1352 4769 1455 4816 μεν
1490 4767 1884 4820 παρεγενομην
1921 4768 1983 4807 cu
2019 4755 2082 4808 δε
2117 4768 2443 4819 περιέτυχες
2469 4754 2541 4820 Α,
2579 4754 2643 4807 ἐν
2676 4759 2764 4823 τῷ
2800 4770 3037 4821 παρεγε-

454 4835 638 4903 νόμην
677 4836 806 4901 μέν,
845 4836 915 4889 οὐ
952 4836 1261 4902 παρέτυχες
1294 4837 1357 4890 δέ
1393 4833 1674 4892 GDronke
