3738 5530
935 385 1479 453 (PERSONALIVM
1514 385 1862 437 GENETlvl
1900 383 2357 449 svaLAffls)
2394 384 2828 437 mzrnsxlvs.
3101 382 3183 445 73

760 591 849 655 Τὸ
893 589 1099 669 ἄρχον
1144 590 1334 669 μέρος
1379 590 1443 653 αἱ
1486 591 1775 654 ςύνθετοι
1819 594 2103 655 κινοῦςαι
2147 591 2463 669 πρόςωπα
2501 591 2893 667 παριςτᾶςιν,
2943 589 3181 667 ὁμοίως

584 697 724 757 ταῖς
778 693 1036 766 ἁπλαῖς,
1103 693 1179 756 τὸ
1236 694 1307 756 δὲ
1359 693 1575 773 τέλος,
1643 691 1750 757 ὅτε
1807 694 2027 768 γένος·
2094 692 2430 770 ἐμαυτόν
2486 692 2609 769 γὰρ
2665 691 2764 755 καὶ
2819 690 3179 768 ἐμαυτήν.

585 793 737 859 ὅθεν
795 794 1165 859 ἐπιςτατέον
1220 802 1311 878 τῷ
1368 794 1690 879 οὐδετέρῳ
1745 797 2005 873 ςχήματι
2057 795 2201 860 κατ’
2257 792 2598 872 αἰτιατικὴν
2645 792 2988 869 ςιγηθέντι,
3044 792 3182 855 ἐπεὶ

583 895 737 960 ἰ’ςως
792 897 894 960 καὶ
945 896 985 974 ἡ
1039 896 1369 974 κατάληξις
1415 898 1722 975 ςυνήγετο
1768 896 1856 961 εἰς
1903 899 1941 961 ὃ
1986 898 2126 960 κατ’
2174 894 2326 962 ὀξὺν
2370 895 2602 975 τόνον,
2656 895 2838 975 (καθὸ
2885 892 2950 957 αἱ
2994 892 3180 958 οὐδέ-

502 1004 554 1058 Β
587 1018 765 1077 τεραι
806 1003 941 1063 τῶν
987 1001 1433 1075 ἁντωνυμιῶν,
1480 999 1672 1078 χωρὶς
1713 1002 1845 1063 τῶν
1878 1003 2215 1080 κτητικῶν,
2261 997 2349 1061 εἰς
2395 1004 2433 1061 ο
2479 996 2714 1074 ἔληγον
2756 995 2914 1075 μετὰ
2940 995 3180 1059 τάςεως
3217 1008 3248 1085 ξ)

584 1102 696 1177 τῆς
741 1102 856 1163 τοῦ
915 1098 1295 1185 ἀρςενικοῦ,)
1352 1100 1514 1179 ὅπερ
1568 1100 1639 1165 ἐν
1698 1100 1871 1178 μέρει
1929 1102 2130 1176 λόγου
2175 1098 2294 1164 οὐκ
2338 1099 2490 1163 ἐνὸν
2535 1098 2822 1175 εῦρέςθαι
2867 1098 3004 1178 (τῆς
3049 1096 3181 1161 ἀπό

586 1203 691 1266 καὶ
732 1202 859 1266 ὑπό
905 1199 1430 1281 ὑφαιρουμένων,
1476 1203 1693 1266 καθότι
1736 1203 2061 1267 ἀδύνατον
2107 1201 2403 1279 πρόθεςιν
2451 1199 2856 1279 βαρύνεςθαι,
2901 1199 3098 1277 χωρὶς
3128 1197 3182 1261 εἰ

587 1304 670 1381 μὴ
725 1301 1221 1381 ἀναςτρέφοιτο·
1289 1303 1445 1368 οὐδὲ
1499 1305 1623 1380 γὰρ
1676 1303 1924 1369 Αἰολεῖς
1982 1304 2098 1367 τὸν
2155 1302 2262 1366 ἐπὶ
2309 1302 2564 1366 ταύταις
2621 1300 2820 1366 τόνον
2878 1298 3179 1379 ἀναβιβά-

586 1405 859 1485 Ζουςιν)·
933 1402 1342 1468 ὑπολείπεται
1401 1404 1520 1470 οὖν
1577 1406 2034 1483 ςημειούμενον
2088 1406 2165 1468 τὸ
2222 1403 2381 1468 αὐτό
2439 1404 2592 1483 (καὶ,
2658 1401 2712 1466 εἰ
2767 1402 2838 1468 ἕν
2883 1402 3033 1477 έςτι,
3103 1401 3179 1464 τὸ

586 1504 765 1590 εἰςὸ).
865 1505 1006 1568 ἀλλ’
1064 1506 1120 1570 εἰ
1175 1507 1279 1570 καὶ
1332 1510 1527 1571 τοῦτο
1584 1506 1837 1572 ἁπλοῦν
1895 1506 2098 1589 ἔςτιν,
2154 1503 2234 1570 οὐ
2289 1505 2550 1570 πάντως
2606 1505 2705 1568 καὶ
2746 1505 2823 1567 τὸ
2869 1504 2933 1569 ἐξ
2977 1503 3180 1568 αὐτοῦ
3219 1516 3283 1564 10

586 1608 922 1682 ςύνθετον,
980 1607 1149 1682 λέγω
1204 1609 1275 1672 δὲ
1328 1607 1406 1671 τὸ
1460 1607 1722 1686 ἐμαυτό·
1822 1607 1951 1672 ὑπὸ
2008 1609 2133 1686 γὰρ
2185 1606 2628 1686 ἀκριβεςτέρου
2675 1605 2876 1681 λόγου
2921 1604 3183 1683 ἐμποδί-

499 1715 546 1769 C
583 1713 797 1789 [erut.¹
848 1707 907 1771 εἴ
948 1730 1006 1773 τι
1048 1710 1172 1787 γὰρ
1218 1709 1565 1787 οὐδέτερόν
1610 1709 1776 1773 ἐςτιν
1822 1709 2162 1786 αἰτιατικῆς
2189 1709 2527 1789 πτώςὲως,
2571 1711 2768 1771 τοῦτο
2801 1710 2902 1771 καὶ
2932 1706 3180 1771 εὐθείας

582 1809 776 1874 ἑςτίν’
833 1809 975 1873 ἀλλ’
1026 1808 1350 1875 ἀδύνατον
1405 1811 1481 1875 τὸ
1525 1814 1636 1888 τῆς
1688 1811 1933 1875 εὐθείας
1981 1811 2401 1876 ςυνίςταςθαι·
2461 1808 2747 1884 εὐλόγως
2791 1808 2917 1887 ἄρα
2962 1811 3064 1872 καὶ
3105 1808 3182 1872 τὸ

580 1913 696 1987 τῆς
749 1910 1088 1989 αἰτιατικῆς
1160 1915 1360 1991 ςχῆμα
1414 1912 1684 1991 ἐςιγήθη.
1792 1912 1935 1977 ἀλλ’
1999 1913 2054 1977 εἰ
2108 1912 2274 1977 ἅπαξ
2327 1909 2660 1989 Εὐριπίδης
2714 1910 3023 1989 ἐχρήςατο
3080 1910 3183 1973 ἐπὶ

589 2012 895 2090 δευτέρου
940 2014 1294 2090 προςώπου
1339 2013 1410 2079 ἐν
1454 2019 1547 2096 τῷ
3218 2025 3281 2071 15

840 2114 1047 2192 ἔγειρέ
1092 2134 1198 2192 μοι
1244 2116 1469 2180 ςεαυτὸ
1513 2117 1613 2180 καὶ
1655 2116 1882 2191 γίγνου
1926 2118 2121 2195 θραςύ
2168 2116 2277 2197 (fr.
2325 2113 2452 2177 694
2495 2112 2720 2178 Nauck
2768 2111 3094 2194 Dindorffl,

587 2218 784 2280 τοῦτο
830 2214 910 2279 οὐ
954 2218 1172 2281 κανὼν
1213 2219 1541 2295 γενήςεται
1586 2220 1703 2281 τοῦ
1749 2217 2035 2292 εὐλόγως
2078 2218 2441 2295 ςιγηθέντος
2489 2218 2821 2294 ςχήματος.

394 2327 549 2380 94A
762 2318 1098 2396 [Περιςςὸν
1144 2316 1262 2381 οὖν
1308 2318 1434 2383 ε’ςτὶ
1477 2321 1720 2396 ζητεῖν,
1768 2317 1850 2383 «εἰ
1896 2320 2039 2383 κατ’
2082 2317 2470 2384 ἀκολουθίαν
2514 2321 2744 2396 φωνῆς
2775 2317 2895 2381 οὐκ
2924 2316 3179 2394 ἔχουςιν

585 2418 842 2482 εὐθεῖαν
900 2417 965 2481 αἱ
1018 2420 1338 2502 ςύνθετοι,
1404 2418 1543 2483 ἀλλ’
1601 2419 1720 2484 οὖν
1777 2439 1851 2496 γε
1907 2422 2064 2485 κατὰ
2116 2421 2191 2484 τὸ
2248 2419 2740 2496 ςημαινόμενον·
2813 2419 2903 2482 ὡς
2958 2419 2996 2495 ἡ
3050 2418 3179 2493 ἐγώ

586 2521 752 2597 πρὸς
806 2520 922 2598 τὴν
980 2520 1171 2601 ἐμοῦ,
1241 2519 1451 2585 οὕτως
1506 2523 1544 2598 ὴ
1603 2521 1732 2597 ἐγὼ
1793 2521 1986 2586 αὐτός
2029 2522 2193 2600 πρὸς
2247 2523 2362 2598 τὴν
2418 2522 2743 2598 ἐμαυτοῦ».
2844 2519 3011 2584 ἅπαξ
3054 2521 3180 2597 γὰρ
3217 2532 3282 2579 20

586 2620 867 2700 ἐδείχθη,
919 2621 1008 2685 ὡς
1052 2622 1241 2686 ἕνεκα
1283 2629 1414 2686 τῶν
1459 2621 1905 2688 αὐτοπαθειῶν
1951 2623 2012 2685 αἱ
2058 2622 2447 2700 ἀντωνυμίαι
2488 2622 2604 2699 τὴν
2645 2622 2927 2686 ςύνθεςιν
2959 2620 3179 2685 ἀνεδέ-

584 2728 812 2798 ξαντο,
858 2721 1022 2802 ὅπερ
1066 2723 1138 2790 ἐν
1183 2724 1406 2802 μόναις
1450 2725 1743 2801 πλαγίοις
1789 2725 2056 2804 ἑωρᾶτο.
2132 2723 2282 2789 οὔτε
2328 2723 2398 2789 ἐν
2444 2722 2722 2788 ςυνθέςει
2768 2721 2894 2802 ἄρα
2932 2721 3180 2788 εὐθείας

587 2824 875 2906 ἔχουςιν,
921 2824 1072 2890 οὔτε
1116 2826 1154 2903 ἡ
1201 2827 1477 2904 ἐμαυτοῦ
1520 2829 1734 2904 γενική
1781 2827 1905 2892 ἐςτι
1949 2831 2066 2891 τοῦ
2113 2828 2239 2903 ἐγὼ
2287 2825 2502 2891 αὐτός.
2576 2825 2724 2901 ἐγὼ
2771 2827 2895 2903 γὰρ
2941 2824 3180 2889 αὐτὸς

504 2933 554 2985 Β
594 2925 914 3002 ἤκουςα,
973 2927 1077 2990 καὶ
1120 2928 1279 2991 κατὰ
1321 2932 1439 2991 τοῦ
1484 2929 1685 2991 αὐτοῦ
1730 2931 2082 3006 προςώπου
2125 2932 2395 3007 μετοχῆς
2439 2927 2937 3007 ἐπιφερομένης,
2992 2925 3179 3004 ἐμοῦ

586 3027 826 3091 αὐτοῦ
923 3028 1443 3108 ἀκούςαντος,
1544 3031 1643 3093 ὼς
1730 3029 2230 3109 Ἀρίςταρχος
2317 3027 2573 3108 εἶπεν,
2674 3027 3180 3106 Ἀριςτάρχου
3216 3039 3282 3087 25

588 3128 991 3193 εἰπόντος.
1067 3129 1184 3194 οὐκ
1229 3130 1356 3195 ἔςτι
1401 3132 1470 3195 δε’
1514 3151 1608 3195 τις
1652 3131 1869 3196 εὐθεῖα
1911 3131 2080 3213 <μ>ἠ
2125 3131 2361 3211 ἔχουςα
2390 3132 2646 3209 γενικὴν
2678 3129 3178 3208 ςυνταςςομένην

730 3315 937 3366 Anava.
1004 3320 1029 3367 l
1076 3313 1246 3367 Initia.
1288 3314 1678 3384 pronominum
1728 3314 2121 3368 reflexivorum
2169 3315 2386 3369 variata
2421 3331 2779 3383 personarum
2819 3313 3178 3376 mutationes,

587 3399 1014 3451 terminationes
1060 3398 1236 3453 flexae
1283 3415 1553 3468 generum
1600 3399 2009 3453 vicissitudines
2055 3399 2326 3457 iudicant.-
2395 3399 2661 3452 Neutrius
2695 3398 2918 3468 generis
2955 3413 3178 3450 accusa-

588 3481 694 3535 tivi
737 3498 844 3535 non
894 3483 1143 3547 exstant,
1196 3483 1330 3551 quia
1373 3501 1443 3536 nc
1480 3483 1813 3536 nominativi
1857 3483 2085 3551 quidem
2131 3483 2535 3544 admittuntur3
2591 3483 2649 3536 hi
2687 3484 2834 3536 euim
2871 3501 3032 3535 casus
3069 3499 3182 3534 una

587 3582 713 3620 esse
749 3567 947 3621 solent.
986 3598 1050 3605 —
1086 3572 1152 3621 20
1193 3569 1331 3633 Ἐγὼ
1368 3569 1539 3622 αὐτός
1577 3585 1685 3621 non
1724 3571 1809 3621 cst
1854 3568 2232 3621 nominativus
2278 3568 2350 3622 ad
2397 3571 2644 3634 ἐμαυτοῦ
2690 3567 3017 3637 genetivum
3053 3583 3178 3635 per*

587 3649 789 3706 tineus,

722 3818 940 3873 Tmm.
1014 3826 1078 3873 26
1114 3821 1283 3874 Prisc.
1310 3820 1467 3879 ΧΙΙΙ,
1494 3827 1559 3874 26
1584 3837 1638 3888 p.
1670 3826 1754 3886 17,
1781 3828 1873 3874 27:
1912 3839 2011 3876 nec
2029 3827 2208 3890 potest
2242 3839 2353 3877 esse
2386 3823 2788 3884 nominativum
2828 3824 2989 3877 cuius
3013 3822 3180 3875 etiam

588 3888 840 4010 ‹1wa
884 3888 1057 3988 eid'em
1098 3890 1256 3943 verbo
1293 3890 1468 3967 possit
1510 3890 1631 3968 sique
1652 3890 2006 3985 fraga-sitione
2049 3891 2134 3944 vel
2179 3892 2610 3958 reciprocatione
2644 3891 2911 3959 adiunyi,
2963 3896 3028 3944 ut
3063 3898 3180 3958 ‘eqo

588 3972 701 4009 sort
792 3997 806 4020 ,
868 3972 975 4010 ητα
1034 3962 1217 4012 autem
1254 3957 1470 4028 ‘ambo’
1510 3957 1690 4010 dtceve
1724 3973 1836 4011 non
1863 3974 2172 4025 possumus.

846 3964 863 3989 C

727 4108 919 4162 Discn.
968 4128 1174 4162 senum
1254 4115 1300 4162 1.
1338 4109 1663 4174 παρίςταςιν
1708 4110 1744 4162 b
1799 4113 1806 4171 Ι
1860 4117 1909 4164 6,
1959 4111 2022 4163 ἐν
2067 4112 2233 4180 (tvl)
2279 4113 2430 4177 μέρει
2478 4112 2651 4174 λόγου
2687 4110 3067 4170 RSchneidcr,
3115 4114 3179 4167 ἐν

589 4177 833 4245 (ἄλλῳ)
868 4179 1020 4244 μέρει
1059 4178 1229 4240 λόγου
1264 4176 1616 4244 JGuttentag
1662 4178 1671 4240 Ι
1719 4183 1767 4230 9.
1808 4195 1955 4231 εςτιν
1992 4179 2038 4230 A
2072 4183 2082 4247 Ι
2123 4185 2201 4231 10.
2240 4177 2353 4232 είςὸ
2389 4177 2772 4244 RSchncider,
2813 4178 2928 4232 είςό
2967 4180 3027 4242 b,
3066 4197 3178 4236 ειςο

592 4246 635 4297 Α
684 4248 692 4307 Ι
740 4251 915 4298 τοῦτο
952 4247 1176 4299 ἁπλοῦν
1211 4246 1360 4299 ἐςτιν
1396 4242 1778 4306 RSchnoider‚
1828 4251 2004 4300 τοῦτο
2040 4250 2263 4302 ἁπλοῦν
2300 4247 2449 4299 ἐςτίν
2487 4246 2603 4304 ΑΙ).
2641 4251 2816 4300 τοῦτο
2853 4248 2922 4299 τὸ
2958 4248 3178 4300 ἁπλοῦν

590 4314 739 4365 έςτιν
761 4311 1112 4380 JGuttentag
1141 4317 1148 4376 Ι
1183 4318 1260 4364 16.
1287 4313 1465 4377 ἔγειρέ
1503 4311 1538 4362 b
1565 4311 1815 4365 ANauck
1843 4313 2153 4372 GDindorf.
2193 4332 2303 4377 εγει
2342 4331 2396 4367 αι
2425 4315 2465 4366 Α
2499 4323 2506 4378 Ι
2540 4319 2618 4365 18.
2645 4313 2919 4380 Περιςςὸν
2949 4351 3005 4356 -
3036 4321 3117 4378 74,
3145 4322 3176 4367 2

591 4381 779 4433 οὐκέτι
822 4379 1077 4433 tollenda.
1121 4381 1181 4433 et
1222 4385 1317 4442 71,
1361 4387 1391 4431 8
1448 4381 1580 4446 post
1623 4382 1994 4447 ςυνυπάρχειν
2040 4383 2288 4436 colloean
2332 4398 2367 4433 a
2410 4397 2528 4434 esse
2577 4381 2722 4433 vidit
2767 4380 3129 4435 RSkrzeezka
3168 4385 3173 4450 Ι

590 4452 673 4499 21.
710 4449 1106 4502 αὐτοπαθειῶν
1141 4447 1199 4501 αἱ
1234 4448 1580 4511 ἀντωνυμίαι
1616 4447 2004 4515 RSkrzeczka,
2052 4453 2400 4504 αὐτοπαθῶν
2434 4449 2490 4502 αἱ
2527 4449 2870 4514 ἀντωνυμίαι
2907 4448 3178 4503 JGutten-

590 4516 714 4583 τῶς,
750 4516 1100 4570 αὐτοπαθῶν
1135 4516 1509 4579 ἀντωνυμιών
1547 4514 1638 4568 Ab
1687 4516 1696 4582 Ι
1744 4520 1804 4568 21
1828 4523 1960 4568 ι--22
1998 4519 2332 4573 ἀνεδέξαντο
2371 4519 2413 4570 Α
2455 4513 2842 4582 RSkrzeczka,
2878 4517 3178 4572 ἀνεδέξατο

594 4596 632 4649 b
663 4604 673 4661 Ι
701 4604 782 4652 22.
821 4600 1017 4663 μόναις
1051 4599 1117 4664 b,
1154 4615 1345 4665 μονοις
1383 4601 1426 4652 Α
1458 4600 1467 4664 Ι
1506 4616 1709 4665 εορατο
1748 4602 1788 4653 Α
1831 4603 1840 4666 Ι
1881 4603 2014 4656 οὔτε
2054 4602 2113 4666 b,
2151 4603 2273 4656 ουδ’
2309 4604 2352 4655 Α
2393 4605 2400 4663 Ι
2450 4602 2693 4655 ςυνθέςει
2731 4601 2790 4662 b,
2832 4606 3079 4656 ςυνθεςςΙ
3120 4602 3178 4654 in

600 4663 707 4717 fine
741 4683 932 4721 versus
970 4669 1042 4732 Α,
1079 4668 1292 4735 puncta.
1325 4664 1621 4732 adscripsit
1655 4669 1697 4720 Α
1731 4675 1738 4728 1
1771 4685 1878 4735 αρα
1919 4671 1984 4732 Α,
2023 4671 2126 4723 οῦν
2162 4669 2198 4720 b
2229 4671 2238 4735 Ι
2269 4674 2334 4721 23
2390 4683 2611 4788 effluent
2646 4670 2688 4721 Α
2717 4671 2724 4732 Ι
2772 4670 2907 4722 οὔτε
2944 4673 2979 4737 ὴ
3016 4671 3179 4730 ἐμαυ-

598 4738 699 4784 τοῦ
744 4734 805 4794 b,
860 4741 896 4801 ἢ
943 4736 1076 4788 οὐδε
1125 4736 1370 4796 εμάὺτου
1407 4735 1479 4797 Α,
1531 4734 1755 4802 punctis
1801 4736 1872 4788 ab
1913 4738 1974 4789 A·
2024 4736 2319 4802 adscriptis
2364 4735 2417 4787 in
2466 4735 2643 4787 'catur
2685 4736 2968 4801 quomodo
3005 4738 3181 4789 verba

600 4798 920 4855 collocanda
953 4802 1067 4854 sint
1096 4806 1105 4867 Ι
1136 4803 1250 4866 ἐγὼ
1287 4801 1483 4867 αὐτός]
1522 4800 1617 4855 fol.
1658 4809 1751 4856 152
1778 4820 1820 4855 r.
1851 4811 1859 4864 Ι
1893 4809 2106 4857 :eb—26.
2134 4805 2391 4870 <αὺτός>
2426 4805 2588 4857 εἶπεν
2625 4803 2686 4856 et
2707 4805 2968 4872 (αὐτοῦ)
2993 4805 3179 4859 είπόν·

602 4882 695 4919 τος
730 4866 1138 4923 CWachsmuth
1170 4873 1180 4936 ι
1210 4873 1291 4921 26.
1329 4883 1478 4922 εςτιν
1516 4871 1559 4922 Α
1592 4870 1601 4936 Ι
1632 4872 1705 4936 μὴ
1743 4871 1944 4936 ἔχουςα
1977 4870 2357 4936 RSkrzeczka,
2396 4873 2431 4936 ἡ
2471 4871 2673 4939 ἔχουςα
2708 4874 2751 4927 Α
2770 4872 2808 4925 b
