3738 5530
1278 356 1377 406 DE
1412 355 1756 407 ACCENTV
1789 355 2299 408 PRONOMINVM.
2993 355 3073 419 47

488 557 804 639 ςύνθεςιν,
861 556 1035 622 οὕτω
1092 559 1197 621 καὶ
1252 556 1318 621 οἷ
1370 558 1433 622 τ’
1489 557 1681 642 αὐτῷ.
1774 558 1997 623 «Ἀλλὰ
2056 558 2212 641 [καὶ]
2276 556 2339 621 αἱ
2396 557 2556 622 κατὰ
2608 558 2684 622 τὸ
2729 557 2944 636 τρίτον
2990 558 3076 622 εἰς

488 660 793 725 ςύνθετον
849 659 1484 740 μεταλαμβάνονται.»
1576 660 1649 724 Τί
1707 660 1806 735 δέ;
1864 660 2009 738 οὐχὶ
2067 661 2166 723 καὶ
2221 660 2284 724 αἱ
2338 661 2498 724 κατὰ
2550 660 2625 724 τὸ
2671 662 2933 738 πρῶτον
2979 660 3075 724 καὶ

310 795 379 842 59
400 792 448 844 A
487 762 824 841 δεύτερον,
872 763 974 826 καὶ
1018 760 1072 827 εἰ
1118 762 1473 841 ςπανιάκις,
1521 761 1665 827 ἀλλ’
1710 761 1831 826 οὖν
1876 782 1950 838 γε
1996 761 2617 842 μεταλαμβάνονται;

737 864 939 929 αὐτὸν
985 866 1101 944 μὲν
1147 864 1212 928 ςὲ
1255 868 1483 941 πρῶτα
1528 863 1686 928 ςάου
1733 864 1799 947 (ρ
1842 862 2025 949 595)-

1093 964 1232 1029 οὐδ’
1277 965 1385 1044 ἐμέ
1429 987 1590 1046 φημι
1637 965 2025 1044 λελαςμένον
2070 965 2151 1048 (Ν
2198 963 2384 1046 269)·
3112 979 3144 1025 5

482 1067 584 1131 καὶ

1296 1170 1404 1249 ἐμὲ
1451 1169 1716 1248 λύςομαι
1760 1167 1839 1253 (Κ
1884 1168 2068 1251 378)·

483 1268 724 1349 εἴρηταί
768 1291 837 1334 τε
882 1272 986 1335 καὶ
1026 1271 1066 1349 ἡ
1113 1270 1279 1336 αἰτία
1323 1274 1440 1336 τοῦ
1485 1272 1600 1336 τὰς
1645 1271 1806 1336 κατὰ
1849 1272 1924 1334 τὸ
1970 1273 2184 1348 τρίτον
2229 1270 2534 1335 πλείονας
2579 1267 2759 1335 εἶναι.

657 1372 767 1436 Καὶ
822 1372 885 1436 αἱ
940 1373 1215 1453 κτητικαὶ
1270 1375 1341 1438 δὲ
1398 1373 1642 1455 ὁμοίως
1697 1371 2292 1453 μεταληφθήςονται
2354 1371 2439 1435 εἰς
2494 1373 2832 1437 ςυνθέτους
2890 1375 2929 1452 ἢ
2987 1373 3074 1437 εἰς

399 1483 445 1537 Β
482 1473 724 1555 ἁπλᾶς,
791 1475 1403 1554 προληπτικώτερον
1459 1473 1655 1539 πάλιν
1708 1480 1904 1538 τινῶν
1972 1473 2506 1552 ὑποςτηςαμένων
2572 1474 2648 1538 τὸ
2715 1474 2918 1554 μόνον
2985 1474 3074 1539 εἰς
3114 1488 3177 1535 10

479 1576 824 1641 ςυνθέτους
868 1576 1064 1642 αὐτὰς
1107 1577 1703 1657 μεταλαμβάνεςθαι.
1801 1575 1970 1653 Ἔχει
2025 1576 2097 1639 δὲ
2140 1577 2219 1640 τὰ
2262 1580 2379 1640 τοῦ
2423 1575 2624 1652 λόγου
2670 1574 2819 1641 ὧδε.
2909 1576 3073 1641 ἐπὰν

480 1678 596 1754 μὲν
653 1678 690 1756 ἡ
747 1677 1023 1757 διάβαςις
1078 1681 1196 1742 τοῦ
1259 1678 1538 1758 ῥήματος
1594 1675 1726 1742 ἀπὸ
1782 1680 1894 1755 τῆς
1948 1678 2229 1753 γενικῆς,
2298 1676 2431 1754 ἥτις
2497 1676 2567 1741 ἐκ
2621 1680 2732 1754 τῆς
2790 1680 3073 1756 κτητικῆς

480 1780 1055 1858 μεταλαμβάνεται,
1111 1781 1226 1858 τὴν
1272 1779 1555 1859 διάβαςιν
1600 1778 1703 1842 ἐπὶ
1747 1778 1823 1842 τὸ
1869 1778 2030 1842 αὐτὸ
2076 1777 2425 1855 πρόςωπον
2472 1782 2755 1856 ποιῆται,
2814 1779 3074 1843 πάντως

480 1879 567 1943 εἰς
627 1880 929 1946 ςύνθετον
984 1881 1553 1961 μεταλαμβάνεται·
1618 1879 1783 1944 ἐπὰν
1838 1880 1911 1943 δὲ
1968 1881 2044 1944 τὸ
2105 1879 2274 1959 ῥῆμα
2329 1881 2410 1958 μὴ
2470 1879 2599 1943 ἀπὸ
2655 1883 2765 1957 τῆς
2820 1884 3073 1958 γενικῆς

480 1985 735 2061 νοῆται,
782 1982 914 2047 ἀπὸ
960 1984 1031 2048 δέ
1076 2003 1252 2048 τινος
1294 1983 1681 2065 προςώπου,
1726 1980 1873 2045 τότε
1919 1983 2021 2046 καὶ
2065 1981 2235 2059 ἁπλῆ
2281 1980 2320 2059 ἡ
2352 1979 2738 2062 ἀντωνυμία.
2809 1987 2925 2046 τοῦ
2955 1983 3070 2059 μὲν
3112 1997 3173 2044 15

481 2081 603 2147 οὖν
648 2085 972 2164 προτέρου
1416 2140 1425 2149 .

399 2195 442 2250 C
694 2187 1042 2267 Χδεύτερον
1087 2186 1169 2251 αὖ
1214 2188 1472 2266 θώρηκα
1514 2186 1659 2265 περὶ
1704 2185 2018 2263 ςτήθεςςιν
2062 2185 2290 2249 ἔδυνεν

734 2287 837 2352 οἷο
884 2289 1283 2367 καςιγνήτοιο
1329 2288 1660 2354 Λυκάονος
1707 2288 1776 2371 (Γ
1820 2285 2010 2367 332)-

476 2392 599 2452 τοῦ
643 2388 875 2454 ἑαυτοῦ
921 2389 1214 2471 ἀδελφοῦ
1259 2390 1445 2455 ἐνέδυ
1489 2392 1761 2469 χιτῶνα·

733 2491 863 2569 πάρ
907 2512 976 2556 τε
1020 2492 1376 2576 καςιγνήτῳ
1421 2491 1821 2571 Θραςυμήδεϊ
1862 2491 1965 2554 καὶ
2008 2490 2234 2568 πατέρι
2283 2490 2335 2574 ᾧ
2382 2490 2452 2574 (γ
2495 2489 2632 2572 39)·
2771 2504 2776 2510 ·
3105 2504 3171 2552 20

474 2597 570 2674 τῷ
618 2589 869 2657 ἑαυτοῦ.
958 2597 1076 2658 τοῦ
1122 2594 1193 2658 δὲ
1237 2595 1545 2671 δευτέρου

737 2693 959 2759 οὕνεκ’
1002 2694 1115 2775 ἄρ’
1162 2694 1284 2775 οὐχ
1330 2695 1384 2779 ᾧ
1430 2694 1619 2774 πατρὶ
1664 2693 2081 2775 χαριζόμενος
2124 2693 2485 2773 Θεράπευον
2531 2692 2599 2778 (ν
2644 2692 2825 2775 265)-

287 2808 431 2866 aoA
473 2794 560 2858 οὐ
618 2797 742 2875 γὰρ
797 2796 1192 2876 ἐθεράπευον
1248 2798 1450 2862 αὐτοῦ
1504 2797 1620 2863 τὸν
1676 2796 1953 2874 πατέρα,
2012 2800 2131 2860 τοῦ
2187 2795 2466 2875 ῥήματος
2512 2795 2913 2862 ἀποςτάντος
2957 2799 3069 2874 τῆς

466 2900 742 2976 γενικῆς.
832 2898 1072 2976 ὁμοίως

1034 3000 1144 3065 ὅθ’
1188 2999 1295 3065 ἑός
1341 3001 1539 3081 δόμος
1586 3000 1652 3084 (ὁ
1699 2999 1875 3064 τινὸς
1918 2999 2028 3065 ὅτε
2074 2998 2177 3080 με)
2225 2999 2692 3080 ἀμφεκάλυψεν
2741 2998 2808 3082 (o
2862 2998 3039 3085 118)·
3102 3014 3168 3062 25

466 3101 575 3164 διὸ
623 3101 714 3165 εἰς
757 3102 956 3181 ψιλὸν
1001 3102 1331 3181 μετάγεται
1376 3104 1449 3166 τὸ
1496 3102 1714 3167 αὐτοῦ.

1287 3204 1439 3269 τότε
1485 3207 1556 3269 δὲ
1600 3203 1765 3268 Ζεὺς
1808 3204 2059 3281 Ἕκτορι
2103 3208 2310 3268 δῶκεν

727 3305 766 3387 ᾗ
810 3307 1062 3389 κεφαλῇ
1108 3306 1374 3386 φορέειν
1420 3303 1513 3391 (Π
1558 3303 1734 3386 799)·

727 3406 845 3470 τὸν
889 3407 991 3470 καὶ
1033 3406 1473 3487 ἀνηρείψαντο
1519 3408 1657 3471 θεοὶ
1699 3407 1812 3469 Διὶ
1855 3405 2258 3487 οἰνοχοεύειν

727 3506 997 3573 κάλλεος
1039 3506 1252 3573 εἵνεκα
1297 3506 1401 3572 οἷο
1447 3508 1532 3591 (Υ
1576 3507 1757 3589 234)·
3100 3520 3166 3568 30

464 3607 672 3672 πάλιν
717 3606 822 3672 ἐπὶ
864 3612 981 3672 τοῦ
2106 3603 2110 3608 ’

376 3726 427 3779 Β
735 3709 937 3787 αὐτὰρ
982 3709 1104 3787 ὅγ’
1149 3711 1228 3776 ὃν
1274 3710 1469 3792 φίλον
1517 3711 1658 3783 υἱὸν
1703 3711 1841 3776 ἐπεὶ
1884 3712 2032 3776 κύςε
2077 3708 2161 3796 (Ζ
2203 3709 2360 3797 474)

613 3944 828 4003 Anava.
908 3951 941 3998 9
984 3944 1171 3999 Etiam
1214 3945 1274 3999 in
1319 3946 1759 4015 possessivorum
1794 3946 1998 4001 tertiae
2034 3947 2219 4001 locum
2256 3948 2317 4000 et
2350 3946 2659 4015 composita
2694 3948 2753 4000 et
2787 3947 3065 4015 simplicia

462 4028 910 4083 subsssituuntur.
971 4029 1083 4083 Ubi
1117 4030 1434 4085 subiectum
1468 4031 1628 4085 verbi
1664 4032 1862 4085 eadem
1900 4031 1987 4084 est
2017 4047 2259 4100 persona
2283 4032 2452 4098 atque
2476 4031 2802 4100 genetivus,
2839 4031 2938 4098 qui
2960 4047 3064 4101 pro

462 4110 786 4182 possessivo
831 4115 968 4182 poni
1011 4115 1228 4184 potest:
1274 4114 1651 4185 possessivum
1696 4115 1872 4169 habet
1905 4115 2022 4169 vim
2058 4115 2379 4184 compositi3
2418 4115 2515 4168 ubi
2551 4114 2863 4169 subiectum
2900 4115 3064 4169 verbi

462 4197 762 4251 diversum
798 4200 888 4252 est
920 4214 956 4252 a
990 4199 1282 4268 genetivo,
1320 4200 1417 4267 qui
1453 4199 1511 4252 in
1547 4199 1859 4269 possessivo
1895 4197 2066 4264 latet,
2103 4199 2372 4267 simplicis
2405 4200 2744 4268 potestatem
2780 4199 2970 4254 habet.

609 4416 801 4475 Dtscn.
838 4436 1040 4474 scum.
1114 4425 1159 4474 1.
1198 4420 1254 4475 αἱ
1288 4418 1667 4492 JGuttentag,
1703 4424 1795 4476 καὶ
1831 4423 1890 4476 αἱ
1930 4422 2022 4477 Ab
2065 4423 2074 4490 Ι
2125 4429 2174 4476 3.
2213 4437 2519 4488 ςπανιακης
2558 4425 2599 4475 Α
2648 4421 2658 4487 Ι
2707 4429 2754 4472 4.
2792 4420 2928 4474 ςάου
2964 4422 3060 4476 Ab

461 4504 595 4558 eod.
640 4502 884 4561 Vindob.
918 4508 953 4557 ὃ
986 4504 1244 4570 Homeri,
1303 4505 1419 4559 ςάω
1466 4505 1641 4560 ceteri
1685 4505 1850 4565 Hom,
1892 4504 2054 4561 codd.
2120 4507 2130 4575 Ι
2193 4511 2240 4564 5.
2287 4522 2430 4572 φημι
2466 4504 2502 4556 b
2540 4504 2842 4570 Homerus,
2890 4522 3059 4572 φηςιν

461 4589 509 4642 Α
580 4589 590 4653 Ι
660 4594 737 4641 10.
776 4593 1299 4657 προληπτικοτερον
1339 4592 1380 4642 Α
1445 4593 1455 4655 Ι
1522 4596 1601 4645 13.
1639 4607 1878 4645 ποιειται
1914 4593 1959 4646 Α
2013 4593 2023 4658 1
2079 4595 2158 4644 15.
2198 4591 2313 4645 ἀπὸ
2349 4590 2409 4643 δέ
2445 4605 2597 4643 τινος
2634 4589 2756 4654 Ab,
2795 4589 2973 4643 ἄλλου
2996 4592 3062 4644 δέ

458 4687 623 4725 τινος
671 4669 895 4743 GUhlig
956 4676 967 4742 Ι
1032 4680 1114 4727 17.
1165 4678 1377 4742 θορηκα
1414 4677 1457 4729 Α
1524 4676 1532 4737 Ι
1597 4680 1679 4729 25.
1718 4675 1805 4728 ‘ln
1849 4675 2173 4744 parenthesi
2209 4690 2346 4731 corr.
2384 4673 2619 4726 fortasse
2656 4674 2688 4727 ὁ
2725 4674 2925 4729 Θῶνος
2963 4676 3062 4727 ὅτ’

458 4757 591 4822 ἐμέ’
632 4756 668 4809 b
704 4757 762 4809 in
796 4772 915 4810 var.
940 4756 1069 4814 lect.
1113 4760 1123 4825 Ι
1176 4763 1259 4811 26.
1298 4774 1532 4826 εαυτου,
1568 4758 1668 4812 sed
1705 4775 1731 4813 ε
1767 4758 1985 4826 deleta,
2025 4761 2067 4814 Α
2117 4762 2127 4826 Ι
2174 4764 2256 4812 29.
2292 4774 2646 4826 ανηριψαντο
2670 4760 2715 4813 Α
2765 4758 2775 4826 Ι
2825 4764 2906 4811 3-2.
2933 4759 3058 4812 ἐπεὶ

458 4842 500 4894 b
538 4839 844 4908 Homerus,
882 4858 989 4910 επη
1027 4844 1069 4897 Α
1125 4844 1134 4908 Ι
1199 4858 1364 4897 κυςεν
1400 4844 1445 4897 Α
