3738 5530
672 308 758 373 72
845 305 1288 363 Commentarius
1317 305 1545 361 criticus
1572 307 1631 360 et
1657 304 1979 375 exegeticus
2006 305 2065 360 in
2095 303 2382 376 Apollonii
2410 303 2638 374 Dyscoli
2669 304 2881 376 scripta
2909 304 3141 360 minora.

669 479 859 538 solum
896 478 1113 547 tertiae,
1150 478 1252 538 sed
1289 477 1542 537 eiusdem
1574 478 1715 537 sunt
1736 491 2044 551 personae,
2090 476 2172 535 ibi
2209 478 2503 551 compositi
2534 477 2652 535 vim
2677 476 2848 536 habet
2882 477 2987 551 46,
3012 477 3290 553 16—25.

671 566 928 628 Omnino
982 567 1171 646 igitur
1224 567 1275 627 si
1332 565 1489 642 quod
1548 584 1876 642 pronomen
1921 566 2136 625 tertiae
2180 569 2409 625 rectum
2454 568 2719 626 tenorem
2764 564 2974 640 habet,
3037 585 3159 626 non
3203 584 3291 626 ee-

675 657 880 734 quitur
935 659 1006 716 ut
1059 658 1390 717 necessario
1443 653 1718 715 reflexive
1775 654 2188 732 accipiendum
2241 656 2336 716 sit.
2428 656 2590 715 Nam
2638 659 2706 715 ut
2760 656 2827 715 in
2860 658 3068 730 prima
3114 660 3167 715 et
3206 673 3293 715 se-

675 747 873 806 cunda
906 762 1168 820 persona
1212 746 1368 806 aliae
1414 761 1628 804 causae
1674 760 1793 804 esse
1826 748 2108 819 possuntt,
2171 746 2329 804 velut
2369 747 2674 823 oppositio,
2739 762 2846 805 cur
2888 748 3078 805 rectus
3123 749 3294 805 tonus

672 839 1028 911 imponatur,
1074 837 1161 894 ita
1207 836 1438 895 eaedem
1482 850 1697 894 causae
1733 836 1908 894 etiam
1943 836 2009 894 in
2045 836 2216 894 tertia
2253 851 2373 894 esse
2396 836 2678 909 posswnt‚·
2721 836 2917 909 itaque
2951 837 3086 908 fieri
3105 838 3296 909 potest

672 930 740 985 ut
784 927 957 985 etiam
1001 927 1200 984 tertiae
1228 941 1388 999 pers.
1426 925 1800 1002 pronomina,
1845 922 1952 982 ubi
1985 927 2214 983 rectum
2251 927 2459 984 tonum
2496 926 2755 1000 servant,
2801 942 2932 983 cwm
2968 927 3295 999 compositis

675 1006 1023 1097 (reflexivis)
1089 1016 1429 1074 commutant
1490 1030 1610 1073 non
1659 1015 1908 1087 possint.
1998 1012 2114 1073 Sed
2176 1017 2430 1089 opponat
2487 1014 2738 1087 fortasse
2799 1014 3094 1087 quispiam
3103 1034 3122 1072 .·
3186 1007 3297 1073 ‘At

674 1105 857 1164 solent
909 1106 1109 1163 tertiae
1151 1120 1312 1178 pers.
1358 1104 1718 1179 pronomina
1770 1103 2063 1178 simplicia
2114 1104 2201 1163 ita
2243 1105 2417 1178 poni,
2481 1106 2548 1162 ut
2600 1120 2732 1163 eum
2776 1105 3102 1177 compositis
3146 1120 3293 1163 com-

673 1194 895 1253 mutari
942 1187 1213 1268 possint'.
1306 1192 1529 1267 Quibus
1588 1194 2028 1266 respondemus,
2093 1191 2246 1251 nihil
2299 1193 2584 1252 interesse
2638 1195 2840 1252 utrum
2896 1192 3009 1252 hoc
3054 1193 3293 1269 saepius

683 1303 760 1342 an
806 1283 999 1342 rarius
1046 1283 1169 1342 fiat.
1260 1283 1468 1343 Etiam
1519 1282 1806 1341 secundae
1861 1285 1915 1341 et
1955 1283 2191 1355 primae
2233 1298 2392 1356 pers.
2439 1284 2795 1355 pronomina
2854 1285 2958 1341 etsi
3000 1299 3167 1350 raro,
3230 1287 3296 1341 at

675 1373 1020 1433 adhibentur
1062 1374 1166 1442 ita,
1209 1376 1278 1431 ut
1310 1374 1376 1430 in
1412 1388 1609 1430 eorum
1645 1371 1832 1429 locum
1866 1373 2178 1445 composita
2214 1373 2484 1431 substitui
2519 1373 2754 1446 possint
2799 1372 2905 1446 46,
2928 1373 3211 1446 25-47,
3232 1373 3291 1431 8.

678 1460 763 1521 Cf.
812 1463 967 1538 synt.
1020 1463 1256 1537 97,17;
1308 1461 1588 1536 143,16;
1638 1462 1786 1533 148,
1809 1460 2168 1520 2.15—18.

856 1552 1065 1626 46,16
1115 1546 1205 1611 ὡς
1250 1544 1653 1628 προείρηται]
1703 1549 1867 1624 45,5
1900 1568 1985 1625 sq.

855 1640 1062 1715 46,18
1113 1641 1187 1699 cf.
1232 1639 1369 1699 Her.
1416 1638 1449 1698 I
1488 1639 1722 1714 557‚2;
1767 1638 1831 1697 H
1869 1640 2242 1714 27,7-15;
2287 1640 2615 1715 47‚1—4;
2661 1637 2846 1699 Lehrs
2894 1659 2949 1715 q.
2990 1660 3036 1699 e.
3083 1641 3224 1699 118.

855 1730 959 1804 46,
981 1730 1061 1788 25
1120 1724 1224 1789 ἐπὶ
1281 1724 1404 1803 γὰρ
1451 1724 1837 1803 Πατρόκλου
1883 1722 1923 1802 ἥ
1970 1743 2040 1788 τε
2087 1721 2457 1802 ἀντωνυμία
2501 1725 2603 1789 καὶ
2649 1724 2726 1788 τὸ
2774 1724 2970 1808 ῥῆμα]
3027 1731 3065 1788 i.
3108 1749 3153 1789 e.
3203 1723 3295 1788 ‘et

670 1837 997 1898 pronomen
1045 1818 1120 1877 ad
1166 1818 1508 1878 Patroclum
1551 1818 1821 1889 refertur,
1868 1820 1931 1876 et
1975 1817 2140 1877 verbi
2184 1817 2517 1877 subiectum
2561 1817 2874 1878 Patroclus
2921 1814 3051 1879 est’.

851 1910 956 1983 46,
979 1909 1059 1967 26
1125 1901 1328 2078 &9630
1371 1923 1425 1968 τ.
1471 1901 1798 1985 ἐχόμεναι]
1865 1908 2021 1984 synt.
2074 1908 2219 1983 138,
2240 1909 2278 1968 3
2340 1902 2601 1981 ἔχονται
2654 1906 2774 1969 τοῦ
2832 1903 3033 1984 ὀρθοῦ
3093 1904 3294 1970 τόνου

672 1998 834 2065 ‚sciL
885 1993 996 2072 ἐμὲ
1044 1992 1292 2058 αὐτόν.

680 1992 708 2081 (
854 2088 959 2162 46,
981 2089 1061 2146 27
1110 2081 1414 2162 ἐμποδὼν
1458 2080 1535 2146 τὸ
1581 2116 1670 2128 -
1715 2081 1980 2165 διήκειν]
2032 2085 2153 2145 Ska
2194 2085 2225 2144 I
2266 2089 2346 2145 12
2392 2089 2552 2146 recte
2599 2081 3009 2148 accusativum
3056 2088 3297 2148 articuli

674 2179 877 2237 tuetur
913 2176 1131 2236 collato
1176 2176 1214 2234 1.
1254 2178 1406 2253 synt.
1450 2176 1598 2250 161,
1619 2177 1678 2251 3,
1722 2175 1826 2235 ubi
1872 2176 1911 2234 b
1956 2170 2032 2236 τὸ
2078 2177 2144 2235 in
2188 2174 2305 2236 τοῦ
2351 2176 2573 2235 mutari
2617 2175 2813 2252 iubet3
2861 2177 2936 2236 ad
2986 2196 3163 2254 quem
3207 2178 3294 2237 lo-

676 2286 811 2326 cum
858 2265 1087 2329 accedit
1130 2265 1297 2337 alter,
1330 2284 1507 2341 quem
1560 2267 1800 2326 restitui
1845 2264 1902 2324 A
1947 2264 2165 2325 codicis
2219 2265 2477 2345 vestigia
2523 2269 2787 2342 secutus,
2842 2269 2998 2344 synt.
3044 2268 3190 2343 228,
3211 2270 3295 2327 17

681 2349 764 2438 (v.
805 2354 1185 2415 RSchneider
1228 2354 1260 2413 I
1302 2346 1481 2437 469).
2140 2406 2154 2423 ,

856 2447 961 2520 47,
984 2447 1016 2504 1
1088 2439 1176 2505 εἰς
1241 2438 1552 2522 ςύνθεςιν]
1616 2442 1899 2503 Hoersch.
1949 2445 2106 2504 389:
2170 2435 2370 2527 ³(Ap.)
2410 2491 2422 2502 .
2463 2490 2475 2502 .
2512 2444 2738 2505 konnte
2799 2444 2943 2505 aber
2994 2445 3299 2505 natflrlich

677 2554 888 2614 sagon,
948 2534 1077 2594 dass
1132 2535 1243 2593 wir
1289 2529 1400 2607 ἐμέ
1444 2533 1581 2610 plus
1628 2528 1828 2593 αὐτόν
1876 2527 1966 2594 εἰς
2012 2528 2297 2594 ςύνθεςιν
2344 2529 2933 2610 παραλαμβάνομεν
2982 2527 3084 2616 (de
3127 2554 3296 2612 pron.

683 2626 809 2685 145
849 2624 906 2682 A
944 2650 1027 2671 =
1063 2625 1210 2697 114,
1233 2614 1344 2704 12)
1393 2621 1447 2681 d.
1484 2622 1540 2681 h.
1588 2622 1653 2681 in
1698 2621 1813 2681 den
1860 2623 2128 2683 Zustand
2176 2623 2280 2682 der
2328 2623 2932 2701 Zusammensetzung
2975 2627 3301 2700 versetzen,

677 2714 772 2775 die
813 2712 1220 2791 Composition
1255 2711 1585 2773 vollziehen
1605 2757 1617 2770 .
1641 2756 1652 2769 .
1676 2757 1723 2771 ..
1797 2712 2012 2773 Falsch
2048 2713 2131 2773 ist
2166 2711 2308 2773 aber
2345 2711 2416 2773 de
2451 2732 2619 2790 pron.
2652 2714 2734 2774 58
2760 2712 2804 2774 G
2843 2706 2957 2797 (=
2986 2715 3092 2790 47,
3115 2705 3180 2796 1)
3220 2710 3299 2776 τὸ

677 2801 780 2864 καὶ
818 2799 959 2879 ἐμοὶ
995 2798 1256 2875 ἐγένετο
1293 2799 1396 2863 καὶ
1434 2798 1530 2863 coi
1567 2796 1827 2873 ἐγένετο
1866 2796 2363 2878 ἀμετάληπτα
2409 2798 2516 2864 εἰς
2563 2799 2938 2874 ςύνθεςιν;
2986 2824 3051 2865 er
3091 2804 3300 2880 meint,

677 2893 807 2953 hier
849 2895 1047 2954 kenne
1091 2911 1231 2951 man
1278 2886 1418 2967 ἐμοί
1463 2891 1584 2950 und
1630 2888 1728 2952 coi
1773 2892 1941 2952 nicht
1982 2893 2049 2953 in
2094 2886 2364 2953 ςύνθετα
2408 2892 2464 2951 d.
2501 2894 2540 2951 i.
2580 2888 2835 2974 ἐμαυτῷ
2881 2893 3004 2952 und
3050 2895 3298 2974 ςεαυτῷ

677 2985 1006 3057 umsetzen,
1069 2983 1196 3042 also
1260 2976 1678 3056 ἀμετάληπτα
1741 2975 1847 3041 εἰς
1912 2976 2250 3043 ςύνθετα.
2360 2981 2495 3042 Von
2560 2978 2839 3043 ςύνθεςις
2895 2984 3062 3042 kann
3117 2984 3299 3045 sehon

679 3073 893 3131 darum
945 3072 1114 3130 nicht
1168 3070 1262 3131 die
1309 3070 1471 3130 Rode
1525 3071 1677 3144 sein,
1739 3071 1877 3130 weil
1932 3071 2035 3130 der
2088 3072 2297 3131 zweite
2341 3070 2787 3146 Bestandtheil,
2851 3072 2957 3131 der
3001 3072 3116 3133 mit
3160 3068 3301 3148 ἐμοί

681 3161 805 3220 und
852 3157 947 3222 ςοί
993 3160 1321 3237 synthetirt
1364 3159 1600 3219 werden
1646 3160 1778 3234 soll,
1822 3180 1933 3239 gar
1977 3161 2145 3219 nicht
2188 3159 2453 3239 gegeben
2498 3155 2619 3221 ist'.
2711 3160 3088 3221 Postremum
3124 3181 3301 3240 argu-

681 3252 954 3310 mentum
1000 3270 1120 3310 non
1163 3250 1377 3327 prob03
1440 3251 1641 3328 agitur
1686 3250 1844 3308 enim
1889 3268 2009 3309 non
2056 3248 2127 3310 de
2174 3250 2516 3326 compositis
2563 3250 2854 3326 universe,
2900 3251 3003 3310 sed
3047 3252 3121 3312 de
3163 3270 3300 3328 pro-

682 3339 1023 3400 nominibus
1070 3339 1439 3416 compositis3
1498 3339 1611 3398 hoc
1655 3357 1796 3398 vero
1842 3358 2057 3399 nomen
2102 3358 2221 3399 non
2267 3339 2385 3400 nisi
2428 3339 2878 3416 pronominibus
2925 3359 3061 3400 cum
3107 3336 3302 3402 αὐτός

688 3429 1036 3506 compositis
1089 3429 1444 3506 imponitur,
1506 3431 1577 3487 ut
1639 3447 1791 3504 quae
1850 3428 1933 3488 sit
1990 3430 2180 3490 altera
2231 3429 2341 3488 illa
2386 3428 2833 3506 compositionis
2875 3449 3017 3506 pars
3062 3430 3302 3490 omnino

688 3518 954 3578 dubitari
989 3521 1262 3594 nequeat.
1345 3516 1575 3578 Deinde
1621 3512 1902 3579 ςύνθεςις
1949 3518 2023 3578 ab
2061 3518 2173 3595 Ap.
2212 3519 2449 3596 saepius
2491 3520 2581 3578 ita
2618 3522 2959 3596 usurpatur,
3004 3524 3074 3579 ut
3108 3522 3302 3597 ipsam

689 3626 896 3669 vocem
933 3608 1325 3684 compositam
1361 3607 1457 3667 vel
1494 3607 1656 3685 ipsas
1685 3607 1998 3684 compositi
2034 3606 2310 3668 vocabuli
2345 3611 2548 3686 partes
2585 3607 2896 3687 significet,
2931 3610 3101 3669 velut
3133 3627 3300 3686 pron.

689 3700 724 3757 7
734 3701 792 3772 2,
813 3700 898 3757 20
955 3692 1087 3758 ἀπὸ
1153 3694 1382 3759 ἑνικῶν
1444 3693 1794 3758 ςυνθέςεων
1861 3692 1977 3774 (=
2024 3691 2156 3757 ἀπὸ
2203 3693 2525 3759 ςυνθέτων
2571 3692 2666 3757 ὧν
2713 3694 2788 3758 τὸ
2835 3693 3061 3773 ἕτερον
3108 3694 3300 3774 μέρος

682 3783 895 3847 ἑνικόν
942 3782 1138 3864 ἐςτιν)
1184 3783 1602 3860 πληθυντικαὶ
1647 3781 1921 3861 ἐκφοραὶ
1967 3783 2256 3858 γίνονται
2303 3783 2465 3846 κατὰ
2509 3783 2587 3847 τὸ
2634 3783 2836 3859 τέλος,
2885 3782 3300 3863 ἀνδροφόνος

683 3871 1105 3952 ἀνδροφόνοι.
1178 3874 1256 3934 ib.
1311 3876 1514 3950 72,26
1564 3871 1639 3934 τὸ
1688 3871 1906 3950 μέντοι
1950 3875 2064 3949 τῆς
2110 3870 2513 3951 ἀντωνυμίας
2561 3875 2766 3950 ςχῆμα
2809 3870 3112 3950 ἠδυνάτει
3159 3923 3173 3937 .
3220 3923 3234 3936 .
3283 3923 3297 3937 .

682 3961 844 4026 κατὰ
899 3963 1015 4040 μὲν
1070 3961 1147 4025 τὸ
1192 3961 1380 4025 τέλος
1425 3963 1538 4038 τῆς
1585 3960 1932 4025 ςυνθέςεως
1979 3960 2068 4025 εἰς
2113 3964 2359 4039 πλῆθος
2405 3961 2797 4039 μετάγεςθαι.
2875 3964 2954 4024 ib.
3010 3969 3111 4041 71,
3135 3970 3166 4025 1
3220 3962 3296 4026 τὸ

682 4050 1007 4130 ἀλλήλους
1045 4101 1058 4114 .
1099 4101 1112 4114 .
1150 4050 1258 4114 διὰ
1313 4051 1455 4129 μιᾶς
1511 4050 1859 4116 ςυνθέςεως
1906 4053 2133 4130 φωνῆς
2194 4051 2308 4133 (=
2346 4051 2453 4115 διὰ
2500 4053 2642 4128 μιᾶς
2688 4050 2996 4116 ςυνθέτου
3041 4051 3296 4133 φωνῆς)

682 4140 940 4206 εὐθεῖαν
977 4139 1080 4204 καὶ
1117 4139 1395 4215 πλάγιον
1434 4138 1504 4203 ἐν
1542 4139 1875 4218 μεταβάςει
1912 4140 2279 4219 προςώπων
2316 4143 2520 4218 δηλοῖ.
2567 4143 2644 4203 ib.
2671 4146 2772 4219 77,
2797 4146 2877 4204 19
2908 4142 3025 4220 τὴν
3061 4141 3297 4206 ἑαυτοῦ

682 4250 878 4309 φαςιν
934 4228 1402 4308 ὠλιγωρῆςθαι,
1457 4228 1616 4293 καθὸ
1663 4228 1780 4306 τὴν
1826 4230 1944 4308 μὲν
1991 4229 2062 4293 ἐν
2109 4228 2273 4313 ἀρχῇ
2320 4229 2605 4294 ςύνθεςιν
2652 4228 2994 4308 αἰτιατικῆς
3040 4229 3173 4308 ἔχει
3229 4226 3295 4315 (ἡ

684 4319 755 4384 ἐν
804 4317 967 4402 ἀρχῇ
1015 4317 1296 4383 ςύνθεςις
1343 4348 1427 4369 --
1474 4322 1638 4398 prior
1683 4322 1843 4381 vocis
1892 4322 2254 4399 compositae
2299 4313 2467 4403 pars)
2516 4323 2615 4381 all.

862 4414 1158 4487 47,2—7
1209 4412 1280 4470 of.
1326 4430 1493 4488 pron.
1542 4411 1869 4487 45,1-4;
1915 4414 2067 4488 synt.
2122 4413 2266 4487 139,
2289 4413 2402 4488 223
2452 4414 2723 4489 147‚13.

862 4502 1027 4575 47,ss
1078 4495 1347 4579 εἴρηται]
1395 4519 1562 4577 pron.
1612 4501 1929 4575 45,1—7.

858 4590 1065 4649 Etiam
1090 4593 1427 4664 possessiva
1460 4592 1547 4649 ita
1581 4593 1966 4664 usurpantur,
2013 4595 2078 4650 ut
2114 4595 2165 4649 et
2202 4593 2516 4665 composita
2552 4582 2886 4673 (reflexiva)
2929 4595 2982 4650 et
3006 4591 3299 4667 simplicia

680 4683 747 4740 in
801 4696 999 4739 eorum
1050 4679 1238 4739 locum
1290 4681 1561 4739 substitui
1610 4682 1869 4754 possint,
1934 4696 2289 4754 quamquam
2341 4682 2585 4754 fuerunt
2637 4684 2739 4756 qui
2781 4698 3181 4756 praepropere
3229 4699 3298 4741 ea

680 4787 801 4828 non
852 4769 971 4828 nisi
1026 4787 1157 4828 cum
1210 4771 1534 4844 compositis
1592 4771 1932 4828 commutari
1989 4772 2318 4829 statuerent.
2412 4770 2544 4845 Qua
2587 4773 2654 4830 in
2697 4788 2763 4829 re
2804 4772 2946 4830 haee
2992 4775 3074 4830 est
3115 4772 3300 4830 ratio:

680 4859 785 4917 ubi
829 4860 978 4916 actio
1013 4859 1173 4918 verbi
1207 4875 1249 4918 a
1279 4861 1556 4934 qenetivo,
1595 4861 1695 4932 qui
1730 4861 1795 4918 in
1820 4860 2142 4932 possessivi
2178 4859 2366 4919 locum
2399 4861 2671 4920 substitui
2696 4864 2901 4934 potest,
2940 4861 3022 4920 acl
3058 4861 3301 4920 eandem

679 4963 995 5020 personam
1054 4950 1368 5020 reflectitur
1430 4939 1497 5030 (i.
1537 4966 1583 5008 e.
1638 4946 1744 5006 ubi
1798 4947 2142 5012 subiectum
2183 4949 2350 5008 verbi
2408 4949 2615 5010 eadem
2667 4952 2758 5010 est
2808 4968 3065 5027 persona
3120 4951 3300 5026 atque
