3738 5530
1094 388 1452 442 ADVERBn
1485 388 1748 442 NOMEN
1781 390 1881 442 ΕΤ
1916 387 2438 445 coNs'erc'rm.
2939 390 3061 457 125

342 605 433 655 535
468 591 727 660 ἔννοιαν
771 595 888 659 τοῦ
932 595 1361 675 προκειμένου
1407 594 1609 671 λόγου
1654 599 1917 662 πλεῖςτα
1961 597 2087 662 ἔςτι
2131 597 2547 681 παραθέςθαι,
2605 595 2857 677 ἀπόχρη
2913 597 3060 678 μέν·

465 715 567 760 τοι
611 696 700 761 εἰς
744 694 1047 777 ἀφορμὴν
1091 700 1173 763 τὰ
1217 698 1798 778 προκατειλεγμένα
1840 704 1958 764 τοῦ
2003 702 2317 779 διακρῖναι
2361 701 2465 763 καὶ
2506 700 2585 764 τὰ
2631 697 2973 765 ὑπόλοιπα.

393 818 418 858 5
635 798 767 862 Ἔτι
830 800 907 863 δὲ
971 798 1230 865 κάκεῖνο
1296 802 1395 864 δεῖ
1448 803 1849 882 προςθεῖναι,
1920 800 2010 866 ὼς
2075 801 2230 866 οὐδὲ
2285 803 2444 866 κατὰ
2508 805 2638 866 πᾶν
2704 800 3059 879 πρόςωπον

468 899 709 965 ςύνεςτι
763 901 846 964 τὰ
904 900 1324 985 ἐπιρρήματα,
1389 903 1479 967 ὡς
1534 901 1665 982 ἔχει
1722 904 1796 967 τὸ
1855 902 2052 985 ὤμοι,
2109 903 2256 983 περὶ
2312 902 2392 968 οὗ
2451 903 2552 967 καὶ
2607 902 2677 968 ἐν
2729 906 2865 968 τοῖς
2918 903 3061 982 ἑξῆς

470 1000 797 1084 εἰρήςεται,
839 1002 914 1086 εἰ,
956 1003 1047 1068 ὡς
1076 1002 1237 1068 ἔνιοι
1266 1002 1697 1087 ὑπετόπηςαν,
1739 1004 1868 1084 ἔχει
1900 1005 2306 1083 ςυγκειμένην
2336 1007 2450 1083 τὴν
2494 1005 2600 1085 μοί
2630 1003 3059 1084 ἀντωνυμίαν.
3096 1024 3128 1072 5

642 1103 823 1182 Μηδὲ
870 1105 1077 1170 ἐκεῖνό
1122 1126 1196 1182 γε
1239 1106 1759 1188 παραλελείφΘω,
1805 1106 1864 1171 τί
1911 1108 1990 1184 δή
2033 1126 2212 1187 ποτε,
2257 1106 2311 1171 εἰ
2355 1107 2454 1170 καὶ
2494 1107 2565 1171 ἐν
2603 1105 2904 1173 ὑποτάξει
2936 1106 3061 1171 ἐςτὶ

375 1228 423 1268 ιο
472 1206 554 1270 τὰ
598 1204 988 1286 ἐπιρρήματα
1031 1210 1150 1272 τοῦ
1197 1207 1474 1287 ῥήματος
1518 1209 1623 1273 καὶ
1664 1208 1735 1273 ἐν
1780 1208 2100 1291 προτάξει,
2146 1207 2278 1272 ἀπὸ
2321 1212 2440 1272 τοῦ
2472 1209 2902 1288 προτετάχθαι
2942 1210 3058 1287 τὴν

467 1305 818 1387 ὀνομαςίαν
865 1308 1085 1390 ἔλαβες
1147 1309 1327 1388 Πρὸς
1372 1311 1411 1374 ὃ
1456 1309 1620 1376 ἔςτιν
1679 1310 2028 1388 ὑπαντῆςαι
2078 1308 2175 1374 ὅτι
2220 1307 2449 1389 ὅμοιόν
2495 1310 2619 1375 ἐςτι
2662 1317 2755 1395 τῷ
2798 1310 2898 1374 καὶ
2940 1312 3058 1389 τὴν

468 1407 665 1475 αὐτός
710 1409 1119 1491 άντωνυμίαν
1164 1411 1654 1491 ἐπιταγματικὴν
1701 1415 1935 1476 καλεῖν.
2003 1411 2396 1476 ἐπιτάςςεται
2442 1413 2590 1494 μέν,

722 1512 917 1578 αὐτὸς
962 1512 1127 1579 ἑκών
1173 1512 1235 1578 οἱ
1279 1518 1454 1578 δῶκα
1498 1518 1560 1596 (δ
1605 1512 1758 1596 649)
2191 1573 2198 1580 .
3062 1541 3124 1589 10

462 1612 566 1676 καὶ

370 1736 417 1776 1⁵
724 1715 900 1800 αὐτῷ
942 1737 1045 1782 τοι
1089 1717 1422 1796 μετόπιςθ’
1467 1716 1626 1797 ἄχος
1669 1716 1913 1783 ἔςςεται
1960 1715 2006 1800 (Ι
2053 1716 2239 1801 249)-

466 1815 884 1882 ὑποτάςςεται
928 1819 1000 1882 δὲ
1046 1817 1290 1897 οὕτως,

718 1919 816 1983 col
858 1919 925 1984 δ’
968 1919 1145 2004 αὐτῷ
1191 1921 1434 2000 μελέτω
1483 1921 1565 2005 (O
1610 1920 1800 2006 231)-

460 2019 565 2082 καὶ
603 2016 846 2099 ὁμοίως
876 2021 1008 2086 ἀπὸ
1037 2026 1149 2099 τῆς
1188 2023 1348 2101 κατὰ
1388 2026 1502 2103 τὴν
1545 2022 1748 2102 ἀρχὴν
1794 2022 2148 2090 ςυντάξεως
2190 2022 2638 2104 ἐπιταγματικὴ
2681 2022 3054 2103 ὠνόμαςται.
3097 2050 3159 2099 15

363 2146 411 2185 το
462 2118 659 2186 οὐδὲν
706 2121 826 2188 οὖν
871 2123 1102 2188 κωλύει
1147 2124 1247 2188 καὶ
1290 2124 1364 2189 τὸ
1411 2124 1723 2204 ἐπίρρημα
1775 2116 1925 2207 τῇδὲ
1982 2124 2438 2205 ἑςχηματίςθαι.
2482 2160 2570 2173 -
2622 2123 3057 2205 Προςθείημεν

454 2221 537 2285 ’δ’
580 2221 659 2287 ἂν
702 2222 981 2308 κάκεῖνο,
1029 2224 1118 2291 ὡς
1164 2228 1408 2305 ψευδὴς
1455 2224 1778 2305 ὑπόληψίς
1822 2226 1950 2291 ἑςτι
1993 2230 2110 2291 τοῦ
2158 2228 2264 2291 καὶ
2305 2227 2381 2291 τὸ
2427 2225 2740 2305 ἐπίρρημα
2787 2224 3058 2290 ὑποτάς-

461 2328 685 2388 ςεςθαι.
759 2326 835 2389 τὸ
888 2328 1013 2406 γὰρ
1071 2328 1225 2393 δέον
1271 2327 1438 2393 ἑςτὶν
1482 2328 1522 2406 ἡ
1569 2328 1896 2407 πρόταξις,
1956 2320 2074 2393 καῖ’
2100 2329 2177 2393 τὸ
2223 2327 2741 2406 ὑποτεταγμένον
2798 2328 3059 2406 δυνάμει

459 2423 627 2490 ἐςτὶν
674 2426 1066 2507 ὑπερβατόν·
1123 2429 1291 2494 ἀλλὰ
1334 2430 1410 2494 τὸ
1457 2430 1720 2510 ςύνηθες
1765 2433 1884 2494 τοῦ
1942 2430 2142 2507 λόγου
2191 2431 2281 2495 ὡς
2326 2430 2397 2495 ἐν
2440 2429 2557 2514 ἴςῳ
2603 2431 2720 2508 τὴν
2769 2430 3056 2495 ςύνταξιν

290 2520 299 2528 ’
359 2553 408 2592 25
460 2526 825 2607 ἐποιήςατο.
899 2532 1003 2595 καὶ
1054 2532 1130 2595 τὸ
1176 2536 1477 2597 τοιοῦτον
1534 2528 1608 2598 ἓν
1653 2538 1744 2615 τῷ
1790 2532 1937 2610 περὶ
1982 2531 2336 2596 ςυντάξεως
2396 2530 2840 2610 ἀκριβέςτερον
2885 2529 3051 2609 εἰρή-
3091 2556 3158 2605 20

463 2647 666 2713 ςεται,
712 2628 799 2695 εἰς
845 2634 1061 2710 μέντοι
1105 2632 1471 2699 κατάςταςιν
1519 2633 1820 2713 βραχεῖάν
1852 2653 2006 2698 τινα
2050 2632 2377 2698 ἀπόδειξιν
2419 2632 2717 2711 ληπτέον.
2788 2630 3054 2712 εἴπομεν

461 2730 628 2795 αὐτὰ
673 2732 937 2812 δυνάμει
983 2734 1299 2800 ἐπιθετικὰ
1344 2733 1509 2800 εἶναι
1564 2737 1697 2801 τῶν
1755 2734 2072 2815 ῥημάτων.
2149 2735 2201 2819 ᾧ
2260 2735 2436 2819 λόγῳ
2492 2732 2611 2800 οὖν
2657 2733 2759 2798 καὶ
2799 2733 2881 2798 τὰ
2925 2733 3056 2799 ἐπι-

462 2836 679 2898 θετικὰ
722 2838 857 2902 τῶν
904 2835 1244 2916 ὀνομάτων
1290 2841 1700 2917 προηγεῖςθαι
1757 2839 1927 2902 θέλει
1971 2842 2102 2902 τῶν
2148 2836 2248 2902 οἷς
2306 2837 2638 2919 ἐπίκειται,
2694 2838 2811 2902 τὸν
2855 2836 3056 2902 αὐτὸν

600 3018 815 3077 Anam
862 3028 895 3075 3
920 3020 1006 3075 Ne
1032 3021 1289 3076 omnibus
1313 3022 1543 3090 quidem
1562 3023 1815 3091 personis
1839 3022 2030 3077 omnia
2052 3022 2323 3076 adverbia
2346 3022 2722 3091 apponuntur.
2741 3056 2805 3065 -
2831 3027 2862 3074 6
2883 3023 3057 3076 Recte

459 3103 796 3158 adverbium
834 3122 869 3158 a
903 3106 1301 3175 praeponendo
1337 3123 1541 3162 nomen
1582 3108 1828 3177 aceepit3
1881 3138 1944 3147 -
1993 3112 2055 3161 16
2093 3107 2183 3160 lex
2231 3106 2378 3161 euim
2427 3108 2514 3160 est
2555 3107 2620 3160 ut
2653 3111 3056 3177 praeponatur3

460 3192 526 3240 23
566 3189 765 3243 eodem
804 3191 973 3244 modo
1011 3191 1296 3246 adiectiva
1328 3191 1535 3247 rectius
1571 3194 2024 3262 praeponuntur,

607 3357 834 3415 Tama.
870 3365 903 3415 8
929 3360 1112 3418 Schol.
1133 3361 1296 3415 Dion.
1320 3361 1451 3421 Thr.
1474 3361 1579 3415 BA
1597 3381 1653 3431 p.
1674 3368 1790 3428 933,
1809 3368 1841 3415 9
1866 3357 2044 3417 πάλιν
2073 3359 2138 3416 δὲ
2166 3356 2462 3431 ἐζήτησαν,
2487 3360 2542 3415 εί
2557 3356 2668 3430 πρό
2688 3359 2939 3430 ἆήματος
2957 3365 3058 3417 καὶ

457 3438 608 3510 μετά
638 3437 895 3513 ὅήματος
923 3443 1107 3517 (ὅῆμα
1131 3463 1232 3500 scr.
1259 3446 1635 3514 RSchneider)
1656 3446 1951 3516 τάσσεται,
1988 3445 2114 3502 οἷον
2135 3447 2344 3508 *καλῶς
2363 3441 2583 3514 γράφω,
2608 3443 2809 3516 γράφω
2826 3452 3056 3513 καλῶς’,

461 3528 586 3590 πῶς
613 3521 728 3583 ἀπὸ
755 3528 1016 3598 θατέρας
1041 3531 1156 3585 τῶν
1187 3524 1521 3601 προτάσεων
1557 3533 1713 3600 (rest.
1751 3524 2081 3598 συντάξεων
2119 3547 2220 3600 pro
2245 3525 2581 3599 προτάσεων
2608 3547 2655 3584 e.
2682 3530 2804 3588 eod.
2830 3531 3056 3590 Barooc.

459 3614 587 3680 116)
621 3608 909 3683 ἐπίρρημα
945 3612 1126 3685 μόνον
1162 3619 1456 3683 καλεῖται,
1495 3612 1693 3671 οὐκέτι
1719 3614 1785 3670 δὲ
1812 3617 1912 3670 καὶ
1935 3611 2242 3686 ὖπόρρημα
2270 3658 2282 3670 .
2307 3616 2409 3670 καὶ
2437 3613 2678 3685 λέγομεν
2700 3617 2924 3685 πρῶτον
2949 3614 3055 3686 μὲν

454 3688 595 3765 (ὅτι
613 3698 715 3756 ins.
738 3698 1141 3772 RSchneider>
1162 3701 1259 3755 καὶ
1279 3695 1316 3770 ἡ
1340 3698 1514 3763 αὐτός
1534 3696 1951 3770 ἔπιταγματικὴ
1973 3705 2234 3755 καλεῖται
2250 3741 2263 3768 ,
2293 3703 2484 3755 καίτοι
2509 3696 2788 3763 πολλάκις
2807 3695 3054 3756 ὑποτασ-

456 3782 673 3853 σομένη
698 3776 884 3848 ἄλλως
905 3804 965 3840 τε
990 3786 1059 3857 τῇ
1080 3783 1254 3853 φύσει
1278 3790 1669 3856 προηγεῖσθαι
1693 3785 1922 3855 πέφυκε
1948 3784 2061 3840 τῶν
2085 3782 2358 3856 ῥημάτων
2381 3782 2450 3840 τὰ
2473 3782 2829 3857 ἐπιρρήματα
2855 3781 2932 3849 ὥς
2956 3787 3056 3841 καὶ

457 3868 575 3923 τῶν
610 3864 911 3940 ὀνομάτων
948 3865 1021 3925 τα
1058 3866 1320 3926 ἐπίθετα.
1390 3871 1525 3926 ibid.
1563 3876 1690 3938 934,
1728 3877 1759 3925 9
1798 3867 1914 3925 Διά
1951 3872 2012 3925 τί
2045 3868 2142 3940 δέ,
2181 3870 2284 3926 τοῦ
2320 3866 2572 3943 ᾆήματος
2609 3872 2707 3927 καὶ
2744 3868 3055 3940 προτασσό-

452 3972 636 4021 μενον
671 3955 772 4009 καὶ
810 3952 1308 4026 ὑποτασσόμενον,
1346 3953 1528 4026 μόνον
1565 3950 1853 4025 ἐπίρρημα
1884 3950 2138 4025 ἐκλήθης
2174 3958 2295 4010 Καί
2317 3977 2509 4027 φαμεν
2533 3947 2625 4011 ὅτι
2650 3952 2765 4009 α’πὸ
2793 3958 2895 4023 τῆς
2918 3957 3057 4025 μιᾶς

456 4031 786 4106 συντάξεως
820 4041 924 4110 τῆς
958 4038 1314 4110 κυριωτέρας
1351 4083 1365 4097 .
1404 4040 1458 4096 εί
1493 4036 1601 4111 γὰρ
1637 4039 1737 4095 καὶ
1773 4035 2158 4095 ὖποτάττεται
2197 4046 2317 4104 τοῖς
2356 4039 2635 4109 ῤ’ήμασιν,
2674 4035 2792 4094 ἀλλ’
2833 4028 2983 4108 ὅμως
3018 4035 3053 4108 ἦ

454 4126 670 4193 γνησία
706 4117 895 4180 αὖτῶν
933 4118 1205 4194 σύνταξις
1238 4124 1518 4196 προτέρα,
1563 4117 1753 4194 ὥσπερ
1789 4123 1892 4179 καὶ
1931 4120 1999 4180 τὰ
2039 4122 2287 4179 ἐπίθετα
2322 4119 2580 4195 πρότερά
2627 4120 2744 4181 ἐστι
2785 4122 2895 4179 τῶν
2930 4120 3056 4178 ὄνο-

455 4201 681 4276 μάτων,
719 4206 867 4264 καθ’
906 4199 986 4265 ὧν
1022 4205 1329 4270 ἐπίκειται.
1400 4210 1470 4268 cf.
1509 4210 1645 4265 ibid.
1684 4215 1814 4284 9324,
1854 4215 1938 4264 20.

593 4378 781 4433 oncn.
823 4399 1030 4436 semp-r.
1103 4387 1151 4436 3.
1187 4383 1270 4436 δεῖ
1306 4396 1464 4439 evan.
1498 4381 1559 4434 in
1596 4381 1639 4435 Α
1671 4381 1681 4449 1
1711 4385 1758 4435 5.
1789 4379 1838 4435 εἰ
1872 4380 1938 4446 b,
1973 4397 2008 4448 η
2047 4381 2090 4435 Α
2122 4380 2132 4448 1
2162 4385 2210 4439 6.
2247 4396 2390 4435 ποτε
2429 4424 2440 4436 .
2481 4426 2494 4439 .
2532 4384 2623 4436 καὶ
2658 4380 2721 4447 b,
2758 4381 2855 4435 sed
2892 4381 2951 4434 in
2988 4383 3053 4450 Α,

455 4462 614 4518 nullo
658 4465 897 4519 lacunae
932 4464 1118 4535 signo,
1169 4465 1385 4535 aliquid
1429 4480 1600 4534 supra
1632 4464 1731 4517 lin.
1768 4465 2038 4533 seriptum
2076 4464 2147 4517 ab
2185 4465 2294 4532 Aa,
2345 4465 2495 4535 quod
2541 4466 2767 4520 videtur
2810 4471 2927 4521 eene
2974 4483 3051 4531 εις

456 4547 533 4602 *εἰ
570 4551 660 4603 καὶ
694 4565 804 4606 rec.
845 4567 918 4603 m.
962 4549 1122 4614 Quod
1170 4550 1577 4620 recipiendum’
1626 4550 1663 4602 b
1708 4549 1767 4601 in
1804 4565 1921 4602 var.
1960 4548 2093 4603 lect.
2163 4548 2429 4603 ‘Videmr
2474 4548 2730 4605 additum
2773 4550 2942 4605 fuisse
2982 4559 3052 4605 ει’

455 4647 573 4700 mg.
606 4632 651 4686 L
685 4635 766 4702 17.
803 4634 992 4703 (οὐκ)
1027 4636 1143 4689 ἀπὸ
1178 4634 1402 4689 KLehrs
1431 4633 1443 4699 Ι
1471 4640 1519 4689 9.
1558 4636 1932 4702 προτὰςςεται
1965 4650 2069 4703 pro
2108 4636 2464 4690 ἐπιτάςςεταί
2498 4634 2722 4688 KLehre
2753 4637 2762 4703 Ι
2796 4641 2872 4693 10.
2901 4653 3053 4690 εκων

457 4715 574 4771 alio
607 4719 926 4773 atramento
962 4719 1021 4772 in
1056 4735 1160 4777 ras.
1187 4722 1291 4787 Aae,
1330 4721 1481 4775 ἑκὼν
1513 4718 1552 4773 b
1587 4720 1645 4772 in
1680 4719 1871 4785 textu,
1911 4718 2067 4788 ‘Le-g.
2093 4719 2264 4785 ἐγών’
2290 4718 2411 4772 bin
2436 4719 2705 4774 var.1ect.
2740 4722 2749 4785 Ι
2783 4726 2860 4774 12.
2889 4737 3050 4786 μετο-

458 4805 656 4857 πιςθεν
693 4806 736 4859 Α
791 4805 801 4871 1
854 4820 1038 4859 εςεται
1074 4806 1117 4859 Α
1170 4809 1179 4871 1
1237 4810 1316 4859 13.
1354 4819 1695 4860 υποταςεται
1731 4805 1775 4857 Α
1830 4804 1840 4870 Ι
1894 4818 1921 4856 ς
1956 4802 2016 4855 in
2053 4819 2238 4859 ουτως
2274 4819 2493 4858 erasum
2539 4807 2549 4869 1
2603 4809 2679 4861 15.
2715 4805 2903 4876 (οὐκ)
2939 4807 3053 4861 ἀπὸ

460 4884 682 4940 KLehrs
711 4891 720 4954 Ι
754 4893 832 4946 16.
870 4889 917 4942 Ο
953 4888 1011 4942 in
1048 4891 1216 4944 ουδεν
1250 4891 1477 4946 maiusc.
1515 4894 1648 4946 ante
1682 4890 1890 4945 lineam
1928 4885 2114 4956 script.
2151 4887 2209 4940 in
2247 4890 2290 4943 Α
