3738 5530
653 341 775 403 144
1553 342 1731 393 ΠΕΡΙ
1767 342 2324 394 ΕΠΙΡΡΗΜΑΤΩΝ.

1674 462 1720 498 p.
1748 450 1840 499 554,
1872 452 1919 491 16
1945 471 1994 481 -
2019 450 2111 498 556,
2139 451 2165 491 6
2191 453 2221 492 b

647 545 765 623 καὶ,
814 544 903 609 ὡς
949 544 1215 625 ἔφαμεν,
1260 545 1336 609 τὸ
1382 541 1633 623 ὄφελον
1677 545 2144 625 (ὑπείληπται)
2188 546 2351 625 πρὸς
2391 545 2582 610 ἐνίων
2616 547 2775 611 κατὰ
2808 547 3237 626 ςυνεκδρομὴν

646 647 985 722 γεγονέναι
1033 645 1311 725 ῥήματος
1355 646 1425 710 ἐν
1470 652 1561 729 τῷ

899 749 1080 830 <ὡς>
1124 748 1362 828 ὄφελες
1405 746 1488 831 (ω
1532 745 1676 832 30),

648 850 795 935 [ὡς]
849 850 902 915 εἰ
945 853 1026 929 μὴ
1071 852 1146 915 τὸ
1194 850 1482 931 ὤφειλον
1528 848 2098 927 ὑποςυγκέκοπται.
2180 851 2249 917 ἐν
2294 853 2511 931 μέντοι
2557 853 2750 918 ἐνίαις
2795 853 3111 919 ἐκδόςεςιν
3155 854 3237 934 ἦν

575 976 607 1022 5
647 954 926 1032 θηλυκὸν
970 953 1046 1017 τὸ
1093 951 1397 1036 ἀέκουςα,

900 1053 1052 1119 ἀλλ’
1095 1055 1370 1120 ἀέκουςα
1414 1058 1686 1133 καθῆςτο
1731 1055 1808 1137 (Α
1853 1055 2027 1136 565).
2079 1093 2151 1102 —

641 1157 817 1220 ''lcwc
880 1158 951 1221 δὲ
1020 1156 1174 1239 [καὶ]
1240 1157 1612 1236 παράκειται
1675 1163 1767 1241 τῷ
1833 1156 2031 1240 ἀκήν,
2094 1160 2548 1235 μετατεθέντος
2602 1165 2719 1225 τοῦ
2778 1162 2820 1239 ἦ
2877 1160 2966 1225 εἰς
3023 1166 3077 1223 ὦ
3134 1160 3237 1224 καὶ

642 1259 1121 1325 πλεονάςαντος
1176 1263 1292 1323 τοῦ
1349 1263 1413 1340 ἒ,
1482 1257 1573 1324 ὡς
1629 1259 1911 1339 ἔφαμεν,
1983 1259 2185 1325 τόνου
2241 1261 2674 1340 ἐγγενομένου
2730 1266 3067 1342 μετοχικοῦ
3131 1264 3236 1327 διὰ

638 1362 757 1426 τὸν
814 1361 1055 1444 τύπον,
1121 1359 1279 1425 καθό
1334 1380 1500 1425 τινες
1556 1361 1849 1445 ᾡήθηςαν
1906 1363 2010 1426 καὶ
2062 1363 2140 1426 τὸ
2196 1364 2357 1442 χρήν
2410 1365 2638 1442 χρεών.
2722 1366 2837 1443 τὴν
2892 1362 2982 1429 εἰς
3037 1369 3233 1429 τοῦτο

540 1484 603 1532 10
639 1463 860 1544 ἀκριβῆ
905 1463 1251 1543 παράθεςιν
1298 1462 1743 1542 ἐντελέςτερον
1790 1462 1861 1527 ἐν
1906 1470 1997 1547 τῷ
2043 1466 2190 1543 περὶ
2235 1469 2530 1546 μετοχῶν
2577 1464 2979 1544 ἐκθηςόμεθα.

815 1565 926 1628 Καὶ
969 1565 1115 1642 περὶ
1168 1570 1285 1630 τοῦ
1341 1563 1547 1647 ἄνεῳ
1602 1566 1673 1628 δὲ
1730 1566 2016 1645 διαφορά
2068 1586 2164 1630 τις
2219 1569 2381 1632 κατὰ
2435 1568 2552 1632 τὸν
2606 1568 2903 1647 μεριςμόν
2950 1565 3233 1646 εἰςήγετο

638 1667 802 1746 πρὸς
860 1666 1084 1747 ἐνίων,
1149 1665 1241 1731 ὡς
1286 1664 1381 1743 εἴη
1427 1667 1675 1744 μᾶλλον
1732 1664 1945 1747 ὄνομα
1987 1668 2447 1751 πληθυντικόν,
2503 1669 2797 1733 Ἀττικῶς
2841 1669 3233 1752 κεκλιμένον,

640 1769 693 1853 ᾧ
750 1768 929 1852 λόγῳ
974 1769 1078 1833 καὶ
1118 1768 1194 1832 τὸ
1238 1772 1260 1833 ῐ
1313 1767 1788 1846 προςκείμενον.
1869 1767 2000 1847 ἔχει
2056 1772 2126 1833 δὲ
2170 1772 2252 1835 τὰ
2294 1774 2406 1847 τῆς
2449 1772 2883 1836 καταςτὰςεως
2926 1775 3094 1854 τῇδε.
3170 1770 3234 1836 ἰά

636 1868 801 1935 ’ἐςτιν
847 1871 886 1948 ἡ
932 1871 1144 1953 φωνή,
1191 1871 1294 1935 καὶ
1334 1868 1489 1934 ἴςως
1534 1868 1665 1934 ἀπὸ
1710 1873 1831 1934 τοῦ
1876 1869 2033 1935 ἰέναι
2077 1870 2184 1936 ἐπὶ
2227 1874 2435 1937 πᾶςαν
2481 1871 2701 1950 ἀκοήν.
2774 1870 2853 1950 ἦν
2902 1873 2975 1937 δὲ
3018 1872 3099 1936 τὰ
3143 1871 3232 1936 εἰς

538 1992 600 2039 15
637 1976 680 2035 ἃ
722 1973 1005 2051 λήγοντα
1049 1973 1292 2050 θηλυκὰ
1338 1969 1623 2048 ὀνόματα
1667 1973 2146 2051 μεταπίπτοντα
2185 1975 2285 2039 καὶ
2316 1974 2405 2039 εἰς
2444 1979 2519 2039 δί
2562 1975 2719 2052 μετὰ
2748 1974 2863 2038 τὰς
2894 1974 3230 2057 ςυνθέςεις,

521 2082 530 2097 ·
637 2073 774 2138 ςκιά
818 2072 1051 2155 ἄςκιος,
1099 2072 1240 2151 ὥρα
1284 2070 1521 2155 ἄωρος,
1567 2077 1769 2151 μοῦςα
1812 2072 2112 2153 ἅμουςος,
2157 2076 2362 2156 ἡμέρα
2408 2076 2750 2157 ἐφήμερος,
2794 2079 2988 2156 πεῖρα
3029 2076 3229 2140 πολύ-

634 2196 875 2256 πειρος.
937 2175 1097 2241 κατὰ
1127 2175 1408 2253 ςτέρηςιν
1457 2173 1578 2240 οὖν
1624 2176 1739 2253 τὴν
1785 2177 1891 2240 διὰ
1934 2181 2051 2241 τοῦ
2096 2179 2138 2241 ἇ
2184 2177 2430 2254 ἐγίνετο
2477 2177 2658 2244 ἄνιος
2706 2176 2971 2258 (ςύνεςτι
3018 2177 3088 2241 δὲ
3130 2175 3232 2241 ἐπ’

635 2278 829 2345 ἐνίων
882 2277 1233 2356 ςτερήςεων
1288 2275 1364 2339 τὸ
1419 2279 1491 2352 ν,
1559 2276 1649 2340 ὡς
1707 2276 1812 2341 ἐπὶ
1864 2283 1981 2342 τοῦ
2048 2277 2499 2359 ἀναίςχυντος,
2567 2279 2884 2357 ἀναιδής).
2974 2279 3078 2343 καὶ
3142 2277 3230 2342 είς

635 2380 999 2459 εὐθετιςμόν
1034 2379 1310 2456 Ἀττικῆς
1342 2379 1733 2444 ἐπεκτάςεως
1775 2380 2096 2458 μετάθεςις
2140 2380 2399 2456 ἐγένετο
2425 2386 2542 2445 τοῦ
2572 2385 2595 2446 i
2624 2379 2711 2445 εἰς
2740 2382 2816 2445 τὸ
2849 2384 2901 2462 ἑ,
2946 2380 3230 2457 καθάπερ

3286 1076 3339 1114 20

3286 1483 3338 1523 25

3283 1890 3335 1930 80

3267 2192 3367 2244 555

532 2498 598 2548 20
634 2483 734 2546 καὶ
780 2480 844 2545 οἱ
889 2480 1226 2561 ἀγχίμαχοι
1272 2480 1622 2561 ἀγχέμαχοι
1666 2483 1769 2547 καὶ
1810 2481 1850 2561 ἡ
1883 2481 2125 2547 (ικυὼν
2158 2482 2410 2548 (εκυών
2447 2483 2623 2562 παρὰ
2654 2482 3039 2548 (ικυωνίοις.
3100 2480 3232 2563 (καὶ
3282 2494 3308 2533 5

633 2583 689 2648 εἰ
731 2584 806 2648 τὸ
853 2580 1101 2662 ἀκριβὲς
1144 2588 1262 2647 τοῦ
1319 2583 1520 2659 λόγου
1566 2603 1657 2648 τις
1709 2583 2164 2662 ἐπιζητήςειεν,
2220 2583 2326 2648 ἐπὶ
2370 2584 2622 2650 τούτων
2678 2582 2988 2649 ἁπάντων
3043 2583 3228 2661 μετά-

631 2689 802 2750 θεςιν
847 2688 963 2750 τοῦ
1007 2687 1031 2749 ἰ
1073 2681 1161 2748 εἰς
1205 2686 1281 2750 τὸ
1326 2688 1360 2749 ἒ
1406 2685 1683 2763 εὑρήςει,
1731 2684 2020 2764 μάντεως
2065 2683 2314 2767 ὄφεως·
2373 2687 2476 2750 καὶ
2517 2687 2641 2764 γὰρ
2687 2685 2854 2750 αὐτὰ
2898 2684 2987 2749 εἰς
3033 2686 3227 2749 τοῦτο

632 2787 1023 2868 μετατίθεται
1087 2785 1250 2866 ὑπὲρ
1316 2787 1590 2864 Ἀττικῆς
1622 2785 2113 2872 -ἐπεκτάςεως)·
2187 2787 2314 2868 ἀφ’
2378 2787 2459 2852 οὗ
2523 2789 2910 2866 πληθυντικὴ
2977 2787 3228 2866 ἐκφορὰ

768 3022 987 3077 Aaou.
1059 3029 1088 3076 7
1134 3021 1393 3076 Fortasse
1441 3038 1509 3075 ex
1552 3022 1697 3090 ἀκήν
1746 3022 1958 3076 factum
2004 3024 2091 3077 est
2132 3024 2337 3079 ἀκέων.
2376 3051 2440 3062 -·
2484 3030 2540 3077 11
2578 3024 2765 3092 Ἀνεῳ
2813 3038 2848 3076 a
2892 3021 3226 3092 quibusdam

631 3124 734 3177 pro
771 3107 982 3177 plurali
1019 3106 1277 3161 habstum
1315 3107 1428 3173 est,
1467 3122 1536 3159 ex
1571 3107 1755 3171 ἄνιος,
1791 3106 1963 3160 attice
2000 3108 2210 3173 ἄνεως,
2250 3106 2547 3163 declinato.

766 3326 995 3382 Tusa-na.
1070 3334 1126 3381 11
1166 3327 1257 3382 Et.
1294 3326 1368 3381 Μ.
1410 3333 1528 3393 104,
1567 3333 1632 3380 26
1668 3342 1789 3396 sqq.
1838 3356 1903 3366 —
1953 3332 2012 3380 ιτ
2049 3327 2151 3397 Ep.
2193 3328 2374 3383 ctam.
2418 3334 2510 3396 42,
2548 3337 2580 3383 4
2622 3322 2829 3391 ὕνεως·
2877 3326 3050 3382 τοῦτο
3087 3344 3219 3395 σχη-

635 3414 933 3481 ματίζεται
973 3414 1202 3475 διττῶς·
1251 3409 1284 3484 ἢ
1323 3410 1433 3482 γὰρ
1471 3408 1533 3466 ἐκ
1569 3413 1674 3466 τοῦ
1710 3413 1771 3466 ἴα
1808 3406 1955 3479 ἐστί,
2005 3412 2105 3467 καὶ
2142 3415 2413 3482 σημαίνει
2451 3408 2559 3482 τὴν
2595 3407 2799 3481 φωνὴν
2836 3452 2849 3464 .
2887 3453 2900 3467 .
2936 3406 3081 3480 μετὰ
3119 3411 3222 3464 τοῦ

629 3498 964 3565 στερητικοῦ
1010 3497 1071 3550 ἆ·
1122 3490 1311 3562 ἅνιος,
1360 3491 1508 3550 κατὰ
1552 3490 1924 3564 πλεονασμὸν
1967 3495 2070 3550 τοῦ
2104 3503 2167 3565 ν,
2217 3491 2294 3560 ὥς
2331 3496 2475 3567 αἷμα
2513 3491 2805 3566 α’ναίμων,
2856 3487 3223 3565 προπαροξύ-

627 3600 792 3636 νεται
831 3622 844 3635 .
885 3622 898 3635 .
936 3581 1036 3635 καὶ
1084 3577 1148 3636 τὸ
1178 3574 1429 3636 Ἀττικὸν
1478 3572 1676 3642 ἅνεως.
1724 3571 1760 3648 ἢ
1809 3574 1968 3647 παρὰ
2022 3575 2086 3635 τὸ
2142 3573 2264 3635 αὗω
2308 3581 2374 3637 τὸ
2429 3581 2602 3650 φωνῶ
2655 3584 2881 3651 γίνεται
2938 3574 3154 3641 &vavae
3191 3574 3222 3633 ὁ

628 3660 887 3734 ἄφωνος,
928 3665 1028 3720 καὶ
1066 3658 1325 3736 ἀποβολῇ
1364 3663 1465 3719 τοῦ
1504 3669 1539 3720 ὗ
1578 3658 1756 3727 ἅναος
1796 3708 1807 3719 .
1848 3707 1859 3719 .
1905 3707 1915 3718 .
1948 3658 2200 3720 Ἀττικὸν
2237 3661 2421 3729 ἅνεως
2455 3663 2984 3734 προπαροξύνεται·
3030 3660 3223 3719 κανῶν

626 3746 734 3820 γάρ
773 3746 927 3805 ἐστιν
965 3744 996 3805 ὁ
1035 3749 1238 3821 λέγων·
1285 3740 1384 3807 ὅτε
1420 3742 1536 3806 ἀπὸ
1575 3746 1848 3819 ῥημάτων
1884 3743 2254 3806 ἀποτελεῖται
2300 3743 2561 3821 ὀνόματα
2597 3747 2861 3805 σύνθετα
2898 3748 2982 3812 εἰς
3016 3755 3083 3812 ἴς·
3120 3745 3219 3819 λη’-

625 3855 828 3904 γοντα,
877 3838 1074 3903 τρίτην
1121 3827 1236 3890 ἀπὸ
1282 3833 1480 3897 τέλους
1526 3833 1645 3904 ἔχει
1690 3828 1797 3903 τὴν
1843 3828 2074 3902 ὀξεῖαν,
2124 3832 2249 3890 οἷον
2293 3837 2454 3903 μυκῶ
2502 3837 2744 3906 δίμυκος
2795 3830 3082 3905 (ἔρι’μυκος
3118 3849 3220 3887 sor.

624 3917 1033 3986 RSchneider),
1072 3921 1222 3973 συλῶ
1260 3913 1494 3984 ἄσυλος,
1535 3916 1698 3989 φυτῶ
1733 3916 2019 3989 νεόφυτος
2060 3960 2071 3972 .
2113 3909 2295 3981 οὕτως
2333 3910 2438 3974 οὖν
2476 3914 2600 3974 αὔω
2636 3911 2856 3982 ἅναυος
2890 3920 2991 3974 καὶ
3016 3912 3216 3979 dimas.

623 4003 712 4058 Et.
752 4004 847 4059 Or.
891 4009 975 4072 19,
1013 4012 1096 4070 35,
1133 4005 1192 4058 in
1230 4021 1342 4072 quo
1379 4003 1611 4058 additur
1646 3996 1823 4068 οὕτως
1852 3997 2224 4067 Ἀπολλώνιος
2259 3999 2322 4059 ἐν
2359 4002 2435 4077 τῷ
2471 4006 2603 4073 περὶ
2641 4000 3059 4072 ἐπιρρημάτων.
3128 4000 3215 4054 Et.

623 4088 700 4142 Μ.
741 4094 864 4154 105,
905 4095 985 4147 1⁷·
1058 4089 1145 4143 Et.
1181 4088 1326 4144 Gud.
1364 4093 1455 4155 56,
1494 4095 1575 4142 22.

912 4231 1025 4238 -0—

761 4308 950 4365 Dmcn.
989 4328 1186 4369 semm-
1250 4315 1293 4364 1.
1331 4311 1400 4363 τὸ
1426 4311 1644 4376 ὄφελον
1668 4310 2091 4379 (ὑπείληπται)
2116 4308 2589 4376 GFSohoemann,
2627 4310 2691 4363 ἐν
2713 4314 2799 4375 τῷ
2826 4310 3058 4376 ὤφελον
3084 4308 3175 4362 Ab
3205 4310 3211 4376 Ι

621 4401 772 4449 2-8,
819 4395 881 4449 ἐν
923 4399 1010 4463 τῷ
1057 4396 1136 4448 ὡς
1172 4367 1407 4461 ὄφελες,
1454 4393 1504 4449 εί
1548 4397 1623 4461 μὴ
1661 4393 2026 4448 RSkrzeezka
2070 4393 2541 4460 GFSehoemann,
2587 4395 2649 4448 ἐν
2684 4399 2770 4461 τῷ
2806 4394 3012 4460 ὄφελες
3049 4395 3129 4447 ὡς
3167 4392 3216 4447 εἰ

623 4499 697 4564 μὴ
737 4495 858 4561 Ab;
900 4496 1032 4565 post
1062 4478 1248 4564 ρημαῼ
1292 4495 1492 4564 incipit
1524 4496 1619 4549 fol.
1660 4502 1758 4549 124
1782 4514 1824 4548 r.
1855 4497 1865 4563 Ι
1895 4501 1942 4549 4.
1982 4496 2235 4561 ὤφειλον
2271 4495 2744 4562 GFSchoemann‚
2784 4497 3032 4561 ὠφειλεν
3068 4494 3161 4548 Ab
3200 4496 3207 4564 1

620 4587 667 4635 6.
706 4583 851 4634 αλλα
886 4595 1126 4648 acconen
1161 4583 1205 4636 A
1259 4585 1268 4647 Ι
1323 4582 1534 4649 κάθηςο
1570 4580 1845 4634 Homerus
1899 4583 1908 4644 Ι
1962 4585 2012 4632 7.
2047 4581 2202 4635 Ἴςως
2238 4579 2490 4646 KLehrs,
2527 4582 2715 4635 οὕτως
2751 4580 2841 4634 Ab
2900 4581 2911 4648 Ι
2973 4582 3066 4633 καὶ
3102 4578 3214 4632 del.

620 4663 982 4718 RSkrzeozka.
1019 4669 1028 4726 Ι
1068 4669 1116 4718 8.
1153 4680 1528 4731 εκγενομενον
1565 4664 1607 4717 Α
1648 4669 1658 4729 Ι
1701 4669 1779 4717 11.
1814 4680 1989 4718 ανεωι
2026 4665 2070 4718 Α
2117 4668 2124 4728 Ι
2161 4669 2241 4718 13.
2275 4668 2434 4732 τηιδε
2471 4667 2515 4720 Α
2547 4670 2556 4731 Ι
2598 4671 2678 4719 17.
2713 4665 2774 4718 δὲ
2810 4663 2903 4717 Ab
2939 4664 2998 4716 in
3033 4663 3213 4726 textu,

622 4749 770 4803 ‘son-t.
807 4748 935 4815 γάρ’
972 4748 1010 4802 b
1047 4748 1106 4801 in
1143 4764 1260 4808 var.
1296 4749 1428 4803 lect.
1469 4752 1478 4815 1
1518 4754 1601 4801 22.
1638 4749 1922 4815 μάντεως,
1971 4750 2163 4814 ὄφεως
2210 4746 2682 4815 GFSchoemann,
2730 4749 2999 4814 μάντεος.
3036 4749 3212 4815 ὄφεος

620 4833 714 4887 Ab
745 4836 755 4900 Ι
784 4849 930 4887 αυτα
966 4862 1032 4872 -
1067 4832 1127 4886 in
1163 4833 1274 4887 fine
1309 4833 1567 4886 versunA
1660 4859 1673 4876 κ
3039 4861 3046 4870 ·
