3738 5530
548 343 990 402 Commentarius
1018 344 1245 402 criticus
1273 346 1332 402 et
1359 344 1679 418 exegeticus
1706 344 1767 400 in
1793 342 2081 416 Apollonii
2109 343 2340 416 Dyscoli
2368 344 2581 416 scripta
2607 344 2838 401 minora.
2932 344 3015 409 75

405 515 517 591 κῆς
561 509 932 591 ἀπήρτηται.
1023 516 1096 576 In
1142 517 1334 577 altera
1378 518 1579 576 autem
1624 516 1922 576 enuntiati
1965 517 2137 593 parte
2181 514 2375 575 forma
2416 515 2746 576 sententiae
2783 518 3017 575 mutata

404 609 519 667 est:
582 605 898 665 dicendum
950 608 1110 665 enim
1163 609 1319 682 erat,
1380 608 1451 665 ut
1494 606 1734 685 singula
1777 605 1892 667 sibi
1935 604 2384 682 responderent:
2450 599 2505 666 εἰ
2552 600 2624 665 δὲ
2671 599 2760 666 εἰς
2801 600 3019 679 ἁπλῆν

403 695 521 770 τῆν
577 690 802 768 αὐτοῦ,
867 691 944 756 τὸ
990 690 1160 771 ῥῆμα
1205 691 1277 757 ἐν
1322 691 1602 771 διαβάςει
1644 695 1892 757 νοεῖται
1935 696 2034 756 vel
2078 695 2271 755 simile
2318 694 2478 770 quid.
2572 694 2688 753 Sed
2735 695 2890 755 solet
2930 696 3022 755 ita

405 785 571 861 loqui
616 783 757 861 Ap.:
815 785 888 844 cf.
933 805 990 862 p.
1033 786 1114 846 93
1143 784 1201 844 A
1247 777 1362 867 (=
1405 786 1507 861 73,
1530 776 1597 866 1)
1657 780 1750 845 Τὸ
1798 778 2003 859 ἄρχον
2049 780 2243 859 μέρος
2289 779 2354 844 αἱ
2400 780 2688 845 ςύνθετοι
2733 783 3016 845 κινοῦςαι

409 869 724 949 πρόςωπα
767 872 1152 949 παριςτᾶςιν,
1200 869 1439 948 ὁμοίως
1483 874 1622 935 ταῖς
1667 869 1918 945 ἁπλαῖς,
1965 869 2042 934 τὸ
2090 870 2163 934 δὲ
2207 867 2413 944 τέλος,
2459 867 2571 934 ὅτε
2617 869 2808 945 γένος
2854 869 3017 951 (pro-

406 964 537 1041 prie
583 962 897 1023 dicendum
940 964 1085 1024 fuit:
1147 959 1225 1025 τὸ
1270 960 1342 1023 δὲ
1388 958 1604 1035 γένος,
1651 957 1763 1024 ὅτε
1809 959 1997 1024 τέλος
2045 957 2302 1041 [typoth.
2350 980 2547 1022 errore
2593 956 2705 1022 ὅτε
2751 957 3018 1041 γένος]).

407 1053 533 1113 Nec
577 1054 725 1113 satis
761 1053 1091 1113 membrum
1126 1053 1381 1112 alterum
1417 1053 1593 1112 alteri
1617 1051 1938 1129 respondet
1978 1050 2137 1112 99A
2184 1043 2299 1133 (=
2332 1054 2434 1127 77,
2457 1040 2777 1132 19-2Ο);
2826 1052 2951 1112 133
2975 1049 3021 1110 C

410 1134 524 1224 (=
568 1134 1013 1224 105‚8—10);
1079 1140 1274 1202 1370
1320 1145 1383 1201 et
1430 1142 1587 1218 138,
1630 1140 1688 1200 A
1732 1132 1849 1224 (=
1891 1131 2377 1221 108,17—18)'
2444 1140 2567 1200 ska
2610 1140 2643 1199 I
2683 1141 2782 1201 13.
2890 1140 3022 1201 Hoc

406 1232 595 1310 igitur
638 1233 771 1291 vult
814 1231 929 1309 Ap.
976 1226 1233 1292 ‘Poteris
1280 1236 1388 1291 aut
1430 1234 1516 1292 sic
1563 1233 1943 1310 coniungere:
1993 1226 2248 1305 Νέςτωρ
2296 1225 2487 1305 φάςχ’
2535 1225 2573 1290 ὁ
2610 1226 2822 1305 γέρων
2860 1224 3019 1291 οἶςιν

410 1318 524 1399 (=
564 1316 827 1399 ἑαυτοῦ)
877 1317 972 1383 ἐνὶ
1016 1316 1403 1397 μεγάροιςιν,
1452 1323 1558 1380 aut
1602 1323 1688 1381 sic
1734 1314 1829 1381 ὅτ’
1878 1314 2371 1395 ἐπιμνηςαίμεθα
2416 1319 2548 1381 ςεῖο
2594 1313 2715 1380 οῖςι
2762 1314 3020 1397 (αὐτοῦ)

410 1405 507 1471 ἐνὶ
551 1404 955 1487 μεγάροιςιν’.
1043 1410 1258 1473 Utram
1300 1410 1734 1489 interpretandi
1778 1410 2073 1470 rationem
2116 1408 2401 1486 proferat,
2446 1428 2636 1485 neque
2680 1408 2791 1470 hoc
2834 1427 3025 1485 neque

414 1499 613 1578 priore
657 1500 698 1559 l.
742 1501 957 1560 innuit.

594 1589 699 1666 48,
724 1591 807 1649 20
857 1589 980 1649 ska.
1024 1589 1057 1648 1
1096 1590 1197 1649 13.

588 1680 694 1754 48,
717 1681 975 1739 20—27
1041 1678 1114 1739 cf.
1178 1680 1334 1756 synt.
1385 1679 1896 1755 156,11—-157‚
1929 1680 2040 1753 143
2110 1676 2443 1755 supplenda
2504 1679 2646 1737 sunt
2708 1675 3025 1754 cogitando

413 1771 552 1828 ante
597 1769 690 1848 τῷ
737 1764 859 1843 γὰρ
905 1764 1083 1828 παιδὶ
1126 1767 1240 1842 τῆς
1284 1763 1506 1830 Ἰνοῦςῑ
1565 1762 1643 1849 εᾧ
1687 1769 1778 1827 ita
1823 1765 2232 1845 accipiendum
2278 1768 2371 1827 est
2412 1769 2483 1826 ut
2527 1767 2608 1826 sit
2654 1759 2871 1839 αὐτῆς’
2921 1757 3024 1847 (cf.

413 1859 571 1934 synt.
622 1858 769 1932 157,
792 1861 823 1916 1
857 1849 1002 1939 sq.):
1060 1875 1252 1918 sermo
1298 1860 1456 1918 enim
1501 1860 1594 1917 est
1637 1855 1709 1917 de
1752 1856 1879 1916 filio
1923 1856 2082 1916 Inus.
2176 1848 2323 1938 (Sed
2367 1855 2516 1916 haec
2559 1857 2856 1915 sententia
2906 1873 3025 1914 non

410 1946 683 2007 omnibus
728 1946 1045 2025 probatur,
1089 1937 1256 2027 nam)
1322 1948 1429 2006 alii
1475 1949 1578 2024 qui
1634 1938 1733 2030 (ex
1776 1945 2293 2005 Aristarcheorum
2337 1936 2498 2026 lege)
2547 1940 2601 2023 ᾧ
2647 1940 2826 2005 παιδὶ
2868 1943 3027 2003 idem

412 2055 536 2097 esse
592 2038 832 2096 censent
888 2037 1067 2113 atque
1113 2031 1348 2096 ἑαυτοῦ
1394 2032 1596 2108 παιδί,
1667 2039 1963 2112 quaerunt
2018 2053 2194 2112 quem
2239 2036 2475 2095 secutus
2523 2031 2817 2093 Pindarus
2861 2032 3030 2092 Meli-

411 2128 635 2186 certam
699 2123 943 2209 Sisyphi
1004 2124 1195 2185 filium
1257 2126 1500 2202 dixerit3
1563 2124 1669 2185 alii
1715 2120 1768 2185 ὥ
1814 2124 2012 2184 dorice
2050 2150 2135 2173 =
2174 2119 2264 2185 ὥς
2328 2122 2597 2184 scribunt
2660 2114 2744 2204 (v.
2781 2111 2880 2203 i.);
2925 2122 3032 2181 alii

413 2215 770 2292 scripturam
816 2210 870 2294 ᾧ
915 2215 1006 2274 ita
1052 2215 1356 2292 accipiunt
1399 2210 1726 2292 (μετάγειν
1770 2210 1889 2289 τὴν
1938 2210 2198 2289 γραφὴν
2244 2232 2365 2273 non
2410 2230 2537 2273 esse
2576 2207 3030 2287 μεταγράφειν,

412 2307 767 2382 scripturam
811 2307 1062 2380 mutare,
1107 2325 1139 2365 e
1184 2307 1339 2382 synt.
1382 2304 1527 2379 156,
1550 2305 1630 2364 23
1681 2305 1932 2381 apparet
1978 2297 2067 2363 εἰς
2111 2299 2229 2378 τὴν
2277 2297 2342 2363 οἶ
2387 2297 2788 2378 μετέλαβον),
2837 2303 2908 2360 ut
2951 2302 3032 2361 sit

412 2390 590 2454 παιδί
636 2389 699 2453 οἱ
746 2419 831 2441 =
877 2389 1056 2454 παιδὶ
1111 2389 1270 2473 αὐτῇ
1318 2419 1403 2441 =
1450 2388 1629 2454 παιδὶ
1692 2388 1914 2467 αὐτῆς;
1988 2411 2169 2468 quam
2232 2391 2307 2450 ad
2370 2411 2498 2451 rem
2563 2390 3027 2451 confirmandam

413 2485 663 2542 utuntur
706 2482 955 2542 Homeri
997 2483 1129 2543 loco
1175 2500 1415 2560 prorsus
1462 2482 1712 2543 diverse.
1805 2475 2049 2541 ‘Mirum
2094 2499 2234 2541 sane
2280 2483 2371 2541 est
2414 2483 2544 2540 tam
2589 2481 2826 2541 diversa
2869 2482 3031 2538 inter

413 2592 475 2633 se
521 2591 863 2650 comparare
908 2574 1171 2649 potuisse
1207 2571 1340 2649 Ap.,
1385 2572 1488 2631 sed
1533 2572 1739 2632 eodem
1782 2572 2052 2650 exemplo
2089 2573 2272 2630 etiam
2314 2591 2370 2648 p.
2405 2570 2508 2645 68,
2547 2567 2592 2629 G
2640 2565 2755 2652 (=
2788 2569 2891 2644 54,
2914 2561 3027 2650 20)

413 2663 630 2737 uffitur,
691 2661 795 2721 ubi
840 2660 912 2721 de
967 2662 1237 2739 enallage
1293 2680 1536 2721 casuum
1588 2662 1884 2738 loquitur,
1947 2662 2009 2721 et
2050 2680 2110 2738 p.
2152 2661 2299 2734 117,
2332 2658 2392 2718 A
2437 2651 2552 2741 (=
2594 2649 2852 2739 91,18)‚
2909 2676 3025 2734 quo

414 2752 544 2812 loco
601 2746 808 2826 ςφωῖν
863 2751 1133 2813 daffivum
1188 2769 1313 2812 esse
1368 2750 1655 2827 ostendit,
1720 2752 1823 2827 qui
1878 2770 1988 2828 pro
2034 2752 2311 2829 genetivo
2354 2750 2586 2827 positus
2632 2749 2713 2811 sit
2757 2743 2830 2810 ἐν
2878 2743 3023 2823 ςχή-

416 2856 617 2916 ματος
663 2835 834 2901 eece.
909 2840 1033 2901 Ska
1075 2841 1108 2900 I
1147 2842 1247 2900 13.
2383 2913 2390 2916 ,

594 2930 802 3004 48,27
852 2928 1038 3000 Quem
1084 2932 1390 2990 accentum
1436 2925 1489 2990 ὥ
1538 2925 1651 3007 (=
1682 2924 1771 2990 ὥς
1808 2930 1847 2988 i.
1888 2919 1936 2989 e.
1975 2923 2214 3008 οὕτως)
2264 2928 2466 2989 dorico
2511 2927 2742 3005 imponi
2776 2927 3036 2988 voluerit
3101 2948 3105 2952 ·

414 3019 734 3095 Dyscolus,
791 3023 1041 3096 apparet
1094 3022 1155 3079 et
1209 3038 1280 3078 ex
1323 3019 1458 3080 h.1.
1507 3022 1569 3079 et
1613 3037 1683 3079 ex
1734 3019 1829 3078 his
1878 3017 2011 3078 adv.
2063 3020 2344 3094 171,21;
2410 3019 2557 3093 179,
2582 3019 2693 3093 213
2756 3017 2902 3092 203,
2925 3018 3037 3091 243

415 3110 570 3184 synt.
602 3109 750 3183 156,
772 3110 870 3169 20.
915 3111 1025 3184 22,
1072 3101 1351 3191 (uin-oque
1386 3109 1424 3167 1.
1462 3127 1583 3185 rep.
1620 3098 1720 3190 ὥ).
1793 3107 2139 3168 Assenffitur
2175 3108 2477 3173 RMeister
2511 3107 2631 3166 Zur
2666 3126 2753 3186 gr.
2792 3105 3036 3166 Dialek-

414 3197 638 3277 tologie
686 3189 952 3279 (Progr.)
997 3197 1157 3275 Lips.
1206 3198 1374 3258 1883
1424 3219 1483 3275 p.
1525 3199 1581 3256 2.

593 3287 698 3361 48,
721 3287 802 3346 28
857 3286 1111 3347 Versum
1154 3286 1434 3347 Alcmani
1486 3286 1699 3346 tribuit
1743 3285 2089 3348 HLAhrens
2145 3278 2346 3368 (MRh.
2396 3285 2485 3345 VI
2534 3287 2693 3362 234,
2753 3285 2823 3345 cl.
2872 3283 3035 3343 diall.

414 3374 477 3433 H
516 3367 703 3457 208);
767 3375 1063 3452 adespotis
1127 3376 1450 3453 lyricorum
1512 3376 1781 3453 reliquiis
1846 3377 1991 3436 olim
2056 3378 2414 3455 inseruerat*
2441 3375 2765 3455 ThBergk,
2825 3376 3039 3452 postea

416 3455 554 3546 (lyr.
603 3485 689 3542 gr.
736 3456 857 3523 111⁸
897 3456 1098 3547 1359)
1144 3465 1490 3543 Epicharmi
1535 3466 1938 3544 septenarium
1987 3484 2111 3526 esse
2158 3465 2477 3526 contendit.

593 3554 731 3613 Hac
791 3557 971 3629 iyimr
1024 3557 1250 3615 ratione
1302 3558 1502 3615 tertiae
1543 3574 1705 3630 pers.
1748 3557 2110 3630 pronomina
2152 3555 2490 3630 possessiva
2536 3555 2711 3615 modo
2757 3555 2843 3613 ita
2888 3554 3036 3614 acci-

416 3643 643 3716 pienda
687 3648 839 3714 sunt,
884 3647 952 3703 ut
995 3661 1125 3704 cum
1167 3644 1543 3719 ciniphibus,
1587 3645 1756 3705 modo
1800 3648 1903 3713 ita,
1948 3649 2015 3705 at
2058 3663 2190 3705 cam
2237 3645 2564 3720 compositis
2602 3645 3032 3704 commutentur.

415 3732 606 3791 Plura
652 3733 911 3806 exempla
955 3734 1169 3807 afferre
1212 3734 1472 3793 alienum
1518 3738 1600 3794 cst
1642 3735 1749 3808 49,
1772 3735 1965 3793 4-7.

511 3821 1016 3970 11ζῑ16ΐοντηαο
1047 3826 1466 3897 pronominum
1508 3823 1850 3899 simillaeim
1896 3818 2086 3901 (κατὰ
2130 3819 2350 3901 μέρος)
2394 3825 2816 3899 percenseatur
2861 3822 2967 3896 49,
2996 3821 3034 3880 8

424 3942 499 3953 -
642 3954 659 3986 ,
770 3957 783 3970 .

597 4019 649 4059 a.
713 3999 1056 4061 Personalia
1100 4001 1588 4077 49‚8—101‚5.

601 4092 655 4148 1.
717 4088 1093 4151 Nominatn'vi
1137 4090 1456 4170 singularis

518 4200 530 4212 ·
597 4173 667 4255 α)
713 4181 940 4256 primae
983 4198 1268 4257 personae
1313 4181 1801 4256 49‚9—51‚17.

594 4262 774 4340 Ἐγώ
821 4269 896 4328 ab
950 4271 1120 4330 attico
1179 4265 1419 4341 ἔγωγε
1465 4270 1662 4344 differt
1704 4272 2134 4331 constructione.
2224 4265 2405 4342 Ἐγώ
2454 4271 2609 4329 enim
2654 4274 2708 4329 et
2749 4272 2818 4330 in
2860 4271 3035 4330 initio

416 4359 730 4418 sententiae
762 4359 1009 4432 ponitur
1054 4362 1106 4418 et
1148 4359 1286 4418 abiis
1329 4359 1625 4419 vocabatis
1657 4363 2064 4434 postponimu-
2110 4354 2355 4432 ἔγωγε
2398 4376 2519 4419 non
2564 4360 2706 4420 solet
2747 4361 2815 4419 in
2865 4361 3038 4420 initio

421 4448 705 4506 onmiati
737 4449 887 4522 poni
932 4450 985 4508 et
1027 4448 1377 4522 affirmandi
1419 4449 1539 4507 vim
1579 4449 1780 4521 habet;
1840 4449 1997 4509 vebat
2039 4466 2170 4508 cam
2212 4451 2660 4524 interroqamwr,
2710 4453 3036 4509 annuentes

420 4536 667 4596 dicimus
711 4531 953 4608 ἔγωγε
997 4538 1357 4612 49,9-13.
1428 4569 1505 4579 -
1570 4536 1895 4598 Fallamiur
1937 4540 2117 4613 ἐφέται·
2161 4540 2263 4612 qui
2306 4541 2595 4608 statuant,
2662 4533 2812 4610 ἐγώ
2858 4555 3035 4613 oppo-

421 4625 599 4685 nendi
642 4642 825 4686 causa
857 4627 1138 4700 proferri,
1186 4621 1429 4698 ἔγωγε
1471 4627 1818 4687 inclinatum
1862 4644 1983 4688 esse
2037 4626 2233 4702 (onius
2275 4630 2364 4687 rei
2409 4644 2622 4687 ansam
2654 4628 2936 4702 praebwit
2981 4631 3039 4687 et

424 4716 688 4774 accerime
744 4718 1032 4776 retractus
1094 4716 1355 4791 quodque
1405 4717 1473 4775 in
1531 4718 1698 4776 initio
1757 4719 2074 4777 sententiae
2123 4734 2245 4777 non
2286 4720 2557 4792 ponitur,
2621 4717 2686 4776 id
2741 4718 2896 4792 quod
2938 4719 3032 4777 in-

426 4801 654 4863 clinatis
705 4805 939 4880 accidit)
950 4825 975 4877 ;
1035 4806 1490 4865 ammiratum
1551 4807 1703 4866 enim
1757 4810 1840 4866 cst
1893 4809 2281 4867 nominativos
2314 4808 2734 4881 pronominmn
2775 4824 2896 4866 non
2937 4808 3029 4865 in-

426 4890 655 4952 obinari.
738 4893 1051 4955 Raeterea
1099 4894 1386 4955 inamata
1427 4897 1784 4968 pronomina
1836 4912 2061 4970 semper
2114 4913 2245 4956 omn
2288 4896 2493 4970 aliqua
2536 4897 2819 4955 orationis
2853 4900 3044 4969 parte

427 4981 872 5057 coniwtyunbur,
915 4987 984 5044 ut
1013 4985 1475 5060 praepositiones
1519 4986 1943 5046 commotiones
1987 4986 2237 5046 articuli.
2332 4985 2484 5046 Twm
2528 4980 2779 5057 ἔγωγε
2816 5001 3042 5062 quoque
