3738 5530
591 339 673 405 38
1524 342 1703 392 ΠΕΡΙ
1739 341 2246 398 ΑΝΤΩΝΤΜΙΑΣ.

1465 451 1729 501 p.4·1(so·1)
1761 451 1803 490 A
1830 451 1855 489 3
1884 472 1930 480 -
1958 452 2009 491 49
2038 450 2148 501 (309)
2177 453 2209 492 υ
2238 453 2262 491 ⁴
2290 453 2319 492 b

592 544 774 624 φήςει
818 543 941 623 γάρ
996 563 1118 607 τις·
1181 545 1264 608 «εἰ
1318 547 1453 609 ταῖς
1509 543 2093 623 ὀρθοτονουμέναις
2149 547 2547 612 ςυντάςςεται
2602 548 2790 613 ἕνεκα
2836 549 3186 626 διαςτολῆς,

590 650 732 712 πῶς
777 646 898 710 οὐκ
943 645 1521 724 ὀρθοτονουμέναις
1568 647 2003 721 ςυντέτακται;
2050 647 2327 713 λείπεται
2374 648 2496 714 οὖν
2541 648 2631 713 ὡς
2677 649 2783 714 διὰ
2823 652 2899 714 τὸ
2943 651 3184 725 γένος.»

593 749 785 814 Ἀλλά
814 748 1199 834 δειχθήςεται
1234 748 1324 813 ὡς
1369 749 1676 814 πολλάκις
1705 749 1834 813 ὑπὸ
1867 754 2193 829 ποιητικῆς
2238 751 2452 816 ἀδείας
2497 751 2871 829 παρέλκεται
2903 751 2940 829 ἢ
2973 750 3189 833 αὐτός,

1403 851 1523 915 κὰδ
1571 853 1641 915 δέ
1686 872 1789 929 μιν
1836 851 2035 916 αὐτόν
2084 852 2164 929 (Φ
2195 852 2372 936 318),

526 974 556 1021 5
1404 952 1478 1029 ἠέ
1524 974 1628 1033 μιν
1673 952 1873 1020 αὐτόν
1921 951 2003 1038 (Ω
2046 952 2220 1037 472),

595 1056 753 1119 καθὸ
798 1056 899 1119 καὶ
943 1054 1055 1118 ἐπ’
1099 1052 1318 1135 ἄλλων
1365 1055 1600 1122 λέξεων
1647 1055 1709 1118 αἱ
1753 1055 2089 1135 παρολκαί.
2180 1054 2400 1120 ἔπειτα
2446 1056 2781 1135 εἰρήςεται,
2831 1058 2922 1123 ὡς
2965 1058 3066 1122 καὶ
3109 1059 3187 1121 τὰ
3225 1073 3269 1125 Β

592 1161 705 1234 τῆς
776 1155 1203 1231 ἀναγνώςεως
1269 1157 1644 1239 παράλογα,
1720 1155 1880 1222 ὅταν
1945 1156 2387 1239 ἐφιςτάνωμεν
2454 1158 2620 1238 ὑπὲρ
2686 1164 2819 1224 τῶν
2887 1161 3044 1225 κατὰ
3114 1161 3190 1224 τὸ

594 1259 845 1341 τρίτον,
892 1259 945 1323 εἰ
991 1257 1511 1337 ὀρθοτονηθεῑςαι
1555 1258 1819 1323 πάντως
1864 1259 2584 1338 ἀντανακλαςθήςονται.

768 1361 840 1424 Αἱ
884 1361 1092 1424 δυϊκαὶ
1133 1363 1251 1425 τοῦ
1297 1361 1561 1439 πρώτου
1606 1361 1706 1427 καὶ
1749 1361 2056 1440 δευτέρου
2101 1362 2299 1439 πάςης
2330 1363 2634 1426 πτώςεως
2664 1362 3190 1442 ὀρθοτονοῦνται.

496 1482 560 1528 10
595 1463 795 1542 Ὑπὲρ
852 1463 967 1540 μὲν
1025 1461 1146 1526 οὖν
1205 1465 1316 1540 τῆς
1372 1462 1620 1527 εὐθείας
1665 1461 1745 1527 οὐ
1793 1464 1913 1542 χρὴ
1960 1464 2407 1546 παλιλλογεῖν,
2464 1464 2624 1542 ὑπὲρ
2684 1465 2754 1528 δὲ
2796 1472 2928 1529 τῶν
2975 1468 3189 1530 λειπο-

598 1566 812 1645 μένων
860 1564 1073 1628 ἐκεῖνο
1120 1565 1200 1629 ἂν
1246 1564 1455 1629 αἴτιον
1501 1562 1596 1642 εἴη
1611 1614 1629 1647 ,
1688 1566 1762 1629 τὸ
1809 1568 1940 1629 πᾶν
1988 1565 2215 1645 μόριον
2260 1566 2611 1640 ἐγκλιτικὸν
2655 1567 2797 1645 ἤτοι
2842 1566 2973 1631 ἀπὸ
3019 1587 3192 1646 περι-

599 1666 941 1747 ςπωμένου
985 1666 1024 1744 ἢ
1071 1667 1202 1730 ἀπὸ
1249 1665 1563 1731 ὀξυτόνου
1608 1666 2022 1742 ἐγκεκλίςθαι·
2082 1668 2212 1731 ἀπὸ
2267 1669 2389 1747 γὰρ
2438 1668 2795 1748 βαρυτόνου
2841 1667 3193 1734 ἀδύνατον·

598 1774 794 1851 πῶς,
860 1767 1056 1846 ήλθέ
1112 1788 1307 1850 πως,
1379 1767 1884 1848 Ἀρίςταρχός
1939 1790 2163 1850 ποτε,
2234 1768 2637 1848 ἄνθρωποί
2695 1769 2871 1834 εἰςι·
2938 1771 3041 1835 καὶ
3093 1770 3193 1834 ἐπὶ
3233 1784 3275 1838 C

597 1880 729 1936 τῶν
785 1869 1324 1950 ὑπολειπομένων
1381 1871 1457 1934 τὸ
1502 1869 1676 1936 αὐτό.
1778 1870 2067 1947 εὐλόγως
2112 1869 2231 1936 οὖν
2278 1874 2383 1937 διὰ
2425 1873 2540 1951 τὴν
2586 1872 2691 1936 ἐπὶ
2733 1872 2958 1938 τέλους
3005 1872 3191 1954 βαρύ·

504 1990 564 2037 ι5
598 1994 755 2053 τητα
810 1973 848 2049 ἡ
907 1972 1175 2047 ἔγκλιςις
1232 1971 1351 2036 οὐκ
1403 1970 1503 2049 ἦν.
1604 1973 1706 2034 καὶ
1757 1974 1883 2050 γάρ
1938 1974 2096 2037 κατά
2153 1976 2390 2038 τοῦτον
2444 1974 2561 2038 τὸν
2616 1973 2817 2049 λόγον
2861 1972 2899 2051 ἦ
2945 1973 3194 2039 ἐκεῖνος

584 2076 700 2141 ’καὶ
758 2073 951 2139 οὗτος
1006 2072 1198 2137 πάλιν
1254 2073 1468 2152 μόνως
1525 2071 2060 2151 ὀρθοτονοῦνται,
2130 2078 2242 2153 τῆς
2300 2074 2494 2140 αὐτός
2551 2075 2897 2141 ἀκωλύτως
2951 2078 3053 2141 καὶ
3107 2076 3194 2141 εἰς

601 2178 874 2254 ἔγκλιςιν
930 2174 1376 2254 ἐμπιπτούςης.
1435 2210 1517 2220 -
1573 2175 1666 2239 Οὐ
1712 2175 2023 2254 μάχονται
2068 2175 2131 2239 αἱ
2174 2176 2384 2241 Ἰακῶς
2440 2179 2845 2261 διῃρημέναι,
2908 2179 3077 2255 λε’γω
3121 2180 3192 2242 δὲ
3415 2242 3428 2251 ,

601 2283 717 2359 τὴν
774 2278 925 2358 ἐμέο
982 2277 1085 2339 καὶ
1136 2276 1353 2355 ἡμέων
1410 2277 1511 2340 καὶ
1564 2280 1678 2341 τὰς
1735 2278 2075 2352 ςυζύγους·
2133 2277 2212 2341 οὐ
2267 2279 2393 2357 γὰρ
2437 2278 2621 2359 φύςει
2667 2283 3193 2362 βαρυτονοῡνται,
3232 2296 3376 2347 48A

603 2383 733 2447 ἀπὸ
779 2381 850 2443 δὲ
895 2378 1400 2458 περιςπωμένων
1445 2380 1545 2442 καὶ
1590 2378 2053 2459 ἐντελεςτέρων
2099 2382 2465 2463 διῃρημέναι
2510 2379 2675 2445 εἰςίν.
3165 2372 3180 2376 “

500 2500 567 2547 20
771 2482 843 2546 Αἱ
899 2485 991 2563 τῷ
1048 2480 1582 2546 ῑπλεονάζουςαι
1626 2480 1841 2559 μόνως
1887 2480 2429 2560 ὀρθοτονοῦνται,
2486 2483 2738 2566 ἐμεῖο,
2796 2487 2992 2565 ςεῖο,
3047 2483 3197 2548 εἷο·

603 2586 732 2650 ἀπὸ
786 2584 910 2661 γὰρ
969 2581 1549 2661 ὀρθοτονουμένων
1607 2584 1723 2647 τὸν
1781 2580 2195 2663 πλεονάςμόν
2250 2583 2636 2650 ἀνεδέξαντο
2690 2588 2808 2649 τοῦ
2853 2587 2893 2648 ῑ.
2984 2583 3081 2649 ὅτι
3127 2586 3198 2650 δὲ

603 2688 677 2750 τὸ
735 2684 1089 2763 λεγόμενον
1147 2683 1407 2761 ἀληθές,
1466 2684 1751 2767 <ςαφὲς>
1812 2685 2124 2750 ἐντεῦθεν.
2229 2689 2361 2752 πᾶν
2417 2687 2493 2751 τὸ
2552 2686 2622 2751 ἐν
2676 2686 3105 2764 πλεονάςματι
3158 2687 3196 2763 ἢ

605 2789 886 2865 ἐλλείψει
941 2786 1111 2849 πολὺ
1169 2786 1490 2865 πρότερον
1551 2786 1620 2850 ἐν
1677 2786 2019 2872 ὁλοκλήρῳ
2077 2789 2491 2865 καθειςτήκει’
2550 2787 2754 2855 πόθεν
2809 2791 2934 2868 γὰρ
2979 2791 3018 2869 ἡ
3063 2789 3196 2853 διά-

603 2907 835 2965 γνωςις
891 2891 1007 2951 τοῦ
1064 2886 1311 2950 πάθους
1368 2887 1687 2967 ἐμφανής,
1735 2887 1788 2952 εἰ
1849 2891 1931 2968 μὴ
1988 2891 2091 2953 καὶ
2141 2892 2218 2954 τὸ
2275 2893 2391 2954 τοῦ
2449 2889 2812 2969 ὁλοκλήρου
2870 2894 3072 2970 ςχῆμα
3129 2889 3199 2954 ἐν

503 3007 570 3055 ‘25
605 2990 923 3056 τελειώςει
980 2989 1432 3072 έγιγνώςκετος
1492 2988 1546 3053 εἰ
1604 2987 1723 3054 οὖν
1781 2989 2059 3055 ἐντελεῖς
2113 2989 2176 3053 αἱ
2219 2990 2766 3072 ὀρθοτονούμεναι
2810 2999 2942 3057 τῶν
2989 2992 3197 3057 ἀντω-
3235 3004 3283 3057 B

607 3096 880 3171 νυμιῶν,
939 3092 1042 3154 καὶ
1096 3089 1133 3153 ὁ
1193 3089 1323 3154 ἀπὸ
1380 3089 1641 3156 τούτων’
1691 3093 2096 3172 πλεοναςμός
2154 3090 2365 3157 οὐκέτι
2412 3093 2522 3157 ἐπ’
2566 3093 2788 3159 ἄλλων
2835 3095 2874 3172 ἢ
2920 3093 3026 3159 ἐπὶ
3067 3098 3199 3159 τῶν

576 3253 584 3264 .
608 3192 1209 3273 ὀρθοτονουμένων.

776 3293 1092 3376 (Ὁμοίως
1137 3295 1240 3357 καὶ
1283 3296 1347 3358 αἱ
1390 3300 1480 3375 τῷ
1504 3299 1553 3358 ’ἔ
1579 3294 2008 3359 πλεονάςαςαι
2050 3295 2263 3373 μόνως
2306 3295 2843 3380 ὀρθοτονοῦνται,
2888 3296 3009 3362 οὐκ
3037 3294 3201 3380 ἄλλῃ

615 3396 781 3478 αἰτίᾳ
823 3396 862 3474 ἢ
907 3401 984 3478 τῇ
1030 3396 1522 3480 προειρημένῃ.)
1580 3445 1585 3449 .
2740 3457 2744 3461 ,

509 3518 577 3565 30
783 3496 1056 3575 Ὁμοίως
1090 3498 1199 3560 καὶ
1243 3498 1308 3561 αἱ
1352 3497 1669 3563 ςύνθετοι·
1731 3499 1833 3563 καὶ
1889 3500 2012 3578 γάρ
2069 3496 2253 3563 αὗται
2297 3497 2871 3564 ἀντιδιαςταλτικαί.
2958 3499 3034 3564 τὸ
3079 3499 3204 3577 γὰρ

612 3602 821 3679 παρὰ
875 3605 961 3681 τῇ
1021 3597 1235 3684 οἰκίᾳ
1291 3620 1438 3678 μου
1494 3600 1773 3680 ἕςτηκα
1829 3599 2288 3681 ἑγκλινόμενον
2347 3602 2636 3680 διαφέρει
2691 3605 2807 3666 τοῦ
2864 3600 3073 3680 παρὰ
3116 3605 3202 3683 τῇ

615 3724 655 3731 ,-

746 3772 961 3820 Αιιονκ.
1034 3773 1065 3820 9
1100 3766 1263 3820 Reoti
1298 3769 1509 3822 tenoris
1545 3769 1676 3821 sunia
1710 3767 1906 3821 duales
1943 3768 2161 3836 primae
2199 3769 2258 3821 et
2281 3767 2560 3822 secundae
2585 3784 2857 3836 personae
2882 3784 2987 3836 per
3010 3783 3206 3822 omnes

615 3869 788 3907 casus,
868 3850 941 3904 Et
982 3851 1358 3905 nominativos
1405 3852 1635 3920 quidem
1680 3853 1833 3905 recto
1879 3868 2102 3920 semper
2135 3854 2328 3906 tenore
2374 3853 2612 3922 proferri
2647 3870 2818 3922 supra
2852 3852 3064 3907 dictum
3103 3853 3206 3909 est.

614 3938 798 3992 Ceteri
835 3952 994 3990 casus
1030 3935 1159 3989 ideo
1193 3951 1303 3990 non
1342 3936 1708 4003 inclinantur,
1757 3936 1910 4005 quod
1956 3936 2221 3991 enclitica
2265 3941 2363 3991 aut
2396 3939 2790 4007 perispomena
2825 3940 2925 3992 aut
2959 3938 3210 4007 oxytona

611 4025 767 4076 sunt:
804 4021 891 4075 illi
927 4020 1233 4088 barytonos
1266 4022 1646 4089 proferuntur,
1685 4052 1751 4062 -
1787 4027 1854 4075 20
1878 4021 2117 4076 Rectum
2151 4024 2406 4076 tenorem
2443 4023 2693 4088 servant,
2735 4023 2938 4092 quibus
2971 4022 3209 4077 {littera

614 4107 833 4161 subfixa
876 4107 977 4160 est.
1059 4104 1179 4159 Nec
1214 4105 1442 4172 mirum,
1488 4121 1621 4159 nam
1657 4105 1829 4160 etiam
1867 4122 1959 4172 ea,
2007 4123 2076 4160 ex
2112 4106 2315 4175 quibus
2359 4107 2511 4160 facta
2545 4115 2700 4172 sunt,
2746 4108 2964 4160 rectum
3009 4109 3206 4160 tonum

614 4193 859 4245 servant.
941 4195 1007 4243 28
1051 4189 1264 4244 Eadem
1311 4189 1379 4244 de
1426 4205 1594 4243 causa
1639 4206 1786 4257 quae
1830 4196 1863 4245 ἓ
1919 4191 1998 4258 (in
2041 4191 2226 4259 initio)
2273 4191 2656 4246 abundantem
2699 4190 2916 4246 habeniz
2959 4192 3076 4258 (ἑοῦ
3124 4191 3206 4245 ἑοῖ

617 4276 722 4343 ἑέ),
761 4276 1055 4329 accentum
1101 4275 1383 4344 deponere
1420 4277 1724 4343 nequeunt.

750 4409 940 4465 D1sc11.
961 4429 1151 4464 sempr.
1200 4417 1247 4465 5.
1275 4412 1339 4479 ἠέ
1365 4413 1408 4464 Α
1425 4411 1490 4476 b,
1528 4412 1591 4465 ἑν
1615 4411 1676 4464 δέ
1703 4409 1977 4464 Homerus
2007 4413 2016 4475 Ι
2045 4415 2096 4464 8.
2124 4411 2744 4479 ἀντανακλαςθὴςονται
2771 4410 2834 4478 b,
2863 4415 3208 4478 ανακλαςθη-

615 4513 802 4551 ςονται
841 4497 883 4551 Α
924 4499 932 4564 Ι
977 4501 1055 4554 18.
1081 4498 1212 4562 ἐμέο
1237 4497 1301 4562 b,
1341 4512 1439 4561 εμε
1467 4497 1508 4549 Α
1553 4497 1561 4562 Ι
1600 4497 1767 4549 21.δὲ
1792 4493 1856 4562 b,
1893 4512 2001 4563 γαρ
2028 4498 2071 4550 Α
2103 4499 2112 4564 Ι
2142 4501 2225 4551 22.
2250 4497 2421 4562 ςαφὲς
2445 4496 2513 4563 b,
2550 4511 2658 4550 om.
2686 4499 2727 4551 Α
2759 4498 2770 4562 Ι
2800 4503 2882 4551 23.
2908 4497 3208 4565 ὁλοκλήρῳ

617 4582 681 4648 b,
719 4586 946 4648 οκληρω
984 4584 1027 4636 Α
1069 4584 1078 4649 Ι
1119 4583 1463 4649 καθειςτήκει
1498 4580 1566 4648 b,
1613 4584 1929 4648 καθιςτηκει
1965 4584 2008 4636 Α
2050 4583 2059 4649 Ι
2099 4584 2179 4639 26.
2220 4598 2590 4646 εγιγνωςκετο
2628 4583 2699 4649 Α,
2747 4582 3083 4647 ἑγινώςκετο
3119 4580 3155 4634 b
3197 4582 3204 4648 ξ

618 4671 699 4719 28.
738 4665 929 4719 Verba
964 4667 1204 4732 Ὁμοίως
1231 4696 1295 4704 -
1322 4671 1403 4720 29.
1439 4665 1817 4733 προειρημένῃ
1854 4664 1964 4718 huc
2000 4667 2347 4735 transposuit
2381 4665 2766 4732 RSln-zeczka3
2813 4667 2943 4734 post
2977 4667 3209 4733 ὀρθοτο-

618 4754 851 4803 νοῠνται
876 4767 929 4819 p.
950 4756 1032 4816 39,
1051 4756 1085 4803 4
1108 4749 1376 4821 leguntur
1394 4750 1555 4806 inAb
1587 4753 1597 4816 Ι
1626 4756 1712 4805 28.
1737 4755 1822 4818 τῷ
1846 4754 1885 4803 ἒ
1906 4748 1961 4816 b,
1988 4767 2056 4804 το
2081 4767 2108 4805 ε
2130 4752 2173 4804 Α
2204 4751 2216 4819 Ι
2245 4757 2328 4809 29.
2355 4767 2732 4819 προειρημενη
2747 4752 2810 4818 Α,
2840 4750 3103 4819 εἰρημένῃ
3129 4750 3167 4802 b
3198 4750 3205 4820 Ι

618 4841 700 4888 31.
722 4851 894 4900 μενον
917 4836 1193 4905 διαφέρει]
1220 4834 1315 4888 fol.
1353 4841 1451 4890 159
1469 4852 1511 4889 r.
1560 4840 1569 4900 Ι
1615 4835 1716 4888 sub
1739 4836 1964 4898 εγκλινο
1991 4835 2050 4888 in
2070 4835 2320 4890 extremo
2340 4835 2419 4889 fol
2461 4841 2557 4888 158
2575 4852 2629 4888 v.
2649 4834 2866 4902 aliquid
2885 4850 3104 4888 erasum
3205 4821 3215 4828 “
