3738 5530
606 375 734 439 236
1567 375 1746 426 ΠΕΡΙ
1783 374 2253 431 mmmmm.

1617 497 1661 535 Ρ.
1688 486 1780 535 502,
1811 485 1860 525 15
1886 506 1937 515 —
1963 485 2053 534 50⁴,
2085 486 2133 524 12
2161 483 2190 522 b

606 585 798 648 ποῖος
841 581 1107 658 ὁποῖος,
1164 580 1363 646 πόςος
1409 578 1670 645 ὁπόςος.
1743 580 1841 645 ὅτι
1897 579 2020 658 γὰρ
2067 578 2210 659 οὐχὶ
2256 578 2326 644 ἐν
2371 579 2705 658 προςθέςει
2751 576 3038 661 ἄρθρ<ου
3083 584 3200 643 τοῦ

606 685 685 766 ὁ>
730 684 1150 759 ἀποτελεῖται,
1197 683 1472 748 ἐντελῶς
1517 681 1759 762 εἴρηται
1803 681 1875 747 ἑν
1919 684 2056 747 τοῖς
2101 681 2245 761 περὶ
2278 679 2718 763 ςχημ<άτων>.
2781 679 3010 745 ὁπόςοι
3040 685 3204 756 γοῦν

608 806 820 866 φαμεν
878 785 976 850 καὶ
1029 784 1290 868 ὁπόςαι,
1355 785 1459 848 καὶ
1512 783 1734 849 ὁποῖοι
1790 784 1894 848 καὶ
1947 782 2288 867 ὁπ<οῖαι>,
2352 783 2500 847 ἑνὸς
2563 781 2757 848 ὄντος
2813 783 3027 848 ἁπλοῦ
3085 789 3202 848 τοῦ

606 888 858 953 ὁποῖος.
933 888 1033 952 καὶ
1079 894 1168 969 τῷ
1216 885 1333 951 οὖν
1379 887 1474 951 τίς
1516 886 1889 967 παράκειται
1933 885 2009 951 τὸ
2055 883 2219 957 ὅτις.
2265 884 2393 965 ἀφ’
2439 881 2517 947 οὗ
2561 883 2637 949 τὸ

539 1006 571 1053 5
859 989 974 1068 ἠδ’
1017 988 1236 1054 ὅτινας
1279 990 1603 1073 μινύθῃςιν
1652 972 1735 1070 (O
1778 986 1957 1069 492).
2556 1029 2563 1036 -
3253 1005 3305 1044 so

608 1092 646 1156 6
691 1092 1018 1169 ποιήςεται
1062 1090 1412 1170 οὐδέτερον
1468 1089 1593 1167 ὅτι,
1655 1089 1746 1154 ὡς
1789 1088 2031 1154 ὁποῖον
2078 1089 2180 1154 καὶ
2224 1087 2493 1154 ὁπόςον.
2541 1125 2623 1134 -
2681 1088 2807 1154 ἔςτι
2863 1090 2935 1153 δὲ
2980 1089 3203 1168 ἕτερόν

606 1215 665 1258 τι
694 1195 770 1258 τὸ
803 1192 841 1258 6'
872 1214 929 1258 τι
960 1193 1030 1257 ἐν
1066 1194 1204 1258 δυςὶ
1233 1193 1443 1271 μέρεςι
1473 1191 1711 1273 λόγου,
1760 1190 1972 1257 οὕτως
2018 1190 2174 1270 ἔχον
2204 1190 2280 1255 τὸ
2313 1190 2392 1273 <6
2425 1191 2568 1274 καὶ)
2598 1191 2675 1255 τὸ
2706 1190 2779 1255 τί.
2855 1193 2958 1255 καὶ
3001 1194 3203 1270 δῆλον

608 1294 676 1359 ἐκ
719 1298 830 1374 τῆς
877 1298 1084 1372 διςςῆς
1130 1294 1419 1378 κλίςεως,
1467 1291 1547 1359 οὗ
1590 1314 1796 1370 τινος,

865 1398 919 1482 ᾧ
965 1398 1166 1480 <τινι>
1212 1398 1294 1476 μὴ
1342 1394 1475 1478 βίος
1519 1394 1715 1461 ἔνδον
1759 1392 1940 1481 (Hes.
1990 1393 2065 1458 Ο.
2113 1394 2198 1459 D.
2243 1394 2387 1478 31),

508 1513 572 1561 ιο
609 1498 688 1565 ὅν
733 1519 893 1564 τινα.
968 1498 1154 1564 ἔνθεν
1198 1497 1279 1562 αὖ
1325 1497 1519 1563 πάλιν
1562 1498 1638 1562 τὸ
2557 1534 2561 1537 >
3252 1513 3304 1554 25

865 1600 982 1666 οὕς
1025 1620 1203 1665 τινας
1247 1598 1329 1664 αὖ
1373 1600 1701 1681 μεθιέντας
1747 1598 1839 1683 (Δ
1886 1598 2063 1682 240).

607 1703 795 1768 ἔνθεν
841 1702 1035 1767 πάλιν
1081 1703 1359 1782 θηλυκὸν
1404 1702 1443 1781 ἥ
1487 1723 1631 1779 τις,·
1664 1702 1768 1766 καὶ
1811 1702 2013 1781 δῆλον
2060 1700 2148 1765 ὡς
2195 1699 2545 1780 οὐδέτερον
2590 1701 2664 1765 τὸ
2712 1700 2750 1765 ὅ
2794 1721 2882 1784 τι,
2938 1703 3009 1768 ἐν
3066 1705 3203 1769 buci

579 1805 815 1884 ·μέρεςι
861 1804 1063 1882 λόγου
1108 1804 1517 1884 καθεςτηκός,
1563 1802 1780 1868 καθότι
1825 1803 1928 1867 καὶ
1972 1803 2045 1868 τὸ
2092 1801 2266 1885 ὅ<ς>“
2295 1821 2388 1868 τις
2431 1803 2535 1868 καὶ
2576 1804 2652 1867 τὸ
2699 1803 2738 1882 ἥ
2782 1825 2891 1869 τις.

779 1906 1116 1972 Οὕνεκα.-
1171 1907 1494 1986 Διαφέρει
1536 1910 1653 1971 τοῦ
1698 1903 2124 1984 προκείμενου
2181 1905 2562 1987 ςυνδέςμου,
2618 1907 2777 1971 καθὸ
2822 1906 3199 1986 ποιητικ<ώ-
3253 1921 3306 1961 ³0

510 2021 573 2070 15
608 2010 869 2093 τερος),
928 2009 1030 2073 καὶ
1070 2007 1288 2072 καθότι
1333 2008 1446 2073 τὰς
1490 2007 1687 2073 αὐτὰς
1732 2006 2119 2088 ἀμφιβολίας
2164 2005 2283 2072 οὐκ
2327 2006 2485 2087 ἔχει,
2540 2007 2678 2071 ἐπεὶ
2723 2007 2912 2073 ἕνεκά
2965 2029 3039 2084 γε
3083 2013 3200 2073 τοῦ

530 2167 537 2174 .
608 2111 1010 2191 δηλουμένου
1077 2108 1157 2174 οὐ
1225 2111 1550 2190 διαφέρει·
1627 2108 2173 2189 μεταλαμβάνεται
2236 2113 2399 2184 γοῦν
2468 2108 2557 2174 εἰς
2621 2110 2738 2174 τὸν
2804 2107 2904 2174 ὅτι
2919 2159 2939 2192 ,
3006 2110 3201 2176 πάλιν

608 2211 848 2291 ὁμοίως
894 2211 1000 2277 ἐπὶ
1041 2212 1121 2277 τὰ
1165 2212 1446 2292 ὁριςτικὰ
1501 2210 1746 2291 ῥήματα
1790 2210 2188 2291 φερόμενος,
2250 2210 2340 2275 ῶς
2385 2210 2440 2276 εἰ
2483 2212 2583 2274 καὶ
2633 2210 2823 2276 ἄλλοι
2879 2213 3197 2290 ποιητικοὶ
3234 2227 3336 2275 503

607 2312 694 2378 εἰς
738 2314 892 2379 τοὺς
937 2316 1254 2397 ςυνήθεις,
1302 2313 1340 2377 6
1390 2312 1591 2392 αὐτάρ
1637 2311 1726 2377 εἰς
1769 2312 1887 2377 τὸν
1934 2313 2039 2394 δέ,
2087 2312 2124 2376 6
2171 2312 2358 2391 ἠμέν,
2417 2313 2455 2377 6
2500 2312 2616 2392 ἠδέ
2660 2313 2750 2378 εἰς
2793 2314 2909 2378 τὸν
2956 2314 3074 2378 καί.
3119 2350 3198 2360 -

605 2416 773 2494 Ἔχει
830 2416 902 2480 δὲ
946 2418 1049 2480 καὶ
1092 2416 1129 2480 6
1175 2414 1595 2494 προκείμενος
1649 2414 1994 2493 ςύνδεςμος
2047 2412 2240 2479 πάλιν
2300 2413 2724 2497 ἀμφιβολίαν,
2777 2415 3056 2494 πότερον
3109 2413 3199 2481 εἷς

504 2532 571 2579 20
607 2517 772 2582 ἑςτὶν
837 2515 1087 2582 ἁπλοῦς
1151 2517 1190 2595 ἢ
1251 2516 1325 2583 ἐν
1395 2517 1736 2599 παραθέςει
1800 2516 1933 2596 ἔχει
1992 2515 2066 2580 τὸ
2136 2515 2248 2599 οὗ,
2316 2515 2396 2580 οὗ
2463 2517 2649 2582 ἕνεκα
2716 2515 2972 2582 οὕνεκα.
3049 2515 3200 2598 (οὐκ
3250 2541 3276 2581 5

608 2618 886 2694 εὔλογον
953 2619 1059 2683 ἐπὶ
1123 2619 1361 2684 τούτου
1432 2618 1714 2690 ςύνθεςιν
1781 2618 2281 2699 παραδέξαςθαι,
2359 2621 2517 2684 καθὸ
2576 2619 2652 2685 τό
2719 2616 2833 2701 οὗ,
2912 2617 3038 2685 εἴτε
3103 2619 3215 2684 καὶ·

607 2718 851 2800 ἄρθρον
907 2721 1069 2787 ἐςτίν
1124 2719 1250 2786 εἴτε
1307 2720 1709 2802 ἀντωνυμία,
1758 2719 1879 2786 οὐκ
1936 2720 2016 2787 ἂν
2062 2721 2415 2804 ςυντεθείη,
2475 2719 2566 2786 ὡς
2625 2719 2902 2786 ἐντελῶς
2947 2721 3202 2787 ἀπεδεί-

607 2827 800 2902 ξαμεν
845 2823 916 2888 ἐν
962 2828 1054 2907 τῷ
1099 2824 1247 2902 περὶ
1291 2821 1676 2905 ςχημὰτων.)
1725 2858 1799 2867 —-
1850 2824 1964 2888 Καὶ
2006 2823 2095 2888 εἰς
2140 2824 2255 2904 μὲν
2303 2823 2602 2889 ἐπίδειξιν
2646 2826 2764 2888 τοῦ
2810 2824 2925 2902 τὴν
2970 2825 3201 2904 φωνὴν

607 2924 753 3002 μίαν
798 2923 1013 3002 ἁπλῆν
1057 2926 1431 2990 καθεςτάναι
1474 2924 2063 3004 παραλαμβάνοιτο·
2089 2925 2169 2990 ἂν
2215 2924 2328 2990 ὅδε
2374 2926 2413 2990 6
2453 2925 2665 3000 λόγος.
2727 2923 2919 2990 «Τῶν
2956 2926 3200 3004 μορίων
3256 2954 3305 2993 ιο

505 3041 574 3090 25
607 3025 858 3091 τούτων
902 3027 983 3090 τὰ
1027 3027 1098 3093 ἐν
1143 3025 1571 3093 ἀνταποδόςει
1613 3030 1733 3091 τοῦ
1778 3032 1814 3092 τ
1864 3026 2077 3092 πάντα
2131 3026 2306 3092 ἁπλᾶ
2363 3026 2780 3106 καθειςτήκει,
2839 3025 2964 3092 ἕως
3018 3027 3202 3110 τέως,

743 3213 957 3266 Anava.
1028 3217 1060 3265 4
1095 3212 1144 3282 s)
1179 3212 1444 3266 neutrum
1478 3212 1825 3282 pronominis
1860 3200 1996 3267 ὅτις.
2035 3243 2093 3252 -
2136 3218 2198 3265 12
2232 3214 2278 3279 4)
2314 3213 2581 3265 neutrum
2615 3210 2963 3280 pronominis
2998 3213 3061 3267 ὅς
3096 3229 3199 3269 τις.

609 3327 674 3335 -
714 3303 774 3349 14
813 3298 1033 3353 Οὕνεκα
1068 3295 1356 3365 poeticum
1392 3297 1493 3350 est.
1529 3326 1597 3336 -
1634 3302 1697 3352 19
1722 3296 2042 3363 Quaeritur,
2077 3298 2267 3350 utrum
2304 3296 2546 3365 simplex
2579 3296 2678 3363 sit,
2715 3312 2787 3351 an
2824 3312 2893 3350 ex
2929 3299 2997 3351 οὗ
3035 3299 3204 3353 ἕνεκα

608 3398 710 3450 per
731 3380 1056 3450 pal-athesin
1082 3381 1286 3435 ortum.
1322 3410 1383 3420 —
1422 3387 1489 3435 23
1514 3380 1764 3450 Simplex
1800 3398 1919 3435 esse
1945 3381 2023 3435 sic
2048 3382 2432 3435 demonstrare
2456 3380 2687 3450 poteris.
2724 3410 2790 3419 —
2825 3386 2892 3435 25
2929 3384 2975 3450 1)
3002 3380 3200 3449 VoceS,

609 3465 683 3519 ad
721 3481 862 3534 quas
897 3465 1374 3519 demonstrativae
1411 3481 1446 3519 a
1478 3469 1513 3521 ῐ
1546 3465 1884 3534 incipientes
1921 3466 2257 3532 referuntur,
2296 3465 2580 3535 simplices
2615 3466 2762 3520 sunt.

745 3619 967 3676 Tmm.
1012 3623 1079 3673 24
1101 3617 1282 3687 Epim.
1308 3617 1491 3674 Cram.
1516 3624 1641 3685 314,
1668 3626 1726 3674 17
1759 3612 1906 3674 ἀλλὰ
1936 3613 2129 3673 κανὼν
2158 3614 2313 3673 ἐστὶν
2332 3614 2362 3674 ὃ
2386 3616 2565 3687 λέγων
2582 3634 2595 3647 ·
2630 3614 2702 3672 τὰ
2723 3613 2784 3672 ἐν
2808 3614 3202 3675 ἀνταποδόσει

608 3709 710 3760 τοῦ
754 3710 788 3758 ’ἱ
832 3701 1403 3772 παραλαμβανόμενα
1453 3697 1609 3757 ἁπλᾶ
1654 3697 2115 3773 καθεστήκασιν·
2161 3697 2471 3765 ciart-{mc
2509 3700 2640 3769 ἕως,
2687 3699 2854 3765 τόσος
2890 3698 3041 3767 ὅσος.
3118 3699 3198 3759 Τὸ

609 3780 677 3845 οὗ
716 3786 1016 3856 ἕνεκα(Τό
1047 3780 1152 3843 οὖν
1184 3780 1396 3842 οὕνεκα
1416 3786 1815 3857 RSchneider)‚
1853 3785 1914 3841 ἐν
1944 3780 2331 3843 ἀνταποδόσει
2368 3786 2469 3842 τοῦ
2508 3792 2543 3842 ἴ
2576 3784 3197 3857 παραλαμβανόμενον,

607 3870 886 3940 τούνεκα,
925 3869 1131 3926 τούτου
1169 3869 1339 3941 χάριν
1379 3869 1442 3926 ἔν
1478 3868 1759 3942 ἁπλότητι
1786 3870 2131 3940 καθέστηκε.
2186 3870 2274 3926 Et.
2297 3870 2370 3929 Μ.
2396 3876 2523 3935 641,
2550 3878 2617 3925 44
2641 3862 2858 3926 οὕνεκα
2884 3868 3201 3940 σύνδεσμος

609 3952 1020 4026 αἰτιολογικός,
1078 3954 1366 4024 σχήματος
1419 3951 1631 4012 ἁπλοῦ·
1687 3955 1807 4027 ἔχει
1862 3955 1931 4012 δὲ
1977 3956 2211 4013 ἔννοιαν
2256 3955 2573 4023 συνθέτου,
2631 3950 2765 4011 ἀντὶ
2816 3959 2919 4011 τοῦ
2974 3949 3201 4018 οὗτινος

612 4042 800 4099 ἕνεκα.
854 4036 1013 4095 Ἀλλὰ
1050 4036 1246 4095 κανών
1282 4036 1436 4096 ἔστιν
1475 4035 1507 4096 ὁ
1546 4039 1753 4110 λέγων,
1793 4039 1862 4117 τὰ
1901 4037 1964 4096 ἐν
2002 4035 2391 4097 ἀνταποδόσει
2429 4039 2656 4104 τούτοις
2693 4043 2819 4108 (τοῦ
2856 4047 2887 4095 ἶ
2914 4039 3200 4109 Gaisford)

607 4122 1182 4198 παραλαμβανόμενα
1235 4120 1394 4182 ἁπλᾶ
1445 4123 1908 4194 καθεστήκασιν·
1962 4124 2086 4180 οἷον
2141 4124 2277 4188 τέως
2325 4123 2455 4191 ἕως,
2511 4119 2675 4188 τόσος
2727 4115 2879 4188 ὅσος.
2966 4123 3048 4180 Τὸ
3093 4116 3201 4181 οὖν

610 4210 780 4267 ἕνεκα
810 4214 935 4279 (scr.
960 4200 1176 4265 οὕνεκα
1202 4227 1332 4265 cum
1350 4210 1445 4280 D),
1486 4206 1547 4266 ἐν
1570 4207 1959 4266 ἀνταποδόσει
1986 4203 2192 4266 τούτου
2217 4204 2381 4280 (tobi
2405 4210 2482 4277 D,
2522 4207 2623 4264 τοῦ
2658 4216 2692 4264 ἶ
2718 4208 3000 4279 Gaisford)
3020 4230 3199 4280 παρα-

609 4291 1045 4366 λαμβανόμενον
1095 4296 1321 4365 λέγεται
1368 4290 1634 4351 τούνεκα.
1714 4292 1940 4350 Τούτου
1987 4294 2158 4366 χάριν
2207 4290 2268 4350 ἐν
2305 4289 2585 4365 ἁπλότητι
2622 4290 3039 4365 καθεστήκασι.
3118 4294 3198 4349 Τό

609 4379 675 4437 δὲ
720 4375 969 4436 τούνεκα
1005 4372 1323 4449 σύνδεσμος
1360 4372 1834 4443 ἁνταποδοτικός.
1904 4379 1992 4434 Et.
2032 4379 2176 4438 Gud.
2216 4386 2342 4447 442,
2386 4386 2462 4435 10.

742 4534 935 4588 D1scn.
971 4551 1169 4587 scnnvr.
1239 4538 1383 4587 1—2.
1413 4538 1461 4591 2.
1489 4539 1538 4588 3.
1575 4533 1806 4587 lacunas
1833 4533 1982 4602 expl.
2004 4533 2040 4586 b
2072 4536 2082 4601 Ι
2113 4539 2159 4589 5.
2180 4535 2382 4603 μινύθῃ
2421 4551 2483 4589 τε
2504 4531 2782 4587 Homerus
2804 4532 2954 4604 vulg.
2985 4535 2996 4601 Ι
3026 4534 3203 4591 ’1.ὅτι

608 4618 993 4684 RSchneider,
1031 4620 1124 4673 ὅτι
1155 4618 1193 4671 b
1258 4621 1268 4684 1
1332 4620 1461 4687 post
1494 4620 1696 4684 ἔχοντο
1731 4617 1853 4671 fieri
1891 4620 2080 4688 potest
2112 4619 2179 4671 ut
2211 4617 2427 4687 aliquid
2464 4618 2761 4672 evanuerit
2795 4617 2853 4671 in
2890 4620 2961 4683 Α,
3008 4620 3197 4672 οὕτως

607 4707 738 4771 ἔχον
756 4707 825 4759 τὸ
841 4690 920 4773 ί(ὅ
945 4704 1078 4773 καὶ)
1100 4705 1168 4757 τὸ
1192 4705 1248 4758 τί
1269 4701 1627 4757 RSchneider
1655 4707 1665 4770 1
1705 4710 1777 4756 12.
1805 4706 1841 4770 ἥ
1867 4720 1949 4757 τις
1969 4702 2354 4770 RSchneider,
2380 4706 2502 4769 ἥτις
2525 4703 2563 4757 b
2593 4707 2602 4769 Ι
2637 4708 2713 4757 13.
2736 4705 2799 4759 ὅς
2816 4702 3193 4768 RSchneider,

607 4792 639 4843 ὅ
678 4788 770 4844 Ab
817 4790 827 4858 Ι
877 4793 1090 4842 14-15.
1126 4788 1387 4842 lacunam
1424 4787 1572 4857 expl.
1611 4787 1647 4841 b
1695 4791 1706 4855 Ι
1756 4794 1834 4843 17.
1872 4792 1950 4844 ὡς
1987 4788 2037 4843 εἰ
2072 4789 2166 4844 Ab
2202 4788 2263 4842 in
2298 4789 2476 4853 texim,
2516 4790 2593 4842 ὥς
2629 4805 2693 4854 γε
2731 4788 2873 4843 coni.
2911 4787 2947 4840 b
2984 4788 3041 4840 in
3079 4803 3196 4840 var.

607 4872 738 4928 lect.
769 4878 778 4940 Ι
809 4878 890 4927 24.
926 4875 1023 4928 ὅδε
1057 4873 1126 4943 b,
1165 4875 1309 4929 ωςδε
1345 4875 1388 4927 Α
1430 4874 1440 4940 Ι
1478 4877 1563 4928 26.
1596 4888 1702 4942 pro
1737 4877 1842 4928 τοῦ
1880 4877 1915 4929 ff
1950 4872 2317 4929 RSkrzeczka
2350 4872 2557 4928 conicit
2590 4874 2983 4944 <προςλήψει>
3018 4876 3124 4927 τοῦ
3160 4877 3194 4927 ῖ
