3738 5530
650 380 772 443 122
1556 380 1737 431 ΠΕΡΙ
1774 379 2334 432 ΕΠΙΡΡΗΜΑΤΩΝ.

1670 500 1712 537 p,
1740 488 1912 538 531‚·24
1935 509 1988 518 -
2012 489 2104 537 534,
2133 490 2152 527 1
2180 488 2212 527 b

642 585 984 663 Τρύφων
1040 584 1573 661 ἀναγινώςκει
1618 585 1790 647 ποιεῖ
1844 581 2077 660 λόγον,
2136 581 2216 646 ού
2273 583 2395 663 μὴν
2437 581 2514 647 τὸ
2559 580 2898 661 Τρύφων
2943 583 3228 659 καλῶς,
3282 600 3334 640 25

641 688 697 752 εἰ
767 689 848 767 μὴ
903 685 1453 765 προςθείημεν.τό
1519 685 1700 764 ῥῆμα.
1788 686 1841 768 ᾧ
1914 685 2089 769 λόγῳ
2146 684 2248 748 καὶ
2315 684 2417 747 ἐπὶ
2468 686 2588 749 τοῦ
2644 681 2887 762 ἄρθρου
2941 685 3018 749 τό
3072 686 3232 748 κατὰ

642 789 975 867 ἀρςενικὴν
1007 789 1358 868 προφορὰν
1391 785 1493 850 «6»
1526 787 1719 852 πάλιν
1750 786 1831 850 ού
1876 790 2049 851 ποιεῖ
2092 787 2292 863 λόγον
2338 785 2407 850 ἐν
2453 791 2545 869 τῷ
2591 784 2629 849 6
2674 784 3229 868 άναγινώςκει,

640 889 695 955 εἰ
737 891 819 969 μὴ
865 889 1218 969 προςλάβοι
1262 887 1474 968 ὄνομα
1517 889 1634 969 ἐφ’
1678 889 1715 953 ὃ
1762 889 2056 967 φέρεται,
2101 887 2177 952 τὸ
2222 887 2260 952 6
2304 886 2645 967 Τρύφων
2690 885 3227 963 ἀναγινώςκει.

572 1014 605 1062 5
642 992 743 1056 διό
787 993 889 1056 καὶ
933 992 1004 1056 ἐν
1048 994 1182 1057 τοῖς
1226 992 1671 1056 ύποτακτικοῑς
1715 989 1977 1069 ἄρθροις
2019 988 2243 1055 κοινὸν
2285 988 2667 1069 λαμβάνεται
2694 988 2771 1054 τὸ
2802 990 3228 1068 προκείμενον
3278 1009 3332 1050 30

641 1092 876 1172 ὄνομα,
918 1095 1080 1159 κατὰ
1123 1092 1473 1173 ἀναφορὰν
1514 1092 2006 1172 παριςτάμενον,
2054 1092 2192 1157 ἐπεὶ
2236 1090 2690 1170 παρεπόμενόν
2736 1091 2861 1157 ἐςτι
2890 1095 3028 1157 τοῖς
3076 1092 3231 1157 ὑπο·
3347 1100 3354 1105 ’

640 1199 954 1261 τακτικοῖς
997 1198 1130 1260 τῶν
1176 1193 1437 1273 ἄρθρων
1496 1195 1652 1274 μετὰ
1710 1194 1991 1274 ῥήματος
2034 1194 2376 1259 ἀποτελεῖν
2421 1193 2745 1270 διάνοιαν,
2804 1193 3231 1273 ἄνθρωπος

639 1297 1129 1376 παρεγένετο
1177 1298 1230 1380 ᾧ
1290 1296 1662 1376 ἐλάληςα,
1723 1299 1944 1362 κοινοῦ
1989 1297 2662 1375 παραλαμβανομένου
2707 1299 2823 1360 τοῦ
2869 1295 3227 1374 ἄνθρωπος.
3267 1313 3364 1362 532

640 1399 695 1463 εἰ
735 1401 858 1477 γὰρ
903 1400 983 1478 μὴ
1013 1400 1350 1478 προτεθείη
1394 1397 1605 1479 ὄνομα
1635 1402 1750 1464 τοῦ
1780 1398 2084 1462 τοιούτου
2124 1397 2386 1477 ἄρθρου,
2429 1396 2580 1462 οὐδ’
2624 1397 2704 1462 ἂν
2746 1397 2945 1462 ἔτιτὸ
2989 1396 3230 1476 ἄρθρον
3269 1396 3274 1401 ”

544 1523 605 1573 ιο
641 1501 731 1567 ὡς
775 1502 1018 1582 ἄρθρον
1063 1502 1398 1582 ἀκούοιτο,
1459 1502 1549 1565 ὡς
1606 1500 1677 1565 δέ
1735 1499 2032 1578 ἀόριςτον
2089 1500 2348 1581 μόριον,
2405 1501 2459 1565 εἰ
2512 1503 2661 1583 τῇδε
2716 1498 3230 1578 ἀποφαινόμεθα,

642 1606 725 1668 ὃς
769 1605 1062 1683 μεθύει,
1111 1603 1572 1683 βλάπτεται·
1616 1600 1757 1667 ἴςον
1801 1602 1925 1680 γάρ
1970 1602 2093 1666 ἐςτι
2135 1609 2228 1685 τῷ
2271 1601 2499 1667 εἴτις
2545 1600 2838 1681 μεθύει,
2887 1601 3228 1681 βλάπτε·
3284 1620 3310 1657 5

640 1727 793 1770 ται.
847 1707 965 1771 τόν
993 1709 1295 1770 τοιοῦτον
1327 1705 1527 1781 λόγον
1560 1704 2002 1785 ἀκριβέςτερον
2035 1703 2105 1768 ἐν
2136 1710 2226 1784 τῷ
2257 1706 2404 1784 περὶ
2440 1703 2793 1768 ςυντάξεως
2823 1703 3232 1781 ἐκτεθείμεθα.

814 1808 924 1872 Καὶ
954 1807 1031 1871 τό
1062 1807 1495 1887 καταφατικὸν
1525 1806 1597 1870 δέ
1640 1806 1784 1885 (καὶ
1813 1806 1889 1869 τὸ
1922 1805 2410 1888 ἀποφατικόν),
2457 1805 2582 1889 ἰδίᾳ
2624 1804 2998 1888 λεγόμενον,
3039 1804 3233 1870 πάλιν

640 1911 804 1989 πρὸς
861 1907 1257 1989 ἄπαρτιςμόν
1309 1913 1427 1974 τοῦ
1485 1908 1763 1988 ῥήματος
1819 1911 1940 1971 τοῦ
2000 1907 2357 1986 λεγομένου
2413 1907 3007 1988 παραλαμβάνεται·
3070 1908 3234 1986 πρὸς

548 2033 609 2081 15
644 2014 768 2089 γὰρ
812 2014 929 2091 τὴν
978 2010 1297 2090 «ἔγραψας
1318 2031 1364 2085 ;»
1410 2011 1640 2090 φωνὴν
1687 2009 1900 2090 φαμὲν
1947 2010 2110 2073 «ναί»
2156 2010 2195 2086 ἢ
2243 2008 2404 2073 «οὔ».

807 2114 938 2177 Ἔτι
981 2115 1196 2193 φαμὲν
1228 2111 1456 2189 οὕτως,
1502 2114 1758 2177 καλῶς
1803 2110 1842 2174 6
1887 2110 2308 2190 ἄνθρωπος
2351 2111 2676 2192 γράφει,
2724 2112 2823 2176 καὶ
2851 2110 2977 2176 ἔςτι
3007 2109 3232 2175 κατάλ-
3288 2126 3338 2165 10

642 2219 836 2294 ληλος
869 2213 907 2278 6
937 2214 1163 2291 λόγος·
1203 2215 1466 2278 ἕκαςτον
1509 2215 1634 2292 γὰρ
1663 2219 1796 2276 τῶν
1840 2211 2082 2292 μορίων
2115 2213 2499 2294 ςυμφέρεται
2527 2220 2619 2296 τῷ
2662 2213 2797 2297 ἰδίῳ
2834 2211 3230 2291 ςυντάγματι.

640 2315 796 2380 ἀλλ’
839 2316 1112 2395 ὁπηνίκα
1154 2318 1229 2381 τὸ
1276 2314 1520 2394 ἄρθρον
1565 2313 2096 2395 ἐμπεριλαμβάνει
2139 2315 2216 2379 τὸ
2262 2315 2594 2394 ἐπίρρημα,
2642 2315 2853 2379 οὐκέτι
2897 2314 2973 2379 τό
3004 2314 3230 2377 κατάλ-

641 2422 841 2496 ληλον
888 2417 1180 2494 ςώζεται,
1227 2417 1265 2482 6
1310 2418 1567 2482 καλῶς
1611 2415 2031 2494 ἄνθρωπος
2078 2416 2399 2498 γράφει,
2448 2416 2554 2481 διὰ
2591 2417 2667 2481 τὸ
2704 2420 2817 2495 τῆς
2849 2416 3232 2492 οἰκειότητος

539 2540 607 2589 20
641 2518 1034 2585 ἀπεςπάςθαι
1078 2520 1153 2583 τὸ
1197 2518 1458 2599 μόριον·
1514 2519 1744 2599 μεταξὺ
1801 2517 1927 2595 γὰρ
1972 2518 2317 2596 γινόμενον
2360 2519 2437 2582 τὸ
2484 2518 2796 2597 ἐπίρρημα
2839 2518 2959 2583 δύο
3004 2538 3230 2582 πτωτι-
3286 2534 3337 2572 15

641 2628 794 2701 κῶν,
843 2622 1011 2697 λέγω
1056 2625 1172 2686 τοῦ
1216 2619 1461 2701 ἄρθρου
1506 2621 1609 2684 καὶ
1650 2621 1767 2683 τοῦ
1814 2618 2157 2697 ὀνόματος,
2212 2618 2331 2685 οὐκ
2375 2619 2508 2698 ἔχει
2552 2623 2667 2700 τὴν
2712 2618 3233 2697 καταλληλότητα

641 2724 755 2801 τὴν
812 2723 917 2788 ἐπὶ
980 2725 1056 2789 τὸ
1126 2721 1318 2804 ῥῆμα,
1386 2720 1618 2787 ὼςανεὶ
1673 2719 1802 2786 ὑπὸ
1872 2723 1989 2785 τοῦ
2025 2720 2287 2798 γένους
2354 2721 2799 2802 ςυνεχόμενον.
2887 2722 2988 2785 καὶ
3045 2720 3231 2787 ἔνθεν

643 2825 793 2890 οὔτε
839 2825 943 2890 ἐπὶ
984 2827 1060 2890 τὸ
1106 2824 1318 2901 ὄνομα
1360 2824 1627 2888 δύναται
1672 2822 2038 2902 ἐνεχθῆναι,
2095 2822 2194 2887 ὅτι
2250 2823 2556 2902 ἀλλοτρία
2608 2824 2646 2902 ἡ
2705 2824 3021 2897 ςύνταξις,
3082 2822 3230 2888 οὔτε

641 2927 748 2991 ἐπὶ
786 2926 861 2990 τὸ
905 2925 1090 3009 ῥῆμα,
1122 2927 1330 2990 καθὼς
1360 2925 1848 3006 προειρήκαμεν,
1895 2926 2326 3006 ςυνεχόμενον
2369 2926 2497 2989 ὑπὸ
2529 2930 2647 2991 τοῦ
2689 2927 2939 3001 γένους.
3002 2924 3230 3005 μεταξὺ
3283 2939 3335 2977 2⁰

541 3049 607 3096 25
645 3027 764 3092 οὗν
810 3028 1064 3092 τούτων
1109 3025 1227 3090 οὐκ
1272 3026 1433 3091 ἄλλο
1476 3048 1537 3090 τι
1579 3026 1959 3108 πέπτωκε<ν
2003 3027 2043 3103 ἢ
2089 3026 2250 3106 μόνη
2295 3027 2336 3105 ἧ
2382 3027 2693 3108 μετοχή>,
2755 3027 3075 3105 δυναμένη
3131 3027 3233 3090 καὶ

641 3130 716 3193 τὸ
772 3129 983 3203 γένος..
1018 3132 1282 3208 μηνῦςαι
1308 3127 1436 3192 ’καὶ
1491 3128 1566 3192 τὸ
1618 3127 1995 3209 π<ρᾶγμα>,
2053 3127 2216 3207 ὅπερ
2273 3128 2551 3206 ἐπιζητεῖ
2601 3128 2677 3192 τὸ
2725 3127 3057 3205 ἐπίρρημα.
3132 3128 3233 3191 καὶ

642 3230 747 3294 ἐπί
790 3250 863 3304 γε
908 3229 1101 3294 πάλιν
1144 3232 1257 3305 τῆς
1300 3229 1595 3307 τοιαύτης
1643 3228 1999 3293 ςυντάξεως
2045 3227 2124 3292 οὐ
2168 3229 2413 3303 γίνεται
2455 3229 2532 3293 τό
2577 3227 2978 3306 κατάλληλον
3026 3228 3229 3292 ἄλλου
3282 3245 3333 3283 2⁵

640 3352 759 3396 του
789 3331 1265 3410 ἐπιφερομένου
1295 3331 1334 3408 ἢ
1366 3331 1565 3409 μόνης
1605 3334 1900 3410 μετοχῆς,
1943 3330 2088 3410 μεθ’
2127 3329 2204 3408 ἧς
2233 3329 2427 3395 πάλιν
2458 3330 2560 3393 καὶ
2591 3328 2757 3410 ῥῆμα
2788 3330 3230 3408 ςυγγενήςεται

642 3433 803 3511 ὑπὲρ
871 3436 988 3497 τοῦ
1054 3435 1527 3510 ςυγκλειςθῆναι
1584 3432 1700 3496 τὸν
1769 3431 1994 3505 λόγον.
2071 3430 2187 3511 ἐφ’
2244 3432 2282 3495 ὃ
2344 3431 2554 3496 οὐκέτι
2618 3433 2694 3496 τὸ
2761 3432 3229 3510 προειρημένον

540 3554 607 3602 3ο
643 3534 956 3614 ἐπίρρημα
999 3532 1386 3613 ἐπιφέρεται.
1458 3535 1559 3599 διὸ
1605 3535 1708 3597 καὶ
1751 3533 2171 3615 προείπομεν,
2218 3532 2306 3598 ὡς
2351 3534 2454 3598 καὶ
2498 3534 2604 3598 ἐπὶ
2647 3535 2924 3613 μετοχὰς
2968 3533 3230 3613 φέρεται

640 3639 719 3702 τὰ
764 3636 1173 3715 ἐπιρρήματα.
1246 3636 1320 3699 τὸ
1367 3637 1439 3700 δὲ
1484 3634 1837 3712 ὑπόδειγμα
1881 3639 1998 3699 τοῦ
2045 3636 2249 3710 λόγου
2293 3635 2593 3701 τοιοῦτόν
2635 3637 2832 3717 ἐςτιν,
2887 3634 2925 3699 6
2970 3638 3228 3699 καλῶς
3280 3651 3333 3690 30

639 3737 1067 3815 ἄνθρωπος
1138 3736 1452 3815 γράψας
1528 3736 1863 3815 ἐτιμήθη.
1925 3772 2011 3784 -
2081 3737 2276 3801 πάλιν
2341 3736 2380 3814 ἡ
2446 3737 2708 3816 τοιαύτη
2774 3736 3060 3801 ςύνταξις
3127 3736 3231 3799 διὰ

637 3841 905 3904 πολλῶν
950 3839 1367 3915 παραθέςεων
1412 3838 1482 3903 ἐν
1527 3844 1620 3921 τῷ
1665 3839 1811 3916 περὶ
1855 3838 2212 3904 ςυντάξεως
2255 3837 2650 3903 ἀποδίδοται.
2689 3876 2763 3884 -
2817 3838 2928 3901 Καὶ
2957 3841 3230 3901 τοςαῦτα

640 3942 755 4021 μὲν
799 3939 944 4018 περὶ
986 3943 1105 4004 τοῦ
1149 3938 1248 4004 ὅτι
1291 3942 1634 4018 κατηγορεῖ
1673 3944 1807 4003 τῶν
1854 3939 2157 4021 ῥημάτων
2205 3940 2281 4004 τὸ
2326 3939 2655 4021 ἐπίρρημα.

777 4209 992 4263 Anava.
1068 4213 1130 4262 16
1167 4207 1516 4263 Adverbium
1551 4226 1839 4278 nunquam
1884 4210 2034 4263 inter
2070 4209 2369 4264 articulum
2406 4210 2467 4263 et.
2497 4225 2702 4264 nomen
2739 4208 2989 4278 ponitur,
3035 4208 3229 4277 itaque

641 4312 745 4349 nec
779 4293 1006 4348 articuli
1040 4310 1145 4347 nec
1181 4292 1422 4347 nominis
1458 4310 1575 4347 esse
1610 4295 1824 4362 potest,
1864 4293 1964 4348 aed
2001 4295 2101 4346 aut.
2135 4293 2210 4347 ad
2245 4294 2481 4348 verbum
2516 4295 2794 4363 pertinet,
2833 4295 2935 4347 aut
2957 4294 3030 4347 ad
3055 4292 3226 4362 parti·

640 4378 879 4449 cipium‚
915 4378 1068 4446 quod
1102 4378 1286 4446 ipsum
1322 4394 1544 4447 quoque
1582 4378 1862 4432 actionem
1898 4377 2126 4434 indicat.

777 4615 972 4669 Dmcn.
1010 4634 1213 4669 sempr.
1276 4621 1354 4668 10.
1381 4613 1733 4683 ‘Legendum
1769 4614 1995 4669 videtur
2018 4617 2489 4683 ἀποφαινοίμεθα’
2514 4615 2553 4670 b
2589 4616 2647 4669 in
2672 4633 2788 4670 var.
2815 4615 2944 4670 leot„
2979 4617 2986 4683 Ι
3029 4621 3107 4671 13.
3138 4616 3228 4668 καὶ

639 4701 709 4754 τὸ
746 4701 1106 4767 ἀποφατικόν
1141 4698 1376 4754 inseruit
1410 4697 1806 4766 RSchneider}
1841 4701 1974 4753 ιδιαι
2015 4702 2056 4752 Α
2086 4703 2095 4767 Ι
2131 4705 2208 4753 18.
2247 4705 2711 4768 ενπεριλαμβανει
2749 4703 2793 4755 Α
2832 4704 2841 4765 Ι
2882 4707 2963 4753 24.
3003 4698 3226 4767 μεταξὺ]

641 4784 736 4842 fol.
779 4789 874 4838 11⁵
898 4802 951 4838 v.
992 4785 1001 4851 Ι
1040 4790 1122 4839 25.
1158 4783 1417 4838 lacunam
1454 4782 1707 4851 explevit
1740 4783 1777 4835 b
1809 4788 1818 4849 Ι
1856 4789 1939 4837 26.
1976 4783 2234 4838 lacunam
2269 4784 2522 4853 explevit.
2555 4784 2922 4839 RSkrzeczka
2959 4792 2969 4850 Ι
3008 4789 3090 4840 27.
3124 4799 3229 4850 της

640 4885 733 4922 τοι
768 4867 884 4922 fere
922 4885 1082 4926 evan.
1117 4869 1177 4921 in
1215 4870 1258 4923 Α
1290 4872 1299 4935 Ι
1329 4876 1411 4923 31.
1452 4871 1524 4922 τὰ
1561 4869 1915 4937 ἐπιρρήματα
1951 4869 2013 4936 b,
2051 4885 2145 4923 και
2180 4886 2537 4937 επιρρηματα
2574 4872 2617 4925 Α
