3738 5530
597 322 1047 381 Commentarius
1077 321 1305 377 criticus
1333 324 1392 377 et
1420 320 1738 393 exegeticus
1765 321 1828 375 in
1853 319 2140 390 Apollonii
2168 320 2396 390 Dyscoli
2425 320 2635 391 scripta
2662 320 2893 375 minora.
2980 320 3066 385 49

625 493 727 568 25,
749 494 830 552 23
880 487 1519 570 παραλαμβάνονται]
1568 509 1644 551 sc.
1694 486 1758 551 αἱ
1804 486 2212 565 ἀντωνυμίαι.

627 584 729 657 25,
751 583 836 642 30
884 578 955 641 ἐν
1003 576 1294 661 ςχήματι]
1342 602 1396 641 v.
1445 601 1598 658 quae
1644 580 1721 640 ad
1763 601 1931 658 pron.
1982 582 2188 657 54,18
2238 580 2668 641 adnotabimus.

629 672 731 746 26,
755 675 786 730 1
840 667 1217 750 ἐπέςτρεψε]
1267 672 1339 731 cf.
1387 674 1543 747 synt.
1587 672 1735 746 113,
1756 672 1835 730 25
1887 665 2047 745 αὕτη
2095 666 2218 746 γὰρ
2266 662 2372 753 (sc.
2418 666 2458 743 ἡ
2506 661 2794 750 κλητικὴ)
2840 664 3064 744 πρώτη

447 757 813 836 ἐπιςτρέφει
878 753 1243 842 (‘transfert'
1289 753 1504 843 Prisc.)
1567 757 1686 835 τὴν
1743 755 1812 821 ἐκ
1865 759 1998 820 τῶν
2054 756 2287 835 τρίτων
2348 755 2715 834 προςώπων
2760 756 2930 820 θέςιν
2978 754 3068 820 εἰς

441 847 519 911 τὸ
567 846 888 925 δεύτερον.
981 850 1059 909 ib.
1111 851 1256 926 136,
1280 852 1379 910 22.

632 942 735 1014 26,
758 942 791 999 7
853 935 917 1000 αἱ
972 934 1127 999 ἴδιαι
1182 935 1381 1000 θέςεις
1435 938 1568 999 τῶν
1624 934 1967 1012 ὀνομάτων
2007 964 2092 986 =
2132 934 2197 998 αἱ
2243 934 2444 999 θέςεις
2497 938 2630 997 τῶν
2688 933 2867 998 ἰδίων
2916 933 3067 999 ὀνο-

447 1024 683 1103 μάτων,
732 1029 803 1088 cf.
834 1028 1020 1107 Uhlig
1056 1028 1086 1088 Ι
1127 1029 1246 1088 29*
1293 1030 1424 1089 οο11.
1464 1031 1620 1105 synt.
1663 1029 1900 1103 13‚19;
1940 1029 2221 1104 113,19;
2267 1023 2544 1088 διάθεςιν
2591 1046 2794 1088 vocem
2833 1027 2909 1088 ab
2942 1027 2998 1085 h.
3028 1029 3066 1086 1.

446 1119 707 1179 alienam
752 1136 878 1179 esse
924 1111 1032 1201 (ad
1082 1119 1162 1177 18
1168 1111 1318 1201 ,15)
1367 1118 1809 1195 apertissimum
1855 1121 1961 1177 est.

630 1210 732 1284 26,
755 1209 925 1268 6-8
987 1208 1105 1267 Gur
1148 1209 1262 1285 Ap.
1309 1209 1364 1267 h.
1412 1209 1450 1266 l.
1500 1208 1747 1268 eandem
1791 1226 1918 1267 rem
1963 1208 2209 1267 tertium
2254 1208 2550 1285 tetigerit,
2596 1206 2668 1267 de
2716 1226 2839 1284 qua
2885 1226 3068 1284 supra

448 1297 539 1358 bis
587 1290 723 1380 (24,
742 1301 826 1358 24
875 1300 937 1357 et
985 1298 1143 1374 25,1
1178 1290 1294 1381 sq.)
1342 1300 1675 1375 expositum
1719 1300 1827 1373 est,
1873 1317 2046 1357 nemo
2093 1297 2270 1357 facile
2318 1297 2604 1374 expediet.

623 1388 985 1448 Pronomina
1031 1378 1427 1469 (personalia)
1473 1405 1656 1462 neque
1699 1389 1765 1447 in
1810 1388 2297 1461 appellativorum
2331 1404 2514 1462 neque
2547 1389 2616 1447 in
2650 1360 3070 1447 adiectivorum

449 1478 637 1537 locam
688 1478 1145 1546 eubetitmmtar,
1209 1478 1495 1552 siquidem
1526 1479 1887 1551 pronomina
1929 1495 2117 1537 mmm
2160 1477 2443 1551 quiddam
2485 1478 2803 1549 definiunt,
2868 1476 3067 1551 appel-

448 1568 695 1627 lativum
756 1571 952 1627 autem
1013 1567 1313 1641 eomphora
1377 1567 1797 1641 complectitar,·
1848 1568 2088 1641 proprii
2137 1569 2320 1641 igitar
2372 1568 2628 1626 nommis
2682 1567 2870 1626 locum
2924 1569 3072 1625 tenet

446 1657 768 1731 personale.
860 1657 1045 1716 Porro
1108 1657 1396 1717 adieetiva
1459 1660 1565 1715 aut
1624 1658 1964 1730 qualitatem
2027 1660 2134 1715 aut
2193 1657 2574 1730 quamtitatem
2637 1660 2743 1715 aut
2797 1656 3071 1729 affectum

448 1748 637 1807 animi
692 1750 798 1807 ant
850 1746 964 1806 tale
1018 1747 1159 1820 quid
1213 1747 1536 1821 desiqnamt.
1645 1745 2008 1806 Pronmnima
2051 1762 2185 1805 vero
2231 1763 2363 1805 cum
2404 1746 2554 1805 nihil
2595 1746 2810 1805 hemam
2851 1762 3070 1813 remm,

448 1837 550 1895 sed
609 1853 795 1896 anam
850 1836 1241 1896 substamtiam
1287 1835 1682 1910 patefaciant,
1743 1837 2005 1909 sequitur
2060 1839 2126 1895 ut
2176 1852 2298 1894 non
2349 1836 2778 1895 substituantwr
2831 1837 2952 1894 nisi
3005 1837 3072 1893 in

448 1928 753 1985 nominum
804 1926 1189 2000 propriorum
1251 1926 1453 1985 locum.
1543 1920 1736 1998 Atque
1787 1927 1841 1984 si
1896 1926 2030 1999 quis
2083 1925 2224 1984 haec
2282 1918 2488 1998 eqmae
2539 1942 2631 1983 me
2675 1925 2900 1999 muyala
2932 1941 3072 1997 per-

450 2008 652 2074 cussit'
708 2019 897 2074 mutat
947 2017 1015 2074 in
1056 2015 1165 2074 illa
1211 2009 1326 2074 hio
1367 2032 1459 2073 me
1501 2015 1729 2089 anyala
1762 2007 2098 2088 percussit',
2157 2031 2277 2073 non
2320 2016 2445 2074 iam
2488 2030 2845 2074 commanem
2889 2014 3070 2073 omni-

452 2105 563 2163 bus
627 2107 788 2179 equis
850 2105 1187 2178 qualitatem
1248 2094 1523 2185 (genus),
1586 2104 1688 2162 sed
1753 2121 1962 2177 eoum
2018 2105 2309 2176 quendam
2351 2121 2466 2178 per
2518 2121 2580 2163 se
2631 2103 3073 2177 mtelleyendmn

453 2195 750 2268 siqnifieat
815 2195 926 2269 26,
948 2195 1181 2253 9-21,
1294 2191 1381 2252 Cf.
1449 2187 1728 2270 Segnior,
1789 2191 1881 2251 La
1943 2192 2316 2269 philosophie
2379 2193 2458 2252 du
2522 2193 2778 2272 langage
2841 2192 2896 2251 d’
2900 2211 3072 2269 apres

450 2282 719 2343 Aristote
763 2302 822 2359 p.
865 2285 1010 2343 126.

633 2374 735 2447 26,
758 2374 841 2433 10
902 2366 1301 2451 ἐπιθετικῶν]
1367 2390 1485 2432 11011
1549 2372 1742 2431 rarius
1800 2391 1838 2431 a
1890 2372 2297 2450 grammaticis
2360 2371 2466 2448 qui
2517 2374 2658 2449 post
2712 2371 3072 2448 Dionysium

452 2461 741 2521 Thracem
783 2463 1027 2521 fuerunt
1072 2456 1392 2522 ἑπιθετικά
1438 2461 1555 2521 dici
1602 2461 1899 2521 adiectiva
1945 2480 2126 2537 quem
2172 2457 2457 2532 ἐπίθετα,
2519 2462 2754 2520 monuit
2773 2470 2778 2479 “
2800 2460 3081 2540 Egenolff

635 2643 738 2715 26,
760 2643 844 2701 10
898 2636 975 2701 τὸ
1032 2637 1105 2701 δὲ
1150 2636 1648 2719 προςηγορικὸν]
1714 2637 1794 2700 τὰ
1839 2637 1914 2701 δὲ
1958 2635 2394 2716 προςηγορικὰ
2438 2641 2754 2717 proposuit
2798 2638 3080 2719 Egenolff

454 2729 485 2787 I
524 2731 669 2791 840.
708 2728 715 2735 ’
763 2729 859 2790 Ad
910 2732 967 2805 7,
989 2731 1090 2790 28.

634 2822 736 2897 26,
760 2823 837 2880 11
889 2820 1115 2880 Eadem
1161 2815 1505 2896 ἄνθρωπος
1548 2815 1748 2882 ἵππος
1795 2823 2065 2898 exempla.
2110 2823 2250 2880 sunt
2296 2823 2451 2896 synt.
2504 2821 2651 2896 105,
2673 2821 2754 2880 26
2807 2823 2868 2880 et
2913 2818 3073 2897 apud

454 2909 650 2969 DThr.
702 2912 805 2985 24,
826 2911 882 2969 5.
933 2912 1036 2984 34,
1058 2913 1113 2969 2.

640 3000 844 3074 26,12
895 2994 1036 3059 ἀντὶ
1081 2995 1403 3073 ὀνόματος
1448 2995 1695 3078 κυρίου]
1753 3003 1907 3076 synt.
1960 3002 2060 3076 73,
2085 3002 2167 3059 24
2214 2997 2319 3060 καὶ
2364 2998 2565 3074 δῆλον
2613 2995 2701 3059 ὡς
2748 2993 2894 3058 ἀντὶ
2938 2997 3072 3059 τῶν

457 3084 695 3164 κυρίων
741 3084 1082 3163 ὀνομάτων
1130 3084 1280 3150 εἰςὶν
1327 3085 1391 3149 αἱ
1440 3083 1845 3164 ἀντωνυμίαι,
1895 3084 2058 3160 εἴγε
2105 3085 2212 3150 διὰ
2256 3089 2368 3163 τῆς
2417 3084 2482 3151 ἐξ
2530 3085 2747 3151 αὐτῶν
2786 3083 3071 3149 πεύςεως

456 3174 537 3237 τὰ
593 3173 779 3253 κύρια
830 3177 1098 3250 νοεῖται,
1154 3174 1275 3239 κάκ
1326 3178 1439 3253 τῆς
1492 3178 1624 3238 τῶν
1681 3175 1917 3254 κυρίων
1964 3175 2158 3240 πάλιν
2205 3175 2286 3239 τὰ
2332 3173 2738 3252 ἀντωνυμικὰ
2785 3173 3072 3241 ἀνθυπά-

459 3282 653 3339 γεται.
726 3268 804 3327 ib.
858 3270 1107 3343 112,19
1140 3287 1254 3345 sq.3
1298 3287 1463 3345 pron.
1506 3269 1741 3345 25,15;
1796 3269 1974 3329 schol.
2007 3267 2116 3328 AG
2157 3270 2437 3344 906,19;
2481 3268 2661 3328 Prisc.
2709 3267 2772 3327 Π
2812 3268 3070 3326 18-19

459 3377 514 3434 p.
558 3358 961 3432 55,13—2o.
1009 3357 1126 3416 XII
1167 3360 1199 3416 1
1251 3378 1307 3435 p.
1349 3359 1586 3433 577,2;
1632 3357 1998 3418 GFSchoem.
2046 3358 2188 3418 Red.
2237 3359 2472 3417 81—2.

640 3448 743 3522 26,
767 3448 846 3507 13
899 3445 1046 3506 Cum
1088 3448 1202 3506 hac
1245 3447 1358 3524 Ap.
1405 3447 1746 3507 definitione
1792 3449 2131 3508 conferatur
2175 3447 2455 3524 Dionysii
2501 3447 2749 3507 Thracis
2798 3448 2902 3522 34,
2924 3448 2981 3507 3.

639 3537 740 3613 26,
763 3538 842 3595 15
909 3532 985 3597 τὸ
1041 3533 1266 3597 λευκός
1321 3532 1487 3597 ἐςτιν
1532 3533 1571 3610 ἢ
1620 3533 1840 3616 μέλας]
1908 3534 1985 3598 τὸ
2041 3533 2268 3598 λευκός
2321 3533 2361 3611 ἢ
2410 3533 2694 3612 μακρός
2749 3536 2961 3596 Matth.
3009 3535 3070 3594 Π

462 3626 606 3686 633.
698 3625 972 3687 Profecto
1019 3622 1274 3700 μέγας,
1322 3626 1482 3703 quod
1527 3627 1724 3704 ipsum
1769 3646 2005 3704 quoque
2050 3623 2376 3700 ποςότητα
2422 3626 2634 3701 δηλοῖ,
2695 3626 2940 3703 propius
2977 3643 3069 3685 ac-

458 3715 692 3775 cederet
736 3715 811 3775 ad
856 3716 980 3776 cod.
1029 3716 1385 3793 scripturam
1430 3735 1611 3793 quem
1657 3713 1919 3792 μακρός;
1985 3716 2088 3776 sed
2133 3716 2282 3775 nihil
2327 3716 2708 3775 mutandum:
2763 3715 2839 3774 ad
2890 3716 2947 3790 7,
2968 3715 3068 3775 28.

643 3807 744 3881 26,
768 3808 848 3865 19
898 3800 1175 3884 86311161,
1218 3804 1309 3866 La
1353 3805 1724 3883 philosophie
1770 3806 1850 3865 du
1898 3807 2152 3885 langage
2200 3799 2429 3883 d'apres
2473 3804 2739 3865 Aristote
2783 3824 2839 3881 p.
2883 3804 3073 3863 127*:

466 3889 694 3955 εΑὐτός
750 3910 827 3968 με
881 3890 1165 3956 ἐλάκτιςε
1219 3893 1309 3954 est
1361 3890 1656 3972 remplace
1711 3915 1822 3972 par
1876 3890 2069 3957 οὗτος
2123 3896 2271 3955 dans
2325 3896 2383 3954 le
2436 3897 2596 3955 texte
2642 3892 3073 3971 d’ApolloniuS,

459 3984 564 4060 qui
608 3985 667 4042 le
715 3978 1015 4044 considere
1063 4003 1289 4045 comme
1333 4004 1599 4062 pronom,
1652 4004 1725 4044 en
1771 3986 1914 4062 quoi
1951 3986 2016 4062 je
2061 3979 2265 4044 differe
2312 3984 2385 4043 de
2429 3979 2556 4043 Ιι11’.

642 4074 743 4153 26,
766 4076 850 4132 20
888 4069 1100 4135 οὐκέτι
1128 4071 1469 4149 κοινότητα
1495 4073 1612 4135 τοῦ
1638 4067 1871 4153 ἵππου]
1920 4075 2116 4134 DThr.
2151 4077 2252 4150 24,
2274 4074 2444 4134 3-5
2485 4067 2695 4147 ὄνομα
2733 4120 2745 4133 .
2786 4119 2799 4133 .
2838 4072 3074 4135 κοινῶς

459 4178 530 4223 τε
590 4159 691 4223 καὶ
755 4157 929 4225 ἰδίως
985 4159 1363 4237 λεγόμενον,
1429 4163 1660 4224 κοινῶς
1716 4160 1830 4238 μὲν
1887 4158 2031 4225 οἷον
2088 4158 2432 4239 ἄνθρωπος
2484 4157 2711 4235 ἵππος,
2776 4157 2954 4224 ἰδίως
2998 4159 3072 4223 δὲ

456 4246 602 4313 οἷον
648 4247 1002 4328 (ωκράτης.
1091 4253 1163 4310 V.
1211 4253 1330 4312 ind.
1378 4272 1422 4313 s.
1471 4273 1524 4312 v.
1572 4249 1790 4314 κοινός
1837 4250 2148 4328 κοινότης,
2193 4247 2358 4314 ἴδιος
2409 4248 2662 4326 ἰδιότης.

647 4342 750 4401 VI.
814 4341 907 4402 De
960 4342 1199 4402 vocibus
1255 4361 1407 4418 quae
1464 4342 1617 4402 falso
1662 4343 1726 4401 in
1771 4345 2188 4420 pronominum
2232 4361 2477 4403 numero
2522 4342 2817 4402 habentur
2864 4344 2964 4418 26,
2989 4343 3070 4401 23

551 4432 657 4506 35,
677 4433 733 4491 5.

635 4521 938 4596 Quaedam
998 4522 1281 4581 vocabula
1339 4525 1540 4581 utrum
1590 4524 1950 4596 pronomina
2011 4523 2130 4582 sint
2184 4540 2266 4581 an
2317 4524 2578 4590 nomina,
2643 4524 2785 4596 qaia
2828 4524 3073 4600 propter

459 4612 746 4683 quasdam
797 4612 1014 4672 similes
1067 4612 1375 4686 qualitates
1421 4613 1473 4669 et
1525 4612 1813 4685 quasdam
1864 4630 1960 4671 res
2013 4630 2164 4686 quae
2223 4614 2305 4671 eis
2365 4613 2739 4671 communiter
2801 4611 3076 4670 accidant

463 4699 797 4774 ambiyitar,
861 4702 933 4761 de
991 4701 1103 4760 hac
1165 4717 1386 4775 qaoque
1440 4717 1507 4759 re
1562 4701 1871 4760 dicendam
1929 4705 2035 4770 est,
2099 4704 2165 4760 ut
2227 4705 2507 4760 accurata
2567 4702 3075 4802 mymnentatione

465 4790 651 4848 omnis
694 4792 763 4850 de
806 4792 897 4852 his
941 4791 1174 4850 vocibus
1218 4790 1503 4850 dubitatio
1554 4794 1894 4849 amoveatur
1943 4792 2044 4864 26,
2067 4791 2343 4849 23—26.

647 4881 697 4936 1.
761 4875 868 4943 Τίς
915 4880 1251 4940 encliticum
1296 4898 1415 4940 non
1461 4881 1552 4939 est
1593 4898 1945 4956 pronomen,
1992 4879 2095 4939 sed
2139 4898 2355 4940 nomen
2406 4880 2508 4954 26,
2530 4879 2812 4954 27-29,
2835 4880 2934 4939 10.
2983 4907 3074 4919 --

466 4960 594 5026 Τίς
640 4969 775 5027 encl.
810 4987 1132 5044 pronomen
1177 4987 1298 5031 esse
1330 4974 1397 5030 ut
1433 4970 1809 5044 comprobent,
1855 4970 1948 5029 his
1991 4973 2238 5030 atwntar
2274 4972 2661 5044 arqamentis:
2704 4967 2773 5042 a)
2820 4968 3074 5029 declina·

574 5074 847 5127 Apollonius
876 5079 1100 5131 Dyscolus
1129 5079 1165 5119 1.
1196 5090 1246 5119 11.
2616 5073 2650 5122 4
