3738 5530
668 361 786 424 170
1566 360 1745 410 ΠΕΡΙ
1780 358 2333 411 ΕΠΙΡΡΗΜΑΤΩΝ.

1672 467 2212 517 p.581,9—583,11b

659 564 790 628 ἀπὸ
835 567 1085 640 γενικῆς
1130 566 1571 641 πληθυντικῆς.
1641 563 1743 624 καὶ
1787 561 1975 625 ἕνεκα
2017 561 2254 626 τούτου
2297 562 2337 639 ἢ
2383 565 2758 639 περιςπᾶται
2803 562 2842 639 ἢ
2891 561 3244 641 βαρύνεται,
3304 578 3353 616 ιο

661 666 816 729 καθὸ
870 669 1039 729 πᾶςα
1092 658 1307 744 γενικὴ
1363 666 1747 743 πληθυντικὴ
1806 663 1948 742 ἤτοι
2006 665 2377 741 περιςπᾶται
2437 663 2477 739 ἢ
2537 663 2890 743 βαρύνεται.
2963 661 3091 741 ἅμα
3147 662 3249 725 καὶ

659 767 1229 849 ςυναποδεικτέον,
1296 766 1385 830 ὡς
1439 765 1791 844 παράγεται
1844 764 1924 829 τὰ
1987 765 2405 844 ἐπιρρήματα·
2470 766 2573 828 καὶ
2628 765 3095 842 ςυνηγορητέον
3156 770 3248 846 τῷ

658 869 1056 950 προκειμένῳ
1102 869 1336 951 μορίῳ,
1390 867 1487 931 ὅτι
1532 867 1813 931 δεόντως
1860 865 2130 945 ὠξύνθη.
2180 903 2253 913 -—
2310 865 2619 930 ’Έκκειται
2662 866 2777 945 μὲν
2823 864 2943 929 οὖν
2989 872 3248 943 πρῶτος

590 984 623 1030 5
660 972 884 1046 λόγος,
942 970 1039 1034 ὅτι
1084 969 1188 1033 διά
1229 973 1424 1033 τοῦτο
1469 970 1508 1047 ἢ
1554 970 1930 1046 περιςπᾶται
1970 969 2011 1046 ἢ
2058 968 2424 1048 βαρύνεται,
2480 968 2584 1032 διὰ
2627 969 2743 1031 τὸν
2788 967 3245 1047 παρεπόμενον
3301 984 3352 1025 1⁵

657 1062 871 1136 τόνον
903 1078 977 1152 τῇ
1002 1076 1238 1153 ,γενικῇ
1284 1073 1700 1152 πληθυντικῇ·
1747 1070 1847 1133 καὶ
1893 1070 2319 1148 ςυνυπάρχειν
2363 1070 2486 1148 γὰρ
2527 1069 2694 1133 θέλει
2735 1073 2812 1151 τῇ
2842 1074 3057 1152 γενικῇ
3089 1072 3247 1148 πλη-

662 1178 936 1255 θυντικῇ.
1011 1173 1087 1236 τὸ
1144 1172 1337 1249 μέγας
1391 1170 1791 1250 ἑτερόκλιτον
1847 1171 1979 1249 ἔχει
2022 1172 2098 1235 τὸ
2154 1170 2466 1250 μεγάλου,
2520 1171 2622 1234 καὶ
2676 1171 2750 1234 τὸ
2808 1169 3123 1249 ἐπίρρημα
3167 1173 3246 1235 ού

657 1276 834 1353 παρὰ
878 1275 993 1352 τὴν
1052 1273 1278 1354 μέγας,
1336 1272 1427 1336 ὡς
1479 1273 1654 1351 παρὰ
1714 1275 1831 1350 τὴν
1892 1272 2192 1351 μεγάλων
2248 1273 2323 1335 τὸ
2380 1270 2624 1336 παντός
2681 1270 3016 1349 ὀξύνεται,
3079 1272 3117 1349 ἡ
3176 1273 3246 1336 δὲ

658 1375 922 1441 πάντων
978 1375 1194 1453 γενικὴ
1251 1374 1615 1453 βαρύνεται·
1677 1375 1863 1439 ἔνθεν
1905 1374 2012 1437 καὶ
2054 1374 2128 1437 τὸ
2174 1374 2369 1438 ςυνόν
2413 1371 2725 1452 ἐπίρρημα
2770 1373 3241 1451 ςυμβαρύνεται.
3299 1394 3352 1431 20

563 1488 624 1535 ιο
666 1512 733 1522 -
796 1478 897 1541 καὶ
952 1475 1048 1540 ὅτι
1102 1478 1298 1539 τοῦτο
1358 1474 1592 1547 αἴτιον,
1656 1476 1853 1555 ςαφὲς
1909 1476 2011 1539 καὶ
2066 1475 2135 1539 ἐκ
2185 1479 2301 1539 τοῦ
2346 1474 2627 1552 Δωριεῖς
2683 1478 3113 1554 ςυμπεριςπᾶν
3168 1476 3246 1539 τό

657 1577 999 1660 ἐπίρρημα,
1067 1576 1207 1641 ἐπεὶ
1242 1579 1360 1651 ,καὶ
1415 1578 1530 1654 τὴν
1596 1578 1856 1655 γενικὴν
1911 1583 2174 1642 παντῶν
2242 1576 2455 1655 φαςίν.
2543 1574 2750 1640 οὕτως
2817 1575 2947 1654 ἔχει
3002 1578 3105 1641 καὶ
3170 1577 3246 1640 τὸ

659 1680 872 1744 ἀλλῶς
918 1680 1018 1743 καὶ
1062 1684 1289 1757 τηνῶς.
1364 1682 1558 1742 τοῦτο
1603 1679 1725 1756 γάρ
1770 1679 1874 1742 καὶ
1918 1677 2130 1743 ἐνίους
2174 1677 2492 1757 ἠπάτηςεν
2538 1676 2991 1757 ἀποφήναςθαι
3036 1678 3126 1742 ὼς
3167 1679 3247 1743 τά

656 1781 817 1858 παρ’
869 1779 1015 1857 ἡμῖν
1075 1778 1397 1860 βαρύτονα
1451 1783 1583 1843 τῶν
1641 1779 2087 1859 ἐπιρρημάτων
2143 1782 2489 1856 περιςπῶςι
2533 1779 2827 1858 Δωριεῖς.
2903 1779 3065 1857 ὅπερ
3126 1780 3245 1843 οὐκ
3298 1797 3350 1837 25

656 1880 735 1958 ἦν
804 1879 1065 1959 ἀληθές’
1131 1881 1281 1945 οὔτε
1345 1883 1469 1958 γὰρ
1535 1881 1611 1944 τὸ
1677 1880 1944 1960 κούφως
2006 1880 2156 1945 οὔτε
2220 1881 2296 1944 τὸ
2353 1870 2569 1959 ’φίλως
2625 1880 2774 1945 οὔτε
2839 1881 2919 1945 τὰ
2983 1885 3246 1945 τοιαῦτα

560 1994 622 2041 15
659 1988 1017 2061 περιςπῶςι.
1103 1982 1207 2046 διὰ
1263 1981 1321 2046 τί
1377 1982 1497 2046 οὖν
1553 1982 1628 2045 τὸ
1685 1987 1971 2062 παντῶς;
2032 1980 2131 2046 ὅτι
2187 1982 2290 2046 καὶ
2344 1982 2463 2060 τὴν
2507 1986 2819 2046 ποιοῦςαν
2873 1983 2988 2047 τὸν
3045 1982 3244 2047 τόνον

662 2086 918 2163 γενικὴν
973 2083 1507 2161 περιεςπάκειςαν.
1594 2083 1753 2148 διότι
1813 2086 1884 2148 δὲ
1939 2085 2055 2161 τὴν
2109 2087 2372 2147 παντῶν
2429 2085 2686 2162 γενικὴν
2742 2086 3087 2162 περιςπῶςι
3145 2085 3246 2147 καὶ

657 2187 749 2251 ἔτι
789 2188 906 2264 τὴν
961 2185 1212 2267 ἀλλῶν,
1269 2184 1340 2248 ἐν
1393 2183 1633 2263 ἑτέροις
1687 2185 2059 2263 ἐδιδάξαμεν
2108 2186 2265 2248 κατὰ
2308 2185 2421 2249 τὰς
2479 2184 2917 2261 ἀντωνυμικὰς
2972 2184 3245 2260 γενικάς.
3298 2207 3351 2245 ιω

660 2323 735 2333 -
781 2288 912 2351 Ἔτι
957 2287 1058 2351 καὶ
1100 2286 1180 2350 τὰ
1224 2287 1333 2364 τὴς
1378 2289 1606 2366 φωνῆς
1651 2286 1880 2362 ἐγγίζει
1937 2284 2083 2370 (τοῦ
2127 2288 2249 2364 γὰρ
2294 2291 2335 2350 V
2382 2284 2549 2352 ἅπαξ
2594 2285 2915 2366 μετάθεςις
2960 2286 3047 2351 εἰς
3090 2287 3167 2351 τὸ
3213 2292 3246 2351 ἒ

655 2389 922 2468 γίνεται)
968 2388 1067 2453 καὶ
1109 2387 1189 2452 τὰ
1232 2388 1613 2467 ἐγγινόμενα
1658 2389 1858 2466 πάθη·
1915 2388 2104 2453 ἕνεκα
2147 2388 2321 2452 τίνος
2364 2389 2440 2452 τὸ
2486 2391 2708 2467 ςοφῶς
2754 2387 2834 2452 οὐ
2883 2392 3242 2467 διαιρεῖται;

557 2498 622 2546 20
662 2489 761 2555 ὅτι
792 2490 944 2555 οὐδὲ
984 2490 1024 2567 ἡ
1056 2494 1280 2568 ςοφῶν
1320 2490 1555 2567 γενική.
1617 2489 1805 2555 ἕνεκα
1834 2489 2011 2556 τίνος
2053 2490 2129 2554 τὸ
2177 2489 2491 2571 ψευδέως,
2536 2490 2865 2572 εύςεβέως,
2911 2489 3247 2572 ἀτρεκέως,
3283 2508 3384 2558 582

599 2629 609 2637 ·
655 2594 694 2671 ἢ
743 2592 842 2657 ὅτι
885 2592 986 2655 καὶ
1031 2590 1152 2673 <ἡ>
1200 2588 1510 2669 εὐςεβέων
1556 2592 1658 2656 καὶ
1702 2592 2060 2674 ἀτρεκέων;
2327 2594 2334 2599 “

824 2692 1287 2772 Ἐταράχθηςαν
1346 2690 1509 2757 ἔνιοι
1551 2695 1654 2757 καὶ
1698 2697 1856 2758 κατὰ
1909 2693 1989 2757 τὰ
2033 2694 2316 2775 ςχήματα
2364 2699 2496 2757 τῶν
2552 2691 3024 2773 ἐπιρρημάτων,
3082 2692 3242 2756 ὑπο-

657 2796 1092 2877 λαμβάνοντες
1151 2794 1231 2872 μὴ
1288 2793 1749 2873 ἐξομαλίζεςθαι
1804 2797 1884 2860 τὰ
1926 2799 2038 2874 τῆς
2091 2796 2331 2861 τάςεως
2386 2798 2522 2859 τῶν
2578 2794 3055 2878 ἐπιρρημάτων,
3113 2792 3245 2870 εἴγε
3298 2815 3324 2854 5

657 2897 789 2962 ἀπὸ
834 2900 951 2961 τοῦ
996 2898 1204 2960 καλῶς
1250 2915 1402 2975 φαςι
1447 2897 1792 2972 παγκάλως
1837 2899 1941 2962 καὶ
1984 2897 2116 2962 ἀπὸ
2159 2900 2278 2962 τοῦ
2325 2901 2565 2975 ςεμνῶς
2609 2896 2926 2979 άςέμνως,
2984 2896 3065 2960 ού
3122 2896 3245 2977 μὴν

555 3007 621 3055 ‘25
657 2999 789 3063 ἀπὸ
833 3003 949 3062 τοῦ
1005 2999 1266 3077 ψευδῶς
1324 2997 1662 3080 ἀψεύδως,
1720 3006 1942 3079 ςαφῶς
1998 2999 2267 3079 ἀςάφως
2321 2998 2418 3077 ἦν.
2493 2998 2647 3062 οὐδὲ
2700 2999 2823 3077 γὰρ
2879 2999 2917 3076 ἡ
2964 2999 3244 3062 ςύνθεςις

656 3100 907 3182 αὐτῶν,
962 3103 1097 3163 τῶν
1153 3100 1225 3163 δὲ
1281 3101 1793 3178 προεκκειμένων
1852 3107 2218 3183 πτωτικῶν,
2282 3099 2378 3164 οἷς
2437 3099 2782 3178 παρείπετο
2841 3100 3242 3180 ἀναβιβάζειν

656 3203 770 3281 μὲν
814 3202 933 3265 τὸν
975 3201 1208 3285 τόνον,
1263 3201 1317 3266 ἐἰ
1369 3199 1454 3265 εἰς
1500 3204 1574 3264 δέ
1631 3202 1924 3284 λήγοιεν,
1979 3202 2321 3283 φυλάςςειν
2377 3201 2475 3276 δέ,
2534 3201 2588 3264 εἰ
2642 3200 2731 3266 εἰς
2784 3205 2875 3278 ῆς.
2950 3203 3052 3264 καὶ
3108 3200 3244 3263 ἐπεὶ

658 3303 849 3368 καλός
915 3302 1246 3378 πάγκαλος
1315 3301 1695 3385 παγκάλων,
1772 3305 1877 3368 διὰ
1946 3307 2145 3367 τοῦτο
2227 3304 2607 3378 παγκάλως·
2682 3303 2926 3380 ψευδής
3003 3303 3075 3365 δὲ
3137 3304 3239 3365 καὶ
3298 3319 3350 3358 ιο

663 3403 951 3484 ἀψευδής
994 3405 1094 3468 καὶ
1139 3404 1481 3485 άψευδῶν,
1528 3405 1628 3468 καὶ
1674 3405 1779 3468 διὰ
1821 3410 2017 3469 τοῦτο
2064 3405 2392 3486 ἀψευδῶς,
2438 3405 2541 3468 καὶ
2586 3404 2874 3484 ἀςαφῶς.

554 3514 620 3562 30
832 3506 1168 3570 Δέδεικται
1224 3505 1348 3583 ἄρα
1404 3506 1508 3570 διὰ
1564 3505 1913 3583 πλειόνων,
1969 3505 2068 3571 ὅτι
2122 3507 2241 3571 οὐκ
2292 3507 2461 3572 ἴδιον
2517 3506 2715 3570 τόνον
2771 3505 3111 3584 ἀνεδέχετο
3167 3506 3245 3569 τὰ

656 3607 744 3673 εἰς
801 3612 889 3670 ὥς
945 3606 1320 3687 παρηγμὲνα
1377 3608 1539 3686 παρ’
1593 3607 1975 3687 ὀνοματικὰς
2032 3609 2346 3688 ἐκφοράς·
2414 3608 2565 3674 ὅθεν
2620 3628 2726 3687 μοι
2782 3610 2960 3671 δοκεῖ
3015 3607 3113 3672 καὶ
3166 3609 3244 3672 τὸ

791 3809 1005 3863 Αιιανιι.
1058 3815 1090 3863 4
1123 3807 1188 3862 In
1224 3808 1409 3862 bonosi
1431 3808 1575 3863 haec
1599 3809 1874 3864 adverbia
1907 3814 2221 3879 sequuntur
2243 3810 2567 3881 genetivum
2592 3808 2827 3878 pluralis
2851 3825 3043 3863 eorum
3069 3809 3242 3863 nomi-

656 3911 817 3954 num,
865 3893 1013 3947 unde
1063 3893 1403 3947 derivantur.
1450 3924 1511 3932 —
1566 3902 1626 3949 10
1663 3893 1817 3958 Quae
1861 3895 1955 3948 lex
2001 3895 2364 3950 confirmatur
2399 3896 2458 3948 et
2493 3893 2696 3947 doricis
2730 3893 2947 3958 formiS,
2987 3923 3048 3931 -
3092 3899 3151 3947 18
3188 3894 3278 3968 οδ

657 3994 753 4044 eo,
791 3977 943 4045 quod
968 3978 1238 4032 adverbia
1261 3979 1362 4032 aut
1395 3977 1704 4032 admittunt
1738 3980 1839 4032 aut
1873 3995 1984 4033 non
2021 3980 2331 4034 admittunt
2364 3995 2460 4034 eae
2493 3977 2859 4044 mutationes,
2897 3979 3126 4046 quaein
3149 3994 3245 4047 ge-

653 4063 858 4116 netivis
891 4061 1125 4131 pluralis
1162 4064 1262 4116 aut
1298 4061 1441 4116 fiunt
1476 4064 1576 4117 aut
1610 4078 1722 4116 non
1759 4062 1921 4117 fiunt.
1947 4094 2012 4103 —
2049 4071 2114 4118 25
2136 4064 2458 4131 Παγκάλως
2493 4064 2728 4129 ἀςαφῶς
2752 4065 2906 4116 recte
2942 4080 3072 4116 cum
3107 4079 3245 4127 παγ-

656 4147 850 4201 κάλων
884 4147 1122 4215 ἀςαφῶν
1158 4147 1392 4200 accentu
1429 4150 1763 4217 congruunt.
1803 4178 1866 4187 —
1914 4155 1981 4203 30
2016 4150 2213 4217 Itaque
2250 4150 2357 4215 ὥς,
2403 4148 2493 4203 cui
2537 4148 2834 4217 genetivus
2868 4147 3124 4216 pluralis,
3172 4145 3242 4199 ad

654 4248 824 4300 quem
862 4230 1164 4300 dirigatur,
1200 4233 1424 4300 praesto
1458 4249 1570 4287 non
1608 4233 1720 4299 est,
1758 4232 1898 4286 nihil
1933 4233 2175 4301 impedit
2209 4248 2280 4287 ne
2315 4234 2545 4288 acutum
2580 4232 2805 4289 habeat.

790 4415 975 4470 D1sca.
1013 4434 1214 4474 scum.
1284 4425 1334 4472 4.
1369 4419 1668 4486 Ἐκκειται]
1708 4418 1803 4484 fol.
1844 4425 1942 4472 135
1966 4438 2008 4473 r.
2062 4423 2071 4485 Ι
2119 4425 2165 4473 5.
2203 4437 2270 4472 το
2306 4420 2362 4473 in
2402 4435 2539 4474 voce
2574 4436 2749 4473 τουτο
2785 4434 2955 4487 supra
2986 4418 3082 4473 lin.
3126 4421 3190 4473 Α·
3233 4421 3239 4474 Ι

659 4508 874 4556 11-12,
919 4505 987 4555 τὸ
1031 4502 1243 4571 ἀλλῶς]
1294 4502 1409 4556 ‘Sic
1455 4505 1514 4557 et
1548 4503 1747 4557 Koenii
1786 4503 2174 4573 apographum
2221 4507 2280 4558 et
2313 4520 2518 4559 meum.
2589 4502 2701 4558 Sed
2737 4502 2958 4556 Bantius
2993 4502 3244 4556 codicem

654 4585 863 4641 habere
902 4585 1042 4640 dicit
1074 4603 1182 4654 την
1218 4590 1433 4652 αλλως,
1473 4586 1718 4655 indeque
1754 4586 1933 4640 efficit
1965 4587 2269 4657 legendum
2307 4588 2427 4643 esee
2463 4592 2784 4657 τηναλλῶς’
2813 4588 2849 4641 b
2885 4587 2944 4640 in
2977 4604 3088 4640 var.
3114 4588 3243 4645 lect.

655 4670 755 4724 Est.
786 4688 854 4725 το
890 4673 1080 4726 αλλως
1116 4673 1175 4725 et
1208 4672 1267 4725 in
1304 4674 1346 4726 Α
1385 4673 1445 4726 et
1477 4672 1537 4724 in
1572 4670 1642 4733 L,
1680 4687 1750 4724 ex
1785 4687 1898 4738 quo
1934 4688 2037 4725 aua.
2069 4673 2309 4741 sumpsit
2341 4674 2498 4727 Koen
2552 4676 2562 4742 Ι
2619 4680 2696 4726 17.
2734 4674 2878 4727 κατὰ
2913 4673 2977 4738 b,
3026 4689 3114 4726 και
3151 4674 3193 4726 Α
3234 4668 3241 4730 Ι

655 4761 737 4809 20.
776 4761 858 4811 21.
903 4755 1125 4824 signum
1171 4754 1655 4825 interrogationis,
1705 4754 1855 4823 quod
1900 4759 2029 4824 post
2064 4759 2347 4824 ἀτρεκέως
2383 4758 2650 4828 posuerat
2684 4757 2749 4825 b,
2797 4758 2924 4828 post
2958 4757 3246 4826 ἀτρεκέων

652 4855 756 4911 pro
790 4841 1002 4907 puncto
1038 4839 1230 4910 posuit
1263 4838 1622 4896 RSchneider
1650 4845 1659 4907 Ι
1690 4845 1772 4895 21.
1810 4843 1846 4908 ἡ
1884 4840 2014 4898 add.
2051 4841 2088 4897 b
