3738 5530
1034 385 1557 438 PERSONALIVM
1594 384 2035 437 NOMINATIVI
2074 383 2525 437 SINGVLARIS.
2995 380 3082 445 63

489 591 568 654 δὲ
612 590 707 669 μὴ
750 589 962 665 ἐγὼν
1007 589 1302 669 ἔμαθον
1346 592 1511 654 ταῖς
1555 587 1948 654 αὐταυτᾶε
1992 587 2289 671 χερείν,
2335 586 2628 666 (ώφρων
2675 584 2781 665 (fr.
2827 585 2911 649 65
2949 584 3080 648 Ah-

488 689 680 776 rens).
784 692 971 770 Μόνη
1018 690 1365 757 (υντίθεται
1418 691 1573 767 μετὰ
1617 690 2041 769 ἀντωνυμιῶν
2085 690 2244 754 κατὰ
2286 689 2473 753 τέλοε
2517 689 2617 752 καὶ
2662 689 2817 766 μετὰ
2861 686 3079 753 ἄλλων

490 798 699 874 μερῶν
745 791 947 869 λόγου
999 793 1071 857 ἐν
1115 791 1307 877 ἀρχῇ,
1353 791 1871 876 αὐτάρεεκοε,
1917 791 2522 857 αὐτοδίδακτος.
2597 790 2699 854 καὶ
2742 790 2847 853 διὰ
2889 793 3081 854 τοῦτο

490 894 855 974 ἐεημειοῦτο
899 895 974 958 τὸ
1021 893 1360 974 φίλαυτος·
1406 893 1646 973 εἴρηται
1692 895 1731 973 ἡ
1776 894 1943 958 αἰτία
1986 893 2057 958 ἐν
2102 898 2196 976 τῷ
2239 894 2386 971 περὶ
2429 891 2782 971 (χημάτων.

656 996 826 1060 Ἐπεὶ
880 997 1120 1079 πρώτῳ
1175 997 1278 1060 καὶ
1330 996 1607 1079 δευτέρῳ
1666 996 2065 1062 ευντάεεεται
2117 995 2444 1077 προεώπῳ
2500 994 2602 1057 καὶ
2652 993 2877 1076 τρίτῳ,
2935 993 3084 1058 ὑπέ-
3121 1001 3152 1050 5

495 1097 697 1177 λαβόν
763 1118 933 1163 τινες
974 1096 1197 1175 ,αὐτὴν
1262 1098 1486 1175 κοινὴν
1550 1101 1680 1162 τῶν
1745 1082 1941 1176 τριῶν
1995 1085 2363 1176 προεῶπων
2417 1094 2807 1162 καθεετάναι.
2904 1095 3085 1173 Πρὸ(

322 1211 460 1270 8οΑ
493 1204 684 1264 τοῦτο
738 1200 1045 1279 φαίημεν,
1105 1198 1203 1264 ὅτι
1256 1200 1523 1277 πρώτου
1576 1200 1678 1264 καὶ
1743 1199 2049 1277 δευτέρου
2113 1200 2355 1263 νοεῖται
2420 1197 2525 1261 διὰ
2588 1198 2702 1260 τὰ(
2768 1197 3086 1263 (υντάξειε

492 1306 621 1366 τῶν
666 1300 1088 1380 ἀντωνυμιῶν
1132 1300 1172 1378 ἢ
1205 1300 1539 1384 ῥημάτων,
1585 1300 2148 1375 αὐτὸεέδωκα,
2194 1298 2432 1363 αὐτὸ(
2475 1297 2616 1363 ἰδέ·
2663 1298 2822 1378 αὐτὴ
2868 1299 3085 1378 μέντοι

494 1404 635 1465 κατ’
692 1402 853 1467 ἰδίαν
908 1402 1126 1480 τρίτου
1183 1401 1345 1466 ἐετί·
1400 1403 1504 1466 καὶ
1557 1404 1757 1480 δῆλον
1802 1402 1875 1466 ἐκ
1915 1408 2047 1466 τῶν
2094 1400 2611 1483 ἀπαρεμφάτων,
2669 1399 2834 1478 ἅπερ
2877 1399 3084 1464 ἀντω-

495 1503 682 1587 νυμίᾳ
729 1503 1197 1582 ευνταεεόμενα
1239 1505 1688 1582 παρεμφατικὰ
1733 1501 1971 1578 γίνεται
2000 1502 2382 1580 προεώπου·
2453 1502 2529 1566 τὸ
2559 1500 2683 1580 γὰρ
2730 1501 2860 1580 ἐμὲ
2902 1502 3084 1580 γρά-
3124 1513 3187 1560 10

493 1625 672 1685 φειν
745 1606 1009 1684 πρώτου
1074 1606 1178 1670 καὶ
1251 1607 1326 1670 τὸ
1393 1607 1471 1668 (ὲ
1536 1604 1877 1684 γράφειν
1942 1603 2266 1683 δευτέρου.
2377 1604 2449 1667 ἑν
2518 1604 2571 1687 ᾧ
2644 1601 2763 1667 οὖν
2840 1602 3084 1667 αὐτόν

495 1726 704 1787 φαμεν
768 1706 1113 1786 γράφειν
1182 1708 1285 1771 καὶ
1338 1707 1556 1785 τρίτου
1610 1708 1883 1786 νοεῖται,
1954 1703 2281 1784 ὁμόλογον
2350 1703 2449 1769 ὅτι
2502 1704 2577 1768 τὸ
2632 1703 2826 1769 αὐτό(
2868 1705 3085 1783 τρίτου

494 1807 867 1886 προεώπου.
924 1843 1006 1853 -
1062 1808 1138 1871 τὸ
1199 1809 1271 1872 δὲ
1316 1811 1559 1885 μεῖζον·
1617 1807 1681 1871 αἱ
1724 1809 1884 1871 κατὰ
1926 1807 2002 1871 τὸ
2045 1805 2261 1884 τρίτον
2319 1805 2407 1871 εἰ(
2450 1804 2649 1884 αὐτὴν
2672 1805 3084 1886 ’μεταλαμβά-

419 1920 463 1973 Β
499 1928 755 1991 νονται,
812 1907 973 1987 ὅπερ
1032 1907 1151 1972 οὐκ
1207 1908 1663 1989 ἐνδεχόμενον,
1722 1907 1775 1972 εἰ
1828 1909 1908 1987 μὴ
1962 1909 2065 1972 καὶ
2121 1905 2278 1985 αὐτὴ
2323 1907 2539 1986 τρίτου
2582 1906 2936 1984 προεώπου
2979 1926 3082 1970 κα-

494 2011 811 2089 θειετήκει.
1034 2014 1041 2021 ’
1210 2046 1219 2054 -
2659 2044 2666 2049 ’
3121 2029 3185 2077 15

662 2112 844 2176 Τινὲς
887 2110 1298 2191 ἑπεχείρηεαν
1343 2110 1432 2176 εἰς
1476 2112 1556 2177 τὰ
1601 2109 1888 2191 ὀνόματα
1932 2111 2432 2191 μεταλαμβάνειν
2477 2112 2592 2188 τὴν
2638 2109 2849 2187 αὐτός,
2896 2110 3084 2173 «καθὸ

496 2213 858 2292 ἰεοδυναμεῖ
898 2219 990 2297 τῷ
1037 2212 1258 2295 μόνος,

748 2313 1050 2394 Τυδείδη(
1093 2314 1288 2379 αὐτός
1333 2334 1454 2393 περ
1500 2315 1628 2380 ἐών
1672 2312 1753 2400 (Θ
1798 2313 1942 2398 99),
2005 2350 2014 2359 -

497 2417 602 2481 καὶ
642 2417 801 2481 καθὸ
844 2414 1089 2495 ἄρθρου
1133 2415 1513 2498 ἐπιδεκτική,
1557 2420 1688 2481 τῶν
1734 2414 1823 2481 εἰ(
1865 2420 1948 2480 ὀῖ’
1993 2414 2440 2495 πρωτοτύπων
2484 2417 2564 2494 μὴ
2607 2414 3084 2496 ἐπιδεχομένων

497 2518 576 2581 τὰ
628 2516 846 2596 ἄρθρα.
904 2557 981 2565 -
1041 2518 1353 2597 εύγκριείν
1407 2537 1476 2581 τε
1520 2519 1624 2582 καὶ
1668 2519 2062 2597 παραγωγὴν
2108 2516 2452 2583 ἀνεδέξατο
2465 2552 2504 2596 ,-
2546 2517 2637 2582 ὼε
2680 2517 2751 2582 ἐν
2797 2517 3085 2583 Ἀλκυόνι
3121 2538 3188 2587 20

630 2706 841 2760 Anam.
902 2709 933 2756 δ
969 2703 1153 2759 Αὐτός
1188 2701 1339 2770 quod
1376 2718 1503 2755 cum
1541 2701 1725 2770 prima
1758 2701 2006 2755 secunda
2039 2701 2211 2755 tertia
2245 2702 2611 2767 construitur,
2648 2700 2878 2769 quidam
2914 2700 3085 2754 trium

496 2803 861 2857 personarum
898 2781 1193 2843 commune
1230 2786 1639 2845 existimarunt.
1720 2786 1798 2839 At
1829 2802 1933 2855 per
1967 2803 2026 2841 se
2063 2786 2266 2841 tertiae
2304 2787 2402 2840 eet.
2447 2817 2515 2827 -
2562 2791 2627 2840 16
2664 2787 2846 2841 Αὐτός
2881 2801 3084 2839 nomen

498 2888 616 2925 esse
661 2873 725 2926 ut
769 2871 1163 2940 comprobent,
1219 2873 1487 2939 quattuor
1532 2872 1867 2942 argumenta
1912 2869 2180 2938 afferunt,
2235 2886 2380 2939 quae
2428 2870 2693 2939 deinceps
2733 2870 3084 2924 refelluntur.

499 2958 544 3023 ι)
580 2955 639 3010 Si
675 2958 849 3011 αὐτὸ(
894 2955 1043 3010 idem
1081 2972 1200 3010 esee
1235 2956 1425 3024 potest
1459 2955 1609 3023 quod
1649 2957 1838 3021 μόνος,
1877 2971 1989 3010 non
2023 2956 2280 3024 sequitur
2313 2957 2380 3008 ut
2413 2954 2598 3009 eidem
2636 2954 2902 3010 orationis
2936 2953 3088 3022 parti

495 3041 793 3100 tribuatur.
872 3043 919 3108 8)
957 3040 1239 3094 Articulus
1284 3057 1409 3093 cum
1452 3040 1679 3093 nomine
1726 3038 2056 3093 coniunctus
2100 3056 2293 3105 unam,
2347 3055 2475 3092 cum
2511 3040 2685 3093 αὐτὸς
2719 3039 2909 3106 plures
2945 3038 3087 3092 rela-

498 3124 678 3179 tiones
720 3124 950 3178 indicat.
1027 3127 1076 3192 3)
1128 3122 1552 3192 comparativus
1598 3123 1760 3178 fictus
1805 3126 1893 3178 est
1936 3125 2000 3177 ut.
2043 3124 2184 3177 risus
2229 3125 2562 3177 moveretur.
2639 3123 2686 3191 4)
2733 3122 2816 3175 Ex
2850 3124 3086 3176 accentu

500 3208 641 3261 nihil
674 3209 976 3279 colligitur.
2721 3217 2732 3228 “

638 3361 866 3415 Tusa-na.
915 3368 947 3416 ὅ
971 3360 1139 3416 Prisc.
1165 3361 1288 3430 XII,
1314 3371 1347 3417 ὅ
1369 3381 1426 3432 p.
1446 3367 1571 3428 579,
1598 3367 1664 3416 28
1688 3360 1860 3415 Hertz
1896 3361 2125 3429 quidam
2147 3375 2426 3415 commune
2448 3361 2927 3426 eoeietimaverwnt‚
2952 3361 3087 3428 quia

500 3446 678 3500 tribue
711 3433 1050 3516 adiwnyitur
1075 3449 1354 3516 personis.-
1391 3456 1507 3517 ‘eqo
1542 3447 1699 3515 ipee’,
1729 3452 1823 3500 “tu
1856 3451 2013 3514 ἕρπ’,
2050 3445 2169 3499 ‘ille
2199 3446 2372 3514 ipee’5
2405 3460 2520 3499 non
2553 3450 2631 3500 eet
2664 3450 2849 3500 tamen
2870 3461 3087 3510 verum;

497 3531 735 3599 fiyurate
793 3531 939 3585 enim
987 3531 1072 3587 vel
1124 3532 1474 3587 discretionis
1524 3532 1608 3586 vel
1649 3527 2062 3600 siy‘nificantiae
2106 3546 2277 3584 cauea
2312 3530 2531 3598 primae
2583 3536 2633 3584 et
2677 3531 2948 3585 secundae
2988 3531 3087 3584 ad-

496 3615 771 3684 iunqitur.
852 3616 1000 3683 quod
1043 3621 1227 3671 autem
1271 3618 1467 3671 tertiae
1502 3621 1603 3678 eet,
1649 3615 1962 3670 ostenditur
1996 3632 2063 3672 ex
2101 3632 2159 3671 eo
2195 3614 2342 3683 quod
2377 3614 2615 3669 dicimus
2649 3622 2768 3684 ‘eqo
2802 3614 2960 3684 feci’,
3000 3620 3087 3669 ‘tu

496 3699 724 3765 fecisti’‚
776 3700 917 3767 ‘ipse
960 3700 1132 3765 fecit’,
1192 3707 1241 3754 et
1294 3701 1440 3770 quod
1493 3700 1689 3754 tertiae
1736 3715 2005 3767 personae
2054 3701 2117 3754 in
2168 3699 2232 3753 id
2285 3699 2586 3764 transferri
2630 3704 2887 3767 poscunt,
2940 3698 3086 3766 quod

497 3784 739 3838 maxime
787 3784 851 3837 in
902 3785 1429 3854 interroyationibue
1479 3785 1854 3839 animadverti
1890 3789 2087 3852 potest.
2173 3799 2477 3851 numquam
2523 3783 2668 3837 enim
2713 3784 3087 3852 interroyante

496 3868 690 3936 aliquo
726 3870 876 3937 ‘quis
897 3868 1110 3923 dixit?’
1149 3870 1300 3937 ‘quis
1332 3870 1465 3935 fecit
1477 3869 1529 3923 ,9²
1569 3869 1716 3937 ‘quis
1750 3869 2036 3923 audivit&
2082 3867 2472 3936 respondemus
2507 3867 2666 3934 ‘ipse’
2699 3882 2806 3936 pro
2829 3874 2966 3936 ‘eqo’
3003 3867 3088 3921 vel

494 3967 601 4020 pro
644 3957 768 4018 (ια’,
818 3953 915 4007 sed
949 3967 1059 4019 pro
1101 3954 1298 4021 aliqua
1342 3955 1510 4008 tertia
1549 3968 1798 4021 persona.
1882 3953 2113 4022 quidam
2155 3953 2323 4006 etiam
2365 3966 2560 4005 nomen
2601 3953 2702 4006 hoc
2726 3956 3086 4020 putavertmt,

500 4038 638 4105 quia
696 4042 772 4092 est
814 4037 1041 4106 quando
1088 4053 1191 4105 pro
1237 4039 1425 4092 ‘solus’
1472 4038 1748 4105 accipitur
1783 4078 1797 4092 .
1835 4078 1848 4091 .
1883 4038 1981 4092 sed
2024 4037 2113 4091 hic
2156 4051 2367 4105 quoque
2401 4051 2507 4102 per
2539 4037 2973 4105 siqnificantiam
3004 4036 3090 4090 vel

499 4121 880 4176 discretionem
907 4122 1214 4189 profertur.
1292 4122 1446 4176 Nam
1478 4138 1604 4177 cum
1629 4136 1737 4190 pro
1771 4122 1993 4176 nomine
2035 4121 2338 4189 accipitur,
2389 4120 2537 4188 quod
2580 4136 2741 4175 suum
2780 4126 2857 4176 eet
2883 4135 3087 4189 prono-

496 4207 669 4261 minis
701 4206 905 4274 implet.

637 4359 831 4414 Daca.
875 4377 1079 4414 sempr.
1161 4365 1211 4414 1.
1257 4360 1466 4426 ἔμαθον
1511 4358 1855 4420 HLAhrens.
1903 4363 2083 4424 μαθον
2120 4360 2162 4412 Α
2182 4398 2197 4425 ,
2243 4360 2487 4424 ἔματτον
2533 4358 2978 4414 LC‘Valckenaer
3009 4358 3085 4429 bl

498 4445 787 4499 αὐταυτᾶε
820 4441 1165 4510 ΗΒΑΙιτοῃει,
1199 4460 1521 4510 austum-mc
1558 4445 1629 4510 Α,
1668 4445 1977 4498 αὐταύταιε
2011 4443 2048 4496 b
2079 4445 2089 4511 Ι
2119 4449 2169 4497 3.
2206 4445 2548 4511 αὐτάρεεκο(
2585 4443 2700 4510 (vel
2736 4445 3088 4514 αὐθαίρετος)

498 4527 890 4593 RSkrzeczka,
926 4545 1263 4598 compecto(
1301 4531 1372 4594 Α,
1409 4529 1719 4596 αὐτάρετοε
1754 4527 1792 4581 b
1831 4529 1839 4595 Ι
1879 4532 1927 4581 6.
1964 4544 2116 4583 τινε(
2151 4544 2331 4595 αυτην
2366 4528 2438 4593 Α,
2475 4528 2659 4595 αὐτήν
2692 4544 2843 4583 τινες
2877 4527 2956 4598 bl
2995 4544 3088 4584 κα-

500 4613 751 4669 θιετᾶναι
789 4614 831 4666 Α
864 4614 874 4676 Ι
903 4618 952 4666 7.
989 4630 1233 4682 φαιημεν
1271 4614 1343 4678 Α,
1379 4612 1629 4681 φαίημεν
1663 4614 1735 4666 ἄν
1768 4613 1806 4666 b
1836 4614 1848 4680 Ι
1878 4618 1927 4671 9.
1964 4628 2112 4667 εετιν
2148 4614 2192 4668 Α
2232 4616 2242 4678 Ι
2282 4618 2464 4667 9-10,
2501 4629 2846 4681 αντωνυμιαι
2884 4616 2956 4681 Α,
2993 4615 3089 4668 ἀν-

499 4697 808 4763 τωνυμίαιε
850 4697 888 4750 b
941 4698 951 4765 Ι
1004 4703 1084 4752 10.
1126 4714 1161 4751 τ
1206 4696 1265 4750 in
1311 4713 1722 4764 (υνταεεομενα
1767 4713 1909 4750 corr.
1956 4698 2016 4750 in
2065 4699 2107 4751 Α
2156 4698 2226 4750 ab
2263 4698 2368 4763 Ατς
2422 4695 2560 4765 quid
2603 4699 2734 4752 anto
2769 4698 2942 4752 fuerit
2974 4714 3088 4754 non

502 4782 791 4848 cernitur!
820 4797 1133 4848 προεωπου
1170 4782 1241 4848 Α,
1279 4783 1606 4849 προεώπων
1642 4782 1677 4834 b
1708 4790 1716 4849 Ι
1753 4787 1965 4837 14—15.
2003 4788 2329 4850 καθιετηκει
2366 4783 2408 4835 Α
2440 4783 2450 4851 Ι
2482 4787 2561 4836 16.
2601 4798 2956 4852 επεχειριεαν
2993 4787 3035 4839 Α
3077 4784 3086 4853 Ι

503 4867 956 4932 μετὰλαμβανειν
990 4867 1034 4919 Α
