3738 5530
711 313 796 378 74
882 312 1327 368 Commentarius
1356 312 1583 368 criticus
1611 313 1671 368 et
1697 311 2016 383 exegeticus
2044 311 2104 366 in
2132 310 2418 382 Apollonii
2446 309 2676 380 Dyscoli
2704 310 2916 381 scripta
2942 311 3171 366 minora.

709 485 859 560 306,
881 486 917 543 7
965 478 1046 543 τὰ
1074 528 1089 543 .
1118 528 1133 543 .
1161 477 1552 544 ὑποτακτικὰ
1598 475 1848 557 ῥήματα
1885 475 2127 544 οὔποτε
2165 477 2360 556 χωρὶς
2394 475 2725 555 ὑποταγῆς
2762 476 2889 541 ἑςτι
2925 479 3038 555 τῆς
3074 476 3317 543 τάξεως

708 567 990 655 (fortasse
1018 572 1390 633 scribendum
1417 566 1609 651 (διὰ)
1634 570 1748 647 τῆς
1775 566 2261 651 <προ>τάξεως>
2290 571 2423 632 τῶν
2452 566 2898 634 ἑπιζευκτικῶν
2934 566 3314 645 ςυνδέςμων.

704 663 783 723 ib.
816 664 965 738 312,
985 664 1024 722 3
1072 659 1175 722 καὶ
1217 657 1258 737 ἡ
1305 661 1422 722 τοῦ
1469 656 1934 736 ςημαινομένου
1981 656 2203 722 ἔννοια
2240 653 2519 744 (fortasse
2563 680 2674 737 pro
2712 655 2934 721 ἔννοια
2977 660 3313 737 ponendum

704 756 797 813 est
842 748 926 827 ἐμ
938 743 1183 834 μονή)·
1266 748 1438 826 μένει
1494 746 1618 825 γὰρ
1674 746 1767 811 ἔτι
1820 746 1898 811 τὸ
1953 746 2234 825 θηλυκὸν
2287 745 2513 825 ὄνομα.
2593 750 2672 810 ib.
2722 751 2870 824 330,
2892 752 2928 810 9
2987 745 3052 810 αἱ
3108 744 3316 812 τάςεις

706 841 839 903 τῶν
885 858 956 902 τε
1001 836 1230 902 ἁπλῶν
1276 836 1380 901 καὶ
1423 839 1556 901 τῶν
1603 835 1976 901 δοκούντων
2022 836 2343 901 ςυνθέτων
2398 833 2562 901 εἶναι
2606 835 2724 900 τὸν
2771 834 2971 900 αὐτὸν
3017 834 3314 914 ἐπέχουςι

706 929 922 993 τόνον.

883 1022 988 1096 47,
1012 1020 1093 1079 15
1142 1014 1273 1080 ἀπὸ
1320 1016 1393 1080 δέ
1438 1034 1614 1080 τινος
1658 1014 2040 1098 προςώπου]
2103 1012 2302 1094 ἄλλης
2355 1014 2429 1080 δέ
2473 1019 2648 1080 τινος
2692 1014 2997 1079 πτώςεως
3040 1017 3323 1097 Egenolff

702 1111 735 1170 Ι
772 1112 895 1171 841
946 1110 1261 1187 proposuit
1303 1109 1377 1169 cl.
1425 1111 1529 1184 47,
1550 1109 1633 1169 23
1680 1111 1744 1168 et
1788 1109 1996 1184 48,17
2010 1131 2027 1185 3
2086 1111 2333 1186 propius
2379 1108 2456 1169 ad
2501 1108 2720 1170 codicis
2774 1108 3034 1187 vestigia
3085 1108 3316 1169 accedit

703 1200 934 1278 Uhligii
998 1201 1361 1259 coniectura:
1425 1199 1529 1259 sed
1591 1198 1745 1257 nihil
1807 1197 2161 1259 mutandum
2224 1202 2341 1274 est3
2404 1192 2536 1259 ἀπὸ
2601 1193 2674 1259 δέ
2733 1212 2909 1259 τινος
2961 1194 3313 1273 προςώπου

703 1283 766 1349 ‘a
809 1307 1062 1366 persona
1106 1291 1304 1350 nescio
1350 1282 1494 1366 qua'
1503 1310 1520 1364 3
1578 1287 1734 1348 hanc
1778 1288 2076 1348 diversam
2120 1306 2246 1348 esse
2290 1288 2367 1348 ab
2413 1306 2486 1348 ea
2530 1306 2683 1365 quae
2726 1287 2792 1346 in
2836 1288 3114 1366 genetivo
3157 1288 3317 1349 inest

699 1397 807 1457 per
850 1397 914 1438 se
958 1381 1146 1456 patet.

883 1488 987 1564 47,
1011 1487 1092 1546 23
1149 1483 1268 1547 τοῦ
1323 1478 1605 1560 ῥήματος
1661 1479 2063 1547 ἀποςτάντος
2116 1484 2230 1559 τῆς
2279 1482 2531 1559 γενικῆς
2569 1510 2653 1533 =
2693 1479 2859 1545 ἐπὰν
2904 1480 2977 1545 δὲ
3022 1479 3099 1544 τὸ
3144 1476 3315 1558 ῥῆμα

701 1572 783 1652 μὴ
831 1570 964 1637 ἀπὸ
1009 1575 1123 1650 τῆς
1169 1574 1422 1649 γενικῆς
1465 1573 1693 1649 νοῆται
1735 1574 1774 1634 1.
1817 1577 1917 1634 14.

881 1686 985 1760 47,
1008 1683 1089 1743 25
1140 1678 1207 1761 (ὁ
1244 1678 1420 1743 τινὸς
1456 1676 1568 1743 ὅτε
1605 1679 1710 1762 με)
1758 1677 1985 1743 ‘wfirde
2024 1682 2123 1742 ich
2152 1729 2163 1740 .
2195 1729 2206 1739 .
2236 1682 2391 1742 nach
2426 1684 2580 1758 synt.
2615 1681 2762 1758 150,
2783 1683 2866 1740 24
2915 1674 3310 1740 emendieren'

699 1774 981 1853 Egenolff
1009 1773 1041 1832 I
1070 1774 1216 1833 841.
1307 1770 1402 1831 Ibi
1447 1771 1602 1832 dixit
1625 1771 1737 1850 Ap.
1788 1767 1944 1851 (ἔςτι
1980 1768 2104 1847 γὰρ
2143 1765 2254 1832 ὅτε
2282 1767 2320 1832 ὁ
2351 1766 2550 1832 αὐτοῦ
2588 1785 2664 1846 με
2701 1767 2900 1846 δόμος
2938 1765 3308 1848 ἐκάλυψεν).

703 1861 896 1924 Scribi
940 1864 1130 1941 igitur
1172 1861 1351 1921 iussit
1395 1861 1462 1920 E.
1512 1857 1550 1922 ὁ
1597 1857 1798 1923 αὐτοῦ
1846 1857 1957 1922 ὅτε
2002 1878 2104 1937 με;
2151 1861 2254 1922 sed
2299 1861 2534 1921 servavi
2578 1862 2935 1939 scripturam
2969 1859 3025 1919 A
3063 1860 3312 1936 codicis;

698 1972 840 2013 nam
891 1952 986 2012 his
1041 1947 1079 2012 ὁ
1134 1946 1307 2011 τινὸς
1364 1945 1475 2011 ὅτε
1530 1966 1606 2026 με
1659 1952 1996 2030 relegamur
2050 1951 2127 2011 ad
2172 1951 2210 2009 1.
2254 1951 2335 2010 15
2383 1943 2514 2010 ἀπὸ
2560 1945 2634 2010 δέ
2687 1966 2915 2012 τινος
2966 1966 3087 2024 πρ.,
3151 1948 3309 2026 quod

701 2041 825 2102 Ska
860 2042 893 2101 Ι
933 2043 1012 2100 13
1060 2042 1377 2119 perspen‘t.

881 2132 1271 2206 47‚27—3o
1317 2130 1389 2190 cf.
1437 2133 1592 2206 synt.
1645 2129 2215 2205 153,1—154‚27.

880 2222 1045 2297 48,4
1084 2221 1156 2280 cf.
1186 2221 1339 2297 synt.
1375 2219 1866 2295 155,27—156‚
1890 2221 1988 2278 11.
2065 2218 2256 2279 Schol.
2294 2218 2350 2278 A
2387 2218 2464 2278 ad
2501 2213 2556 2279 Ω
2587 2220 2714 2279 292
2752 2213 2981 2297 ταχύν]
3021 2213 3092 2279 ἐν
3131 2211 3310 2299 ἄλλῳ

702 2306 815 2371 ἑὸν
864 2305 1160 2382 ἄγγελον.
1251 2304 1328 2369 τὸ
1384 2304 1526 2383 ἑξῆς
1573 2303 1730 2369 αἴτει
1778 2304 1833 2369 δ’
1882 2303 2122 2369 οἰωνὸν
2168 2305 2405 2371 δεξιόν·
2482 2303 2563 2368 τὰ
2608 2305 2680 2368 δὲ
2728 2301 2895 2369 ἄλλα
2939 2303 3044 2367 διὰ
3098 2302 3308 2383 μέςου.

704 2398 896 2460 Schol.
919 2400 1143 2460 Townl.
1192 2391 1404 2460 κἑόν”
1432 2391 1695 2471 ἀγαθόν,
1735 2393 1798 2459 οἱ
1834 2395 1907 2458 δὲ
1945 2393 2062 2458 τὸν
2091 2393 2308 2459 αὑτοῦ.
2372 2397 2721 2477 Brugmann
2749 2398 2864 2457 Ein
2892 2396 3167 2458 Ptoblem
3198 2397 3311 2472 623

703 2492 799 2550 cui
845 2489 1195 2550 adversatur
1236 2487 1519 2547 Kammer
1560 2490 1625 2547 in
1670 2488 1839 2547 Burs.
1886 2487 2154 2548 Jahresb.
2207 2488 2398 2563 1877,
2447 2489 2573 2547 114
2593 2506 2679 2564 sq.

879 2597 983 2672 48,
1005 2597 1222 2656 9—10
1260 2593 1529 2655 Schol.A
1559 2595 1634 2655 ad
1664 2592 1704 2656 Γ
1735 2597 1861 2655 244
1893 2587 2340 2677 (Friedlaender
2364 2593 2624 2655 Ariston.
2657 2585 2771 2675 86)
2810 2588 2909 2654 ὅτι
2939 2588 3310 2668 Ζηνόδοτος

700 2681 935 2762 γράφει
974 2681 1046 2765 ἑῇ
1087 2680 1158 2745 ἐν
1195 2680 1448 2759 πατρίδι
1495 2680 1631 2762 (pro
1661 2680 1816 2767 φίλῃ
1848 2679 1921 2745 ἐν
1948 2680 2251 2762 πατρίδι).
2326 2679 2453 2745 εἴτε
2490 2680 2563 2745 δὲ
2593 2678 2699 2744 ἐπὶ
2732 2682 2865 2745 τῶν
2893 2679 3309 2758 Διοςκούρων

701 2773 871 2838 ἔςται
916 2772 994 2837 τὸ
1040 2771 1131 2855 ἑῇ,
1180 2770 1393 2836 ἑνικὸν
1440 2770 1562 2850 οὐχ
1608 2769 1892 2850 ἁρμόςει*
1954 2770 2081 2836 εἴτε
2118 2772 2190 2836 δὲ
2229 2770 2334 2836 ἐπὶ
2369 2774 2482 2850 τῆς
2519 2768 2794 2849 Ἑλένης,
2841 2768 3143 2849 ἔκθεςμόν
3182 2768 3307 2834 ἐςτι

699 2862 776 2927 τὸ
815 2860 989 2927 οὕτω
1025 2860 1253 2937 λέγειν,
1300 2860 1455 2925 τοὺς
1491 2858 1548 2924 δ’
1575 2859 1696 2939 ἤδη
1734 2859 2004 2938 κάτεχεν
2040 2860 2345 2940 φυςίζοος
2383 2857 2493 2924 αἶα
2530 2859 2602 2925 ἐν
2638 2863 2715 2942 τῇ
2759 2858 2992 2937 ἑαυτῆς
3036 2858 3308 2937 πατρίδι.

702 2954 1011 3033 Scriptura.
1061 2956 1250 3033 igitur
1304 2973 1343 3013 a
1385 2952 1749 3013 Dicaearcho
1806 2955 2046 3014 invecta
2101 2953 2176 3014 ab
2220 2953 2568 3015 Aristarcho
2624 2955 2866 3030 eiusque
2920 2950 3309 3013 sectatoribus

698 3043 1003 3122 probatur,
1050 3042 1225 3121 quod,
1270 3044 1323 3102 si
1360 3037 1432 3122 ἑῇ
1470 3042 1547 3102 ad
1584 3042 1903 3103 Dioscuros
1937 3043 2275 3121 referretur,
2320 3044 2567 3104 verbum
2604 3037 2928 3120 (κάτεχεν)
2965 3061 3086 3102 non
3123 3040 3308 3117 quad·

697 3136 886 3193 raret:
930 3132 1185 3192 debebat
1229 3133 1386 3192 enim
1431 3133 1556 3192 eius
1600 3131 1931 3192 subiectum
1974 3152 2091 3193 vox
2136 3129 2523 3208 Διόςκουροι
2560 3150 2712 3208 esse;
2757 3133 2849 3191 sin
2887 3130 2965 3191 ad
3000 3131 3311 3203 Helenam,

701 3241 832 3282 eam
885 3221 1051 3282 verbi
1105 3221 1437 3282 subiectum
1491 3239 1616 3282 esse
1663 3224 1991 3298 oporteret,
2044 3242 2165 3284 non
2211 3216 2337 3283 αἶα.
2427 3221 2782 3282 Iudicabant
2825 3216 3014 3300 igitur
3057 3219 3131 3279 de
3173 3219 3231 3278 h.
3269 3220 3308 3278 1.

700 3330 770 3371 ex
825 3313 1035 3372 stricta
1085 3311 1196 3370 illa
1249 3329 1429 3387 quam
1488 3310 1603 3371 sibi
1655 3310 1950 3371 finxerant
2012 3313 2143 3391 lege
2209 3304 2422 3394 (Lehrs
2469 3331 2523 3389 q.
2563 3329 2610 3370 e.
2654 3301 2838 3391 115),
2900 3312 2965 3369 in
3031 3329 3148 3385 qua
3200 3311 3308 3368 im-

697 3400 1023 3479 pugnanda
1065 3402 1228 3461 totus
1274 3402 1366 3460 est
1408 3398 1716 3477 Dyscolus.
1809 3402 1868 3462 Is
1913 3402 2102 3481 igitur
2147 3421 2263 3479 quo
2308 3401 2486 3462 modo
2533 3402 2788 3477 accipiat
2834 3398 3121 3460 Zenodoti
3185 3390 3309 3480 (vel

697 3492 897 3568 potius
934 3480 1231 3571 codicum)
1268 3491 1624 3567 scripturam
1670 3511 1705 3550 a
1742 3509 1804 3551 se
1841 3493 2172 3569 probatam,
2218 3492 2545 3552 clarissime
2582 3491 2825 3566 exponit
2860 3491 3014 3567 synt
3057 3489 3204 3563 157,
3225 3489 3301 3547 21

698 3578 990 3653 κατεῖχεν
1035 3574 1075 3654 ἡ
1122 3578 1202 3653 γῆ
1249 3575 1402 3640 τοὺς
1447 3576 1952 3656 προειρημένους
1999 3577 2306 3657 δαίμονας
2353 3576 2425 3641 ἐν
2474 3580 2551 3659 τῇ
2607 3575 2805 3653 αὐτῆς
2857 3572 3137 3652 πατρίδι,
3196 3575 3310 3651 τῆς

697 3664 1164 3745 προειρημένης
1197 3663 1469 3743 Ἑλένης,
1508 3670 1694 3730 allato
1725 3671 1995 3748 exemplo
2030 3670 2086 3729 X
2114 3671 2262 3730 404.
2337 3668 2423 3731 cf.
2453 3668 2737 3729 Ludwich
2763 3667 2947 3727 Arist.
2976 3667 3008 3726 I
3049 3669 3192 3726 121.
3227 3697 3302 3708 -

697 3758 963 3819 Priorem
999 3758 1326 3818 AFNaekii
1367 3759 1838 3820 emendationem
1878 3752 2102 3842 (opusc.
2140 3759 2172 3818 Ι
2211 3750 2366 3840 216)
2403 3761 2531 3819 iure
2578 3759 2801 3835 sprevi3
2846 3775 3005 3831 nam,
3048 3758 3119 3816 ut
3155 3755 3308 3815 Skae

699 3840 758 3930 (Ι
798 3840 865 3930 9)
910 3847 1108 3909 verbis
1153 3851 1318 3924 utar,
1373 3841 1533 3909 ‘cum
1584 3850 1748 3910 locus
1801 3849 1907 3908 ille
1953 3850 2208 3908 multum
2254 3867 2292 3908 a
2334 3849 2738 3928 grammaticis
2793 3848 3085 3907 tractatus
3139 3846 3309 3919 esset,

697 3939 905 3997 statim
949 3938 1142 3998 dicere
1187 3940 1424 4015 poterat
1469 3934 1625 4014 φαςὶ
1668 3934 1741 3999 δὲ
1786 3934 1891 3999 καὶ
1935 3933 2052 3999 τὸν
2097 3932 2344 4013 Ἀρίςτ.’
2431 3937 2703 3997 Alteram
2755 3955 2896 3997 vero
2944 3955 3124 4012 quam
3173 3953 3308 4012 pro-

695 4027 902 4104 posuit
942 4027 1151 4087 Naeke
1196 4026 1418 4088 scholio
1463 4028 1778 4088 Homerico
1833 4028 1998 4088 nisus
2053 4046 2287 4088 veram·
2311 4046 2436 4088 esse
2479 4030 2661 4104 put03
2707 4021 2942 4088 ἑαυτοῦ
2989 4025 3149 4085 enim
3193 4043 3308 4101 quo

697 4118 992 4179 referatur
1034 4136 1155 4177 non
1198 4116 1396 4176 habet.
1492 4115 1577 4178 Of.
1619 4116 1968 4195 Brugmanu
2015 4117 2130 4177 Ein
2175 4116 2452 4177 Problem
2491 4118 2592 4177 30.

877 4225 1086 4299 48,14
1134 4223 1483 4303 Brugmann
1530 4224 1568 4282 1.
1607 4242 1651 4284 s.
1690 4242 1735 4284 s.
1778 4226 1903 4285 109
1952 4220 2006 4304 ᾧ
2044 4224 2119 4284 ad
2155 4227 2413 4302 primam
2449 4241 2601 4302 pers.
2636 4223 2847 4283 referri
2884 4223 3115 4299 censet3
3155 4220 3309 4298 quod

697 4313 1001 4390 improbat
1035 4313 1318 4372 Kammer
1363 4313 1429 4371 in
1463 4311 1939 4375 Barasahresb.
1984 4314 2175 4388 1877,
2224 4316 2348 4373 117
2370 4332 2477 4390 sq.,
2524 4315 2626 4390 qui
2669 4314 2929 4390 priorem
2973 4311 3088 4388 Ap.
3125 4310 3309 4387 expli-

699 4403 996 4464 cationem
1058 4400 1325 4479 adoptat.
1425 4401 1702 4479 Plerique
1756 4402 1931 4463 Hom.
1995 4405 2349 4481 interpretes
2415 4396 2508 4486 (id
2554 4403 2711 4480 quod
2756 4405 2820 4461 in
2865 4403 3148 4479 promptu
3191 4391 3307 4481 est)

700 4488 754 4573 ᾧ
800 4492 877 4553 ad
922 4491 1256 4553 subiectum
1301 4487 1498 4567 θυμός
1543 4492 1752 4553 referri
1796 4492 2021 4553 iubent.

878 4600 983 4676 48,
1006 4600 1264 4659 17—19
1314 4599 1472 4675 quod
1516 4600 1555 4660 b
1598 4599 1913 4677 proposuit
1956 4592 2381 4674 ἀπηρτήςεται
2421 4599 2817 4659 necessarium
2852 4617 2970 4659 non
3008 4600 3125 4673 est3
3166 4614 3309 4656 nam

698 4693 972 4767 tempora
1013 4690 1248 4749 variare
1303 4688 1454 4748 solet
1497 4688 1612 4766 Ap.
1665 4722 1741 4731 —
1792 4683 2112 4765 ‘Equidem
2164 4689 2316 4749 nihil
2370 4690 2568 4749 deesse
2623 4689 2907 4763 arbitron
2964 4706 3100 4748 cum
3152 4688 3311 4745 enim

702 4778 1016 4838 antecedat
1051 4773 1106 4839 εἰ
1144 4774 1217 4839 δὲ
1256 4772 1345 4839 εἰς
1382 4773 1689 4840 ςύνθετον
1727 4774 1833 4856 (sc.
1878 4773 2472 4855 μεταληφθήςεται),
2500 4810 2588 4821 -
2616 4774 2719 4839 καὶ
2763 4774 2841 4839 τὸ
2879 4771 3047 4853 ῥῆμα
3083 4771 3154 4837 ἐκ
3196 4774 3312 4848 τῆς

701 4866 953 4940 γενικῆς
999 4861 1380 4942 ἀπήρτηται,
1425 4868 1609 4927 verba
1654 4863 1895 4943 ὁμοίως
1940 4863 2017 4928 τὸ
2066 4863 2322 4942 Νέςτωρ
2368 4862 2559 4943 φάςχ’
2605 4863 2712 4928 κτὲ
2758 4867 2934 4927 facile
2978 4864 3313 4944 significare

702 4958 979 5033 possunt:
1025 4951 1082 5016 εἰ
1126 4951 1203 5017 τὸ
1249 4950 1409 5017 οἶςιν
1454 4951 1544 5018 εἰς
1590 4952 1896 5020 ςύνθετον
1942 4948 2508 5034 μεταλαμβάνεται,
2552 4953 2629 5018 τὸ
2676 4951 2844 5033 ῥῆμα
2889 4950 2960 5016 ἐκ
2994 4954 3107 5030 τῆς
3142 4970 3313 5027 γενι·
