3738 5530
1384 380 1613 436 Aul-:91
1647 380 2082 436 Anvssamvu
2121 379 2267 439 EST.
3004 380 3125 447 145

441 616 490 654 ιο
540 587 778 669 Ἀττικὴ
837 586 1035 671 ἄνεῳ.
1089 625 1169 635 -
1236 589 1400 653 Ἔςτι
1457 589 1556 655 καὶ
1613 588 1823 655 οὕτως
1890 590 2108 670 φάναι.
2181 590 2358 668 παρὰ
2415 588 2660 668 ῥήματα
2719 588 3121 654 ἀποτελεῖται

540 690 828 771 ὀνόματα
872 690 959 755 είς
1004 696 1087 755 δῖ
1133 692 1433 770 λήγοντα,
1478 692 1693 769 τρίτην
1738 691 1871 756 ἀπὸ
1915 692 2143 759 τέλους
2189 691 2428 770 ἔχοντα
2471 693 2587 770 τὴν
2629 690 2864 768 ὀξεῖαν,
2911 696 3121 772 φοιτῶ

538 792 916 873 νεόφοιτος,
987 796 1164 868 μυκῶ
1222 792 1545 872 ἐρίμυκος,
1615 792 1795 858 αὐδῶ
1851 792 2153 858 ἄναυδος.
2237 793 2410 857 οὕτω
2466 795 2568 858 καὶ
2620 794 2796 872 παρὰ
2853 795 2928 857 τὸ
2957 794 3121 863 ,αὔω

422 913 429 917 ·
538 892 813 977 ἄναυος,
880 895 981 959 καὶ
1033 895 1312 974 ἐλλείψει
1368 899 1485 959 τοῦ
1544 900 1580 959 ὖ
1638 895 1857 961 ἄναος.
1949 895 2074 976 ἀφ’
2132 893 2210 958 οὗ
2268 895 2343 958 τὸ
2398 895 2676 959 Ἀττικὸν
2734 893 2973 978 ἄνεως,
3033 896 3124 960 ὡς

440 1022 487 1060 ιιι
540 996 873 1061 Μενέλαος
934 996 1295 1062 Μενέλεως.
1367 1034 1443 1043 -
1513 998 1655 1062 Ὅτι
1722 1000 1835 1076 μὲν
1905 995 2023 1061 οὖν
2090 997 2354 1061 δύναται
2421 995 2630 1075 ὄνομα
2692 998 3124 1075 πληθυντικὸν
3160 1009 3218 1081 5x

464 1153 477 1160 -
537 1095 736 1179 εἶναι,
789 1100 986 1178 ςαφὲς
1042 1098 1354 1163 ἐντεῦθεν.
1425 1099 1590 1165 ἀλλὰ
1646 1101 1877 1176 δῆλον,
1939 1100 2028 1162 ὡς
2072 1099 2171 1162 καὶ
2215 1098 2597 1181 Ἀριστάρχῳ
2642 1099 2747 1162 καὶ
2801 1101 2934 1161 τοῖς
2990 1099 3122 1162 ἀπὸ

536 1204 647 1278 τῆς
680 1199 1090 1279 Ἀριςτάρχου
1121 1203 1352 1278 ςχολῆς
1399 1203 1754 1283 ςυνήρεςκε,
1801 1202 1876 1265 τὸ
1921 1203 2001 1279 μὴ
2050 1202 2295 1278 μᾶλλον
2342 1197 2553 1277 ὄνομα
2596 1200 2987 1280 ἐκδέχεςθαι,
3033 1199 3125 1263 ὡς

536 1301 850 1381 ἐπίρρημα
904 1304 975 1367 δὲ
1032 1302 1103 1366 ἐκ
1156 1307 1272 1368 τοῦ
1326 1302 1471 1367 καθ’
1528 1302 1644 1366 ἕνα
1699 1302 2119 1381 ςχηματιςμὸν
2175 1301 2546 1379 ἐκφέρεςθαι
2603 1304 2705 1365 καὶ
2760 1302 2861 1366 ἐπὶ
2917 1302 3124 1378 ἑνικῆς

433 1428 487 1468 20
538 1402 806 1481 ςχέςεως
871 1405 972 1467 καὶ
1035 1405 1137 1467 ἐπὶ
1200 1406 1623 1483 πληθυντικῆς
1688 1403 2318 1485 παραλαμβάνεςθαι,
2394 1402 2556 1481 ὅπερ
2630 1404 2709 1468 ού
2778 1404 3124 1481 παρείπετο

537 1503 806 1585 ὀνόμαςι
852 1504 978 1587 [καὶ
1021 1506 1252 1581 γένους
1297 1508 1377 1585 μὴ
1423 1505 1588 1571 εἶναι
1633 1504 2064 1587 διακριτικόν].
2113 1541 2194 1551 -
2245 1505 2370 1569 ἔςτι
2414 1507 2486 1569 δέ
2531 1526 2661 1570 που
2706 1506 2808 1569 καὶ
2853 1505 2958 1570 ἐπὶ
3002 1505 3125 1570 ἑνι-
3166 1520 3228 1567 ιο

537 1609 650 1684 κῆς
695 1607 978 1687 ἐκφορᾶς
1022 1606 1099 1671 τὸ
1144 1613 1480 1691 τοιοῦτον,

791 1708 829 1786 ἡ
874 1708 943 1771 δ’
987 1706 1159 1791 ἄνεῳ
1200 1711 1318 1788 δὴν
1363 1708 1517 1787 ἧςτο
1561 1708 1641 1791 (ψ
1689 1708 1823 1792 93).

432 1835 486 1875 2⁵
536 1811 641 1874 καὶ
684 1813 882 1891 ςαφὲς
926 1811 1056 1891 ὅτι,
1117 1811 1171 1875 εἰ
1216 1812 1431 1890 δοθείη
1477 1810 1515 1888 ἡ
1560 1813 1779 1891 γραφὴ
1828 1811 1941 1876 ςύν
1986 1817 2077 1894 τῷ
2122 1816 2186 1887 Ε,
2242 1811 2458 1890 δοθείη
2516 1811 2596 1875 ἂν
2641 1813 2744 1876 καὶ
2785 1813 2861 1877 τὸ
2918 1811 3128 1892 ὄνομα

537 1910 702 1977 εἶναι
755 1913 832 1976 τὸ
885 1912 1123 1977 ἄνεως·
1180 1912 1234 1977 εἰ
1294 1914 1364 1978 δὲ
1418 1913 1684 1992 μηδεμία
1741 1913 2058 1978 ἀπόδειξίς
2113 1913 2239 1976 ἐςτι
2292 1915 2406 1989 τῆς
2461 1918 2577 1977 τοῦ
2621 1916 2655 1977 ἒ
2711 1915 3127 1993 προςθέςεως,

537 2013 905 2094 ὁμολόγως,
960 2014 1049 2078 ὡς
1094 2014 1449 2097 πρόκειται,
1506 2014 1672 2080 ἐςτὶν
1719 2014 2054 2094 ἐπίρρημα.
2110 2050 2188 2061 ——
2251 2014 2377 2078 ἔςτι
2433 2015 2651 2093 μέντοι
2695 2036 2767 2091 γε
2812 2016 3125 2094 ἐπικρῖναι
3168 2030 3229 2076 15

536 2117 613 2179 τὸ
659 2120 860 2196 ςχῆμα
902 2122 992 2198 τῷ
1036 2118 1155 2179 τοῦ
1201 2114 1521 2194 ὀνόματος
1565 2121 1862 2199 μεριςμῷ,
1908 2116 2048 2179 ἐπεὶ
2091 2114 2518 2197 ἀντικείςεται,
2566 2115 2654 2181 ὼς
2687 2116 3126 2198 ἀκριβέςτερον

430 2241 485 2280 ³0
537 2216 610 2282 ἐν
663 2221 798 2282 τοῖς
853 2217 995 2295 ἑξῆς
1050 2217 1423 2300 δεδείξεται,
1488 2218 1563 2281 τὸ
1620 2219 1701 2296 μὴ
1758 2217 1844 2281 εἰς
1904 2221 1957 2280 ‹T›
2014 2220 2439 2295 περατοῦςθαι
2493 2220 2573 2281 τὰ
2628 2218 2760 2282 ἀπὸ
2815 2223 3125 2296 τριγενῶν

539 2318 908 2397 ὀνομάτων,
972 2318 1104 2384 ἀπὸ
1169 2319 1239 2383 δὲ
1295 2322 1696 2397 μονογενῶν.
1777 2319 1856 2382 οὐ
1913 2321 2037 2397 γὰρ
2093 2320 2171 2396 δή
2225 2338 2298 2394 γε
2354 2325 2447 2403 τῷ
2507 2320 2699 2399 φίλος
2757 2319 3125 2398 παράκειται

539 2420 850 2501 ἐπίρρημα
894 2421 981 2486 εἰς
1028 2428 1081 2486 ω
1128 2421 1633 2503 περατούμενον,
1680 2420 1770 2485 ἐἰς
1814 2421 1885 2484 δὲ
1932 2422 2042 2503 ῶὶ,
2090 2419 2188 2483 καὶ
2236 2467 2249 2481 .
2296 2469 2309 2483 .
2358 2467 2374 2482 .
2424 2470 2436 2482 .
2482 2422 2583 2485 καὶ
2627 2421 2699 2484 ἐν
2742 2425 2881 2486 τοῖς
2910 2422 3125 2487 τοιού-

396 2544 500 2593 556
534 2542 703 2586 τοις·
747 2529 841 2603 τῷ
887 2523 1107 2604 μέντοι
1151 2522 1362 2597 τόνος,
1408 2526 1751 2600 μονογενεῖ
1793 2521 1955 2604 ὄντι,
1999 2521 2370 2599 παράκειται
2413 2523 2488 2585 τὸ
2533 2522 2722 2606 τόνῳ.
2783 2522 2970 2601 εἴπερ·
3006 2521 3125 2586 οὖν
3164 2535 3230 2583 20

536 2624 641 2687 καὶ
682 2625 756 2687 τὸ
803 2624 1033 2707 ἄνεως,
1078 2625 1149 2689 ἐκ
1193 2628 1414 2690 κοινοῦ
1458 2624 1731 2699 γεγονὸς
1776 2627 1895 2689 τοῦ
1940 2621 2144 2688 ἄναος
2189 2623 2227 2701 ἢ
2272 2621 2474 2705 ἄνιος,
2523 2624 2888 2689 ἐπιθετικῶς
2924 2643 3126 2702 παρα-

538 2727 1026 2807 λαμβανόμενον
1084 2726 1453 2805 παράκειται
1511 2727 1909 2807 ἐπιρρήματι,
1970 2727 2167 2806 ςαφὲς
2222 2724 2319 2790 ὅτι
2379 2724 2499 2791 οὐκ
2555 2724 2644 2791 εἰς
2701 2732 2754 2791 ω
2811 2725 3126 2805 περατού-

535 2848 765 2910 μενον,
824 2828 911 2893 εἰς
957 2831 1028 2894 δὲ
1074 2833 1183 2892 ως.
1255 2829 1594 2894 δεδείξεται
1638 2831 1796 2912 γάρ,
1855 2826 1947 2892 ὡς
1992 2828 2194 2910 ἔφην,
2247 2829 2347 2892 καὶ
2392 2828 2463 2891 ἐν
2509 2831 2646 2892 τοῖς
2692 2830 2865 2911 ἑξῆς,
2911 2828 3001 2893 ὡς
3045 2827 3126 2891 οὐ

457 2958 485 2996 5
533 2932 674 2994 τοῖς
714 2932 1035 2996 τοιούτοις
1079 2932 1274 2996 πάλιν
1329 2932 1673 3010 τριγενέςιν
1720 2930 1855 2995 οὖςι
1903 2930 2274 3008 παράκειται
2331 2929 2644 3008 ἐπίρρημα
2688 2929 2775 2994 εἰς
2821 2935 2875 2993 fs]
2931 2950 3126 3008 περα-

533 3030 880 3108 τούμενον,
927 3033 1254 3112 ἀνώτερος
1300 3033 1636 3112 ἀνωτέρω,
1683 3033 1997 3112 ἑςώτερος
2040 3032 2348 3111 ἐςωτέρω.
3161 3045 3225 3091 25

671 3283 888 3342 Anava.
981 3292 1004 3338 l
1060 3285 1279 3341 Poteris
1333 3285 1503 3340 etiam
1559 3286 1636 3339 nic
1691 3286 1970 3340 statuere:
2028 3284 2098 3337 ab
2146 3286 2270 3339 αὔω
2318 3284 2609 3339 derivatur
2654 3286 2924 3344 ᾰν-αυος,
2979 3284 3125 3338 unde

539 3369 711 3423 ἄναος
755 3371 816 3424 et
850 3370 1020 3424 attice
1057 3371 1265 3435 ἄνεως,
1313 3370 1471 3423 cuius
1506 3370 1647 3423 illud
1684 3372 1771 3424 est
1804 3369 2041 3438 plurale.
2081 3399 2138 3407 —
2180 3376 2211 3423 8
2260 3368 2468 3424 Contra.
2501 3369 2843 3423 Aristarchei
2889 3386 2991 3439 pro
3030 3369 3125 3423 ad-

540 3454 729 3508 verbio
775 3453 1121 3519 habuerunt,
1168 3454 1317 3523 quod
1363 3454 1445 3507 ita
1487 3454 1554 3506 ut
1598 3453 1929 3508 adverbium
1978 3456 2291 3522 usurpetur.
2375 3455 2676 3519 Quaeritur
2719 3456 2934 3519 autem,
2990 3469 3126 3522 quo-

540 3538 704 3593 modo
741 3539 1071 3593 adverbium
1108 3538 1251 3592 illud
1287 3539 1499 3592 factum
1537 3539 1625 3594 sit.
1686 3538 1831 3591 Nam
1869 3540 1936 3592 ut
1971 3541 2150 3592 ἄνεω(
2188 3537 2492 3591 exstiterit:
2530 3555 2598 3591 ex
2636 3554 2703 3592 eo
2729 3535 2918 3592 famen
2943 3540 3126 3591 ortum

541 3640 661 3677 esse
696 3639 808 3678 non
843 3625 1058 3694 potest:
1107 3639 1238 3677 nam
1273 3623 1332 3677 in
1367 3629 1476 3690 ωδ,
1513 3639 1625 3677 non
1660 3624 1720 3676 in
1756 3629 1807 3677 ὦ
1843 3623 2039 3678 exiret.

669 3861 858 3919 Βιεοιι.
898 3880 1103 3919 sempr.
1179 3868 1223 3916 1.
1259 3878 1432 3917 ανεωι
1470 3865 1513 3918 Α
1580 3865 1588 3928 Ι
1654 3868 1820 3915 2-3.
1867 3860 2220 3932 ‘Legendum
2256 3866 2440 3927 φοιτῶ
2487 3862 2807 3926 νεόφοιτος’
2843 3861 2881 3913 b
2917 3861 2975 3913 in
3011 3876 3126 3914 var.

535 3945 690 4013 lect„
746 3963 932 4012 φοιτω
988 3964 1269 4014 νεοφυτος
1325 3949 1398 4013 Α,
1455 3949 1588 4013 φύω
1647 3950 1931 4013 νεόφυτος
1986 3946 2023 3999 b
2077 3946 2132 3998 in
2189 3947 2348 3998 textu
2414 3946 2423 4010 Ι
2487 3951 2538 4000 6.
2593 3950 2713 3999 τοῖς
2764 3945 2827 4013 b,
2874 3962 2977 4013 της
3023 3946 3065 3999 Α
3115 3947 3121 4014 Ι

537 4036 585 4084 7.
622 4033 946 4100 (ςυνήρεςκε
983 4034 1054 4087 τὸ
1089 4032 1306 4085 malim’
1344 4033 1380 4084 b
1417 4031 1475 4084 in
1512 4048 1628 4089 var.
1663 4031 1819 4096 lect„
1855 4033 2225 4098 ςυνηρέςκετο
2263 4029 2354 4082 Ab
2391 4029 2446 4082 in
2484 4031 2644 4082 textu
2690 4033 2700 4095 1
2753 4034 2800 4083 9.
2839 4033 3126 4097 παραλαμ-

536 4115 796 4180 βάνεςθαι
830 4115 1220 4182 RSkrzeczka,
1275 4117 1745 4184 παραλαμβάνετο
1783 4117 1875 4171 Ab
1910 4116 1970 4168 in
2004 4117 2194 4180 textu,
2254 4122 2348 4167 ‘ea
2381 4130 2489 4168 vox
2527 4113 2771 4168 delenda.
2806 4113 3051 4167 videtur’
3089 4115 3125 4167 b

533 4199 591 4251 in
629 4216 746 4255 var.
785 4201 913 4258 leci.
940 4203 946 4268 1
980 4207 1056 4255 10.
1084 4205 1174 4255 καὶ
1202 4231 1261 4240 -—
1290 4203 1634 4269 διακριτικὸν
1670 4200 1886 4254 delevit
1912 4200 2266 4254 RSchneider
2294 4200 2301 4271 Ι
2336 4205 2412 4255 13.
2443 4207 2538 4252 ‘an
2565 4204 2659 4254 {v
2688 4198 2723 4251 b
2748 4199 2806 4251 in
2833 4214 2946 4254 var.
2974 4199 3088 4253 lect
3109 4237 3123 4264 ,

535 4284 684 4352 quod
709 4284 915 4355 probat
940 4284 1413 4352 GFSchoemann,
1450 4288 1472 4340 ‘i
1496 4286 1588 4340 Ab
1614 4285 1669 4339 in
1696 4286 1855 4339 textu
1889 4287 1898 4352 Ι
1933 4290 2009 4338 18.
2035 4287 2164 4353 post
2188 4301 2515 4353 παρακειται
2541 4283 2636 4338 fol.
2665 4290 2760 4336 124
2785 4300 2836 4335 v.
2862 4285 2868 4350 Ι
2903 4289 2978 4336 19.
2998 4285 3128 4352 post

534 4370 688 4437 prius
712 4371 804 4423 καὶ
828 4370 1177 4425 intercidisse
1202 4371 1320 4424 fere
1345 4370 1485 4425 haec
1518 4372 1644 4439 (τῷ
1672 4371 1900 4435 εὐςεβὴς
1928 4373 2015 4423 καὶ
2043 4377 2127 4437 τῷ
2154 4372 2366 4439 ταχύς)
2391 4369 2706 4437 suspicatur
2729 4367 3087 4421 RSchneider
3115 4405 3119 4434 ‚

533 4458 615 4507 20.
650 4459 736 4521 τῷ
774 4456 962 4520 μέντοι
1001 4455 1061 4521 b,
1098 4473 1167 4510 το
1204 4472 1398 4522 μεντοι
1435 4457 1477 4510 Α
1532 4458 1542 4522 Ι
1596 4462 1677 4508 21.
1718 4471 1806 4508 και
1842 4470 1912 4508 το
1947 4470 2131 4508 ανεως
2168 4456 2238 4519 Α,
2277 4457 2369 4507 καὶ
2405 4456 2473 4506 τὸ
2508 4454 2662 4520 ἄνεῳ
2703 4451 2766 4514 b,
2816 4458 2901 4518 τῷ
2939 4452 3122 4506 ἄνεως

536 4535 899 4593 BSkrzeczka
935 4538 1378 4595 GFSchoemann
1432 4542 1441 4608 Ι
1493 4541 1731 4607 γεγονός
1769 4539 1891 4604 Ab,
1931 4541 2197 4605 γεγονότι
2233 4537 2595 4592 RSkrzeczka
2630 4535 3071 4590 GFSchoemann
3114 4539 3120 4603 1

538 4626 771 4675 21-22,
815 4627 1399 4692 παραλαμβανόμενον
1439 4626 1557 4691 Ab,
1614 4626 2177 4692 παραλαμβανομένῳ
2225 4622 2590 4677 RSkrzeczka
2625 4620 3073 4690 GFQhoemann
3114 4623 3119 4688 Ι

538 4710 617 4759 22.
653 4707 988 4776 ἐπιρρήματι
1026 4708 1251 4780 GUhlig
1287 4710 1667 4776 RSchneider‚
1709 4709 1989 4777 ἐπίρρημα
2024 4727 2077 4763 τι
2104 4709 2201 4765 Ab
2237 4705 2600 4762 RSkrzeczka
2636 4704 3084 4760 GFSchoemann
3115 4747 3120 4774 ,

538 4794 751 4846 22-23.
790 4793 868 4847 εἰς
907 4801 953 4847 iij
992 4798 1422 4862 περατούμενον
1459 4795 1577 4862 Αἱ),
1618 4797 1695 4851 εἰς
1733 4801 1813 4849 ως
1848 4796 2278 4861 περατούμενον
2314 4791 2758 4846 GFSchoemann
2789 4794 2800 4860 Ι
2830 4798 2911 4846 23.
2950 4791 3028 4846 εἰς
3064 4792 3126 4844 δὲ

538 4881 620 4929 ῖυῗ
656 4878 773 4943 Ab,
811 4879 890 4932 είς
926 4881 987 4934 δὲ
1022 4883 1072 4935 ὦ
1111 4878 1557 4935 GFSchoemann
1589 4883 1598 4947 1
1629 4881 1697 4934 οὐ
1736 4878 1985 4949 GUhlig,
2023 4880 2095 4933 αὖ
2132 4878 2225 4934 Ab

637 4972 913 5021 Apononiu·
938 4975 1174 5027 Dyscolum
1210 4976 1248 5017 1.
2657 4972 2718 5020 ¹0
