3738 5530
627 334 732 413 ,94
817 333 1259 391 Commentarius
1289 334 1514 390 criticus
1543 336 1602 389 et
1628 332 1949 406 exegeticus
1978 332 2039 388 in
2065 332 2355 405 Apollonii
2383 331 2612 403 Dyscoli
2640 334 2854 404 scripta
2881 332 3114 389 minora.

648 508 872 581 71,11.
926 506 1194 579 115,13.
1249 537 1323 547 -—-
1374 500 1561 565 Πᾶεα
1615 501 1829 578 γενικὴ
1887 500 2012 583 <ἢ>
2068 500 2171 565 ἐπὶ
2227 499 2488 580 πρᾶγμά
2533 520 2591 564 τι
2648 500 2915 579 φέρεται
2955 551 2967 563 .
3008 550 3020 564 .
3067 500 3107 578 ἢ
3157 499 3260 564 ἐπί

642 613 700 655 τι
748 595 951 670 κτῆμα
996 595 1274 674 Egenolff
1302 594 1345 653 J.
1372 596 1495 654 841
1548 599 1610 653 et
1654 594 1935 654 Hoersch.
1976 596 2123 669 376,
2168 598 2343 654 recte.

825 686 927 760 68,
953 689 982 743 1
1045 679 1163 745 κάν
1225 684 1457 744 servavi
1505 703 1636 745 meo
1684 685 1826 760 iure,
1873 703 2013 744 nam
2060 684 2240 743 etiam
2285 704 2452 761 pron.
2504 685 2667 760 32‚4
2717 686 2809 743 est
2853 681 3259 757 παρακολου-

644 774 778 835 Θεῖν
826 770 922 845 ἐν;
979 776 1047 833 ut
1091 775 1142 834 is
1187 774 1350 833 locus
1398 776 1555 852 fugit
1600 774 1855 833 Bekkeri
1903 774 2257 847 sollertiam,
2317 774 2406 833 its.
2452 774 2636 833 elium
2683 773 2857 831 affert
2901 775 3055 849 synt.
3099 775 3154 848 6,
3178 775 3256 830 27

642 860 1096 939 παρεπόμενον
1152 857 1590 939 ὑπολαμβάνω
1646 857 1765 923 κάν
1820 863 1958 924 τοῖς
2014 858 2259 934 λόγοιες
2315 866 2622 940 praeterea.
2677 863 3011 940 comparari
3065 864 3262 940 potest

643 953 847 1012 eadem
905 953 1283 1013 construendi
1340 954 1497 1013 ratio
1558 947 1878 1013 ευντάεεω
1939 947 2319 1027 παράκειμαι
2375 954 2505 1013 sim.
2552 953 2899 1028 verborum3
2961 952 3038 1012 sd
3097 955 3154 1028 3,
3178 953 3257 1010 16

649 1045 852 1117 —193
897 1042 1016 1102 ind.

823 1132 1115 1208 68‚3--9
1164 1133 1236 1191 cf.
1276 1131 1456 1193 Prisc.
1496 1131 1645 1191 XIII
1686 1133 1764 1190 27
1815 1152 1871 1209 p.
1917 1133 2275 1206 18,6—11.

823 1222 924 1296 68,
945 1224 985 1280 4
1034 1221 1467 1282 Wachsmuthii
1535 1222 1875 1282 coniectura.
1937 1222 2179 1299 probari
2241 1240 2363 1282 non
2425 1223 2651 1298 potest3
2717 1216 2914 1296 αὐτῆ(
2961 1222 2997 1279 i.
3038 1241 3084 1280 e.
3134 1222 3260 1281 eius

643 1305 1045 1385 ἀντωνυμία(
1091 1310 1165 1371 de
1211 1331 1330 1388 qus.
1375 1312 1430 1370 h.
1470 1312 1506 1370 l.
1558 1313 1783 1390 agitur:
1832 1306 2129 1385 ἐμαυτοῦ.

824 1400 1119 1475 Tryphoni
1167 1403 1342 1474 iqitur
1385 1418 1504 1461 non
1544 1403 1897 1460 assentimur
1932 1402 2159 1469 dicenti,
2209 1396 2539 1475 ἐμαυτοῦ
2576 1402 2678 1461 ubi
2713 1401 3030 1460 articulum
3064 1417 3255 1460 secum

638 1490 847 1548 habeat
893 1494 945 1547 et
978 1492 1302 1563 possessive
1347 1495 1686 1565 usurpetur,
1751 1508 1884 1551 cum
1944 1486 2126 1564 ἐμοῦ
2168 1493 2426 1565 yenetico
2461 1493 2779 1564 possessivi
2815 1508 2989 1565 pron.
3038 1508 3258 1565 compo-

640 1582 817 1638 situm
862 1595 1015 1651 esse‚·
1061 1583 1383 1654 ceteroquin
1429 1599 1560 1640 cwm
1597 1576 1780 1654 ἐμοῦ
1808 1582 2129 1654 primitivo.
2207 1580 2368 1639 Nam
2400 1583 2726 1654 pendit-um
2753 1583 3044 1654 primitivi
3080 1597 3262 1654 usque

639 1671 826 1727 inesse
891 1671 1062 1728 etiam
1124 1670 1263 1729 aliis
1316 1672 1674 1746 aryumentis
1727 1671 2116 1729 demonstran
2159 1673 2361 1744 potest.
2454 1670 2521 1743 a)
2572 1668 2722 1730 Cum
2757 1672 3087 1744 possessivo
3123 1686 3260 1744 pos·

639 1775 862 1818 sessum
903 1760 1148 1831 fleoeione
1192 1763 1470 1833 conyruit,
1518 1776 1649 1819 cum
1680 1762 1939 1835 yenetivo
1965 1761 2321 1834 possessoris
2355 1776 2474 1818 non
2511 1763 2806 1834 confinia·
2848 1777 2955 1818 nec
2999 1763 3261 1833 congruit

642 1866 774 1908 cum
837 1843 1186 1922 ἐμαυτοῦ.
1259 1882 1333 1891 —-
1403 1850 1465 1925 b)
1513 1846 1767 1908 Articuli
1816 1851 2144 1923 praepositi
2187 1866 2307 1908 non
2351 1854 2672 1922 sequuntur
2714 1851 2972 1922 formam
3011 1851 3258 1924 amomi

632 1940 1014 2012 possessoris,
1077 1944 1399 2012 sequuntur
1451 1941 1706 2013 formam
1748 1941 2097 2013 possessivi:
2161 1956 2293 1998 cum
2340 1934 2671 2013 ἐμαυτοῦ
2720 1941 2908 1998 onmis
2953 1956 3127 1998 casus
3165 1956 3259 2011 ‚qe-

640 2030 802 2086 neris
843 2030 1074 2087 numeri
1118 2029 1402 2088 articulus
1448 2030 1833 2103 coniumitur.
1888 2061 1962 2070 —
2033 2028 2088 2101 c)
2147 2029 2264 2089 Ubi
2305 2031 2601 2102 qoud-ivus
2649 2033 2730 2087 est
2763 2031 3098 2103 possessivi,
3145 2030 3260 2086 duo

642 2120 967 2192 coyitantur
1002 2134 1310 2192 possessa;
1353 2119 1455 2177 ubi
1502 2114 1832 2193 ἐμαυτοῦ
1868 2120 2133 2192 ponitur,
2180 2136 2365 2177 unum
2404 2119 2506 2193 68,
2532 2119 2812 2193 10-69,
2835 2119 2891 2176 5.
2968 2116 3053 2176 Cf.
3093 2137 3257 2195 pron.

648 2208 850 2282 101,ss
882 2224 967 2284 sq.
1022 2209 1269 2283 11:3‚17
1301 2227 1416 2284 sq.3
1461 2210 1615 2285 synt.
1670 2206 1937 2283 16'2,12.
1992 2201 2691 2287 169‚25-172‚17*);
2756 2226 2890 2267 cum
2937 2207 3259 2284 Apollonio

640 2299 972 2357 consentire
1018 2296 1251 2357 videtur
1296 2297 1671 2358 Herodianus
1717 2298 1747 2356 I
1786 2299 1932 2357 477.

822 2387 925 2461 68,
949 2388 1028 2445 15
1078 2386 1217 2446 ταῖς
1262 2386 1576 2462 κτητικαῖε
1621 2382 1702 2447 τὰ
1747 2382 2206 2461 ὑπακουόμενα
2252 2381 2676 2465 ὁμοιόεχημα]
2723 2406 2889 2463 pron.
2936 2389 3081 2462 101,
3106 2389 3140 2445 7
3196 2383 3261 2446 αἱ

640 2472 921 2550 κτητικαὶ
974 2474 1105 2537 τῶν
1165 2471 1589 2551 ἀντωνυμιῶν
1650 2472 1739 2537 εἰ(
1804 2474 2061 2551 γενικὴν
2126 2471 2581 2550 ἐγκλινομένην
2645 2469 3037 2537 ἀναλύονται
3101 2473 3260 2551 μετὰ

639 2563 758 2626 τοῦ
804 2561 1393 2641 ὑπακουομένου
1440 2562 1834 2640 κτήματος.
1926 2566 2003 2625 ib.
2049 2567 2298 2641 101‚13
2356 2562 2548 2625 παντὶ
2594 2567 2863 2646 κτητικῷ
2920 2562 3005 2626 τὸ
3068 2561 3256 2626 ὑπα-

641 2650 1068 2730 κουόμενον
1124 2654 1362 2731 κτῆμα
1409 2650 1838 2730 ὁμοιόεχημόν
1888 2651 2054 2716 ἐςτιν
2083 2702 2096 2714 .
2128 2702 2141 2715 .
2179 2656 2395 2734 γενικῇ
2453 2650 2671 2729 μέντοι
2719 2654 2930 2730 κτῆειν
2977 2651 3254 2735 δηλούεῃ

641 2739 836 2805 πάλιν
890 2741 967 2806 τὸ
1023 2741 1517 2820 ὑπακουόμενον
1571 2744 1775 2820 κτῆμα
1831 2739 2251 2821 ἀδιάφορον.
2293 2792 2305 2805 .
2344 2792 2356 2805 .
2451 2740 2552 2805 διὸ
2609 2740 2712 2805 καὶ
2767 2741 2848 2805 τὰ
2894 2745 3259 2820 κτητικῶε

641 2830 1185 2909 ὑπακουόμενα
1250 2831 1365 2895 ἐὰν
1431 2832 1510 2910 μὴ
1577 2831 1904 2910 ὁμοιοειδῆ
1970 2830 2286 2915 τυγχάνῃ,
2352 2829 2503 2895 οὔτε
2568 2832 2821 2910 κτητικὴ
2891 2830 3259 2910 ἀντωνυμία

640 2920 1207 3000 παραλαμβάνεται
1254 2919 1405 2985 οὔτε
1452 2920 1744 3000 κτητικὸν
1790 2918 2023 2999 ὄνομα,
2081 2921 2295 2998 γενικὴ
2343 2919 2433 2984 δέ.
2515 2925 2786 3001 Apparet
2831 2920 3256 2986 ὑπακούεεθαι

642 3031 767 3074 esse
821 3016 1126 3091 passivum
1171 3014 1337 3074 verbi
1393 3009 1821 3089 ὑπαγορεύειν
1869 3005 2053 3095 (synt.
2100 3016 2244 3088 171,
2267 3015 2348 3073 23
2397 3010 2478 3073 τὰ
2532 3010 2942 3089 παραπλήεια
2988 3011 3067 3076 οὐ
3115 3014 3255 3088 κτῆ-

641 3118 736 3162 ειν
780 3095 1331 3182 ὑπαγορεύοντα),
1387 3103 1719 3181 significare
1772 3104 1961 3181 igitur
2006 3097 2321 3163 ‘indicari'.
2413 3103 2626 3179 Itaque
2680 3105 2750 3162 cl.
2797 3123 2963 3180 pron.
3010 3106 3151 3179 101,
3177 3106 3254 3162 13

639 3193 815 3253 facile
861 3192 1209 3252 adducimur
1263 3195 1333 3252 ut
1375 3195 1677 3270 putemus,
1732 3192 2044 3271 legendum
2094 3210 2219 3252 esse
2264 3192 2319 3250 h.
2357 3192 2395 3251 1.
2444 3188 2526 3252 τὰ
2570 3188 3027 3267 ὑπακουόμενα
3070 3190 3255 3271 (κτή-

641 3278 878 3360 ματα>;
938 3281 1041 3342 sed
1088 3300 1223 3341 curn
1267 3284 1734 3359 possessivorum
1779 3283 1860 3342 sit
1903 3284 2195 3360 imprimis
2242 3278 2528 3357 κτήματα
2571 3281 2860 3358 indicare,
2905 3283 3018 3342 hoc
3063 3285 3256 3342 mente

640 3371 968 3447 suppletur.

821 3461 1027 3535 68,22
1066 3459 1277 3534 κτῆειν
1315 3457 1653 3535 εημαίνειν,
1691 3464 1763 3521 ut
1791 3462 1894 3536 68,
1919 3464 1993 3520 11
2030 3460 2235 3536 κτῆμα
2262 3457 2600 3536 εημαίνειν,
2639 3463 2793 3537 synt.
2831 3441 3081 3530 171,’23
3112 3460 3253 3535 κτῆ-

641 3565 735 3610 ειν
772 3544 1219 3624 ὑπαγορεύειν,
1268 3546 1371 3610 ἐπὶ
1407 3549 1613 3624 κτῆμα
1648 3546 1952 3625 φέρεεθαι
1990 3570 2157 3629 pron.
2199 3552 2301 3627 68,
2326 3553 2391 3626 ⁷3
2438 3553 2590 3627 synt.
2626 3554 2772 3626 170,
2797 3553 2894 3611 18.
2940 3553 3145 3626 171,4
3185 3552 3255 3610 de

640 3641 972 3716 possessivo
1019 3640 1115 3700 vel
1160 3639 1233 3698 de
1270 3641 1545 3718 genetivo
1583 3643 1913 3718 possessive
1951 3639 2218 3700 adhibito
2257 3633 2562 3723 (genetivo
2598 3633 2984 3721 possessoris)
3023 3641 3253 3700 dicitur.

821 3730 923 3804 68,
946 3730 1028 3789 28
1076 3726 1290 3803 γενικὴ
1338 3725 1580 3808 κητική]
1637 3727 1852 3804 γενικὴ
1900 3729 2189 3804 κτητικῆς
2235 3730 2515 3790 Hoersch.
2567 3731 2694 3790 375
2743 3731 3109 3805 emendavit,
3166 3730 3254 3788 id-

642 3838 754 3894 que
801 3822 985 3878 recte:
1031 3815 1246 3892 γενικὴ
1294 3815 1546 3893 κτητική
1594 3822 1685 3879 est
1729 3822 2040 3897 genetivus
2085 3822 2175 3880 ita
2210 3821 2550 3899 usurpatus,
2597 3823 2667 3879 ut
2701 3821 2990 3896 possideri
3028 3820 3255 3896 aliquid

639 3907 886 3983 indicet,
931 3908 1027 3968 vel
1072 3909 1144 3967 ut
1187 3902 1615 3984 Ἀριετάρχου,
1662 3908 1814 3984 μοῦ;
1868 3909 1941 3967 de
1989 3929 2057 3969 eo
2103 3930 2243 3970 vero
2289 3910 2343 3968 h.
2383 3911 2420 3969 l.
2469 3929 2587 3969 non
2635 3914 2726 3969 est
2770 3929 2987 3986 seme,
3034 3909 3137 3970 sed
3183 3910 3256 3968 de

640 4000 916 4075 genetivo
958 3999 1323 4074 pronominis
1360 4001 1691 4075 possessivi.
1766 3998 1826 4057 Is
1863 3998 1967 4058 ubi
2004 4002 2263 4076 ponitur,
2311 3999 2428 4059 duo
2466 4001 2606 4059 sunt
2642 3995 2951 4074 κτήματα;
3001 3999 3254 4059 alterum

640 4089 902 4164 genetivi
954 4106 1122 4164 pron.
1169 4105 1321 4165 poss.
1370 4091 1486 4163 est,
1552 4088 1807 4149 alterum
1862 4092 2118 4148 nominis
2178 4092 2284 4166 qui
2328 4108 2463 4148 cum
2509 4108 2577 4148 eo
2624 4091 3016 4164 construitur3
3079 4092 3148 4149 ut
3191 4091 3255 4147 in

640 4177 732 4235 his
769 4175 887 4237 τοῦ
927 4172 1084 4252 ἐμοῦ
1123 4171 1327 4251 ἀγροῦ
1364 4174 1608 4253 καρπόε
1645 4197 1789 4255 ager
1823 4196 2024 4238 meum
2060 4177 2264 4253 κτῆμα
2301 4181 2408 4253 est,
2453 4179 2653 4257 fruges
2690 4182 2831 4237 sunt
2866 4178 3070 4253 κτῆμα
3108 4180 3251 4256 agri.

820 4267 982 4342 69‚3
1031 4267 1103 4326 of.
1150 4269 1305 4343 synt.
1358 4268 1973 4343 172‚25—173‚25.

821 4355 971 4415 Cum
1016 4358 1173 4415 omni
1212 4358 1487 4432 qenetivo,
1530 4359 1630 4431 qm·
1674 4356 1902 4430 aliquid
1937 4357 2229 4431 possideri
2271 4358 2510 4426 indicat,
2558 4360 2746 4417 omnis
2790 4375 2964 4418 casus
3001 4359 3258 4417 cuiusvis

634 4448 866 4520 ymen-is
910 4449 963 4505 et
994 4448 1227 4505 numeri
1262 4448 1533 4521 eoniunyi
1558 4450 1764 4520 potest,
1812 4463 1945 4505 cum
1991 4442 2325 4521 ἐμαυτοῦ
2374 4440 2732 4529 (possessive
2770 4439 3066 4529 adhibito)
3103 4466 3255 4507 mm-

639 4555 817 4610 quam
859 4537 1255 4595 nominativus
1298 4537 1683 4610 οοηὶιιηριῗΐων,
1729 4538 1968 4614 praeter
2012 4556 2148 4596 eum
2193 4539 2296 4614 qui
2341 4539 2405 4596 in
2452 4537 2630 4598 verbo
2676 4538 2842 4596 latet.
2939 4536 3126 4598 Cuius
3167 4539 3256 4597 rei

640 4642 825 4686 causa
866 4627 935 4685 in
967 4629 1247 4700 promptu
1292 4629 1389 4685 est.
1479 4624 1642 4684 Nam
1676 4626 2083 4698 refleoeivorum
2121 4644 2189 4685 ea
2228 4630 2308 4685 est
2341 4632 2580 4695 natura,
2625 4631 2690 4686 ut
2725 4629 2964 4687 verbum
3002 4628 3256 4688 eiusdem

630 4733 939 4790 personae,
987 4717 1156 4774 eteius
1192 4717 1329 4789 ipsa
1370 4717 1524 4794 sunt,
1567 4716 1681 4775 sibi
1728 4719 2036 4790 exposcant
2045 4736 2067 4787 ‚·
2109 4718 2314 4793 itaque
2359 4735 2466 4777 nec
2514 4713 2793 4792 ἐμαυτοῦ
2829 4736 2938 4776 nec
2984 4715 3254 4778 (εαυτοῦ

817 4921 865 4991 Ι’)
903 4924 1048 4991 synt.
1078 4925 1196 4986 170,
1218 4926 1287 4975 20
1326 4921 1597 4976 articulus
1633 4924 1670 4991 ἡ
1710 4924 1843 4977 ante
1881 4926 2109 4992 κτητικὴ
2149 4921 2420 4977 delendus
2457 4926 2569 4992 θεὴ,
2607 4924 2680 4979 ib.
2707 4930 2826 4995 171,
2849 4930 2916 4979 19
2952 4924 3255 4996 legendum

641 4993 729 5046 est
765 4993 826 5047 ἐν
860 5000 1052 5063 γενικῇ
1090 4995 1234 5064 μόνῃ
1270 5000 1342 5063 τῇ
1381 5000 1506 5062 μοο
1545 4993 1685 5067 (scil.
1724 4996 2062 5051 ὑπακούεταί
2097 5012 2151 5050 τι
2187 4996 2329 5050 κατὰ
2365 4999 2586 5068 κτῆειν).
