3738 5530
671 368 757 432 35
1606 367 1787 418 ΠΕΡΙ
1823 367 2325 419 ΑΝΤΩΝΤΜΙΑΣ.

1542 474 2070 525 p.44(30⁴)A7—47
2098 476 2386 525 (307)A2b

669 572 1052 649 κλινόμενον
1097 570 1464 645 ἐγκλιτικοῦ.
1549 572 1625 634 τὸ
1671 572 1787 650 μὲν
1842 571 1967 648 γὰρ
2025 570 2481 651 ἑγκλινόμενον
2537 569 2697 634 αὐτὸ
2755 570 2959 649 μόνον
3004 568 3263 649 κοιμίζει

667 677 783 754 τὴν
831 672 1074 749 ὀξεῖαν,

1086 774 1291 853 αὐτὰρ
1336 774 1463 851 ἐγὼ
1510 774 1609 838 καὶ
1652 774 1956 851 Τυδείδης
2003 776 2066 855 (δ
2111 772 2295 861 280)-

667 881 742 943 τὸ
810 879 867 943 δ’
933 878 1284 953 ἐγκλιτικὸν
1351 877 1507 956 μετὰ
1571 881 1692 941 τοῦ
1758 879 1874 942 τὸν
1939 876 2136 941 τόνον
2203 875 2666 956 ἀποςβεννύειν
2719 878 2823 941 καὶ
2872 878 2989 956 τὴν
3045 876 3261 959 <πρὸ>

601 993 633 1041 5
670 981 902 1046 ἑαυτοῦ
964 983 1225 1060 βαρεῖαν
1287 977 2125 1055 ὀξύνει,·Ἀπολλώνιός
2170 998 2331 1056 μοι,
2390 977 2757 1058 ἐτίμηςάς
2801 1000 2900 1057 με.
2946 1015 3030 1023 —-
3074 979 3252 1043 Ἀπό-
3291 994 3337 1047 Β

669 1086 846 1146 λυτοι
902 1081 965 1145 αἱ
1022 1080 1498 1158 ἐγκλινόμεναι,
1558 1080 1622 1143 αἱ
1677 1081 1748 1143 δὲ
1802 1080 1968 1159 πρός
2024 1101 2082 1144 τι
2139 1081 2209 1145 ἐν
2268 1079 2684 1158 ὀρθοτονήςει
2727 1081 3053 1163 λέγονται,
3119 1080 3258 1143 δὸς

667 1184 874 1263 ἐμοί,
922 1182 1039 1247 οὐκ
1084 1183 1605 1261 ἀναςτρέφοντος
1647 1185 1767 1246 τοῦ
1812 1182 2043 1257 λόγου·
2090 1180 2170 1245 οὐ
2213 1180 2335 1260 γὰρ
2381 1180 2440 1246 εἴ
2466 1203 2525 1245 τι
2555 1180 3016 1263 ὀρθοτονεῖται,
3060 1184 3256 1245 τοῦτο

665 1286 770 1350 καὶ
812 1286 976 1363 πρός
1018 1306 1093 1348 τι.
1180 1285 1257 1349 τὸ

1071 1386 1147 1450 ὃς
1193 1390 1359 1465 ςφῶι
1402 1388 1615 1463 προΐει
1662 1385 1741 1468 (Α
1785 1383 1940 1469 336)

574 1500 632 1549 ιο
668 1490 812 1554 κατ’
866 1488 1066 1569 ὀρθὸν
1111 1488 1345 1566 τόνον,
1402 1488 1504 1550 καὶ
1560 1488 1636 1552 τὸ
1694 1487 2062 1567 νοούμενον
2105 1488 2462 1554 ἀπόλυτον·
2513 1487 2657 1552 ἴςον
2709 1486 2833 1565 γάρ
2879 1486 3004 1552 ἐςτι
3047 1494 3139 1572 τῷ
3184 1488 3256 1552 ὃς

667 1591 842 1671 ὕμας.
886 1625 970 1635 —
1019 1589 1127 1653 Καὶ
1172 1590 1262 1655 ἔτι
1308 1588 1372 1652 αἱ
1416 1590 1531 1669 μὲν
1576 1589 2124 1669 όρθοτονούμεναι
2170 1589 2561 1670 ἀντωνυμίαι
2604 1589 2704 1652 καὶ
2735 1590 2878 1654 ἀντὶ
2909 1590 3256 1654 ςυνθέτων·

663 1694 740 1758 τὸ
785 1694 908 1772 γὰρ
3291 1690 3334 1743 C

1476 1793 1583 1875 ἐμὲ
1630 1793 1894 1874 λύςομαι
1941 1792 2019 1878 (Κ
2062 1791 2217 1878 378)

666 1896 810 1961 ἀντὶ
850 1899 967 1960 τοῦ
1013 1895 1287 1975 ἐμαυτόν
1332 1894 1432 1959 καὶ
1475 1894 1636 1977 <τό>

568 2008 629 2057 15
1070 1997 1109 2075 ἦ
1155 1996 1380 2073 ὀλίγον
1427 1996 1491 2061 οἷ
1533 2000 1735 2061 παῖδα
1781 1998 1852 2079 (Ε
1899 1996 2050 2081 800)

667 2099 808 2164 ἀντὶ
867 2102 986 2163 τοῦ
1042 2098 1280 2181 ἑαυτῷ·
1338 2099 1402 2164 αἱ
1455 2101 1528 2164 δὲ
1583 2098 2023 2178 ἐγκλινόμεναι
2078 2090 2414 2164 οὐδέποτε.
2483 2136 2558 2145 -
2631 2100 2745 2164 Καὶ
2787 2099 2851 2162 αἱ
2894 2099 3009 2179 μὲν
3055 2099 3253 2165 ςυντί-

666 2201 882 2267 θενταί
924 2219 1115 2283 ποτε,
1161 2200 1292 2280 ἐμὲ
1337 2198 1585 2266 αὐτόν
1631 2238 1708 2247 —-
1760 2200 2118 2280 ἐμαυτόν,

1070 2293 1647 2382 νόςτον·ἑταίροιςι
1692 2298 2027 2381 διζήμενος
2068 2302 2169 2381 ἠδ’
2212 2302 2355 2382 ἐμοὶ
2400 2303 2574 2387 αὐτῷ
2620 2304 2698 2383 (ψ
2743 2301 2894 2382 253)

664 2404 809 2471 ἀντὶ
849 2408 970 2469 τοῦ
1015 2404 1286 2488 ἐμαυτῷ.
1359 2404 1651 2484 μέγιςτον
1696 2405 1766 2469 δὲ
1811 2405 2148 2484 τεκμήριον
2191 2408 2311 2469 τοῦ
2354 2407 2470 2470 τὰς
2514 2403 3073 2484 ὀρθοτονουμένας
3105 2425 3246 2470 cuv·
3282 2424 3426 2474 45A

561 2518 628 2567 20
661 2508 934 2572 τίθεςθαι
999 2506 1039 2583 ἡ
1107 2509 1214 2572 διὰ
1277 2509 1397 2571 τοῦ
1441 2511 1491 2571 ἶ
1535 2507 1786 2586 γραφή·
1855 2505 1921 2571 αἱ
1978 2508 2102 2586 γὰρ
2159 2507 2597 2587 ἐγκλινόμεναι
2648 2510 2810 2572 κατὰ
2857 2509 2932 2571 τὸ
2990 2513 3252 2586 πρῶτον

659 2608 1013 2688 πρόςωπον
1058 2608 1260 2674 ἑνικαὶ
1301 2609 1377 2673 τὸ
1422 2611 1473 2671 ἶ
1518 2607 2022 2689 ἀποβάλλουςιν.
2109 2607 2326 2675 ἄλλως
2368 2630 2438 2674 τε
2483 2609 2806 2675 ἀδύνατόν
2851 2608 2976 2673 ἐςτι
3024 2609 3250 2688 μόριον

662 2709 1012 2792 ἐγκλιτικόν
1067 2709 1472 2777 ςυντίθεςθαι.
1569 2712 1731 2776 κατὰ
1786 2714 1982 2776 τοῦτο
2040 2708 2161 2778 οὖν
2217 2710 2535 2777 ἐκωλύετο
2581 2712 2656 2777 τὸ
2703 2710 2840 2793 μοί,
2900 2711 3250 2788 ἐγκλιτικὸν

661 2810 775 2895 ὄν,
838 2811 1246 2877 ςυντίθεςθαι·
1311 2812 1641 2889 πρόδηλόν
1705 2832 1773 2877 τε
1831 2813 2162 2897 ἐντεῦθεν,
2226 2813 2316 2877 ὡς
2369 2815 2446 2878 τό
2503 2815 2710 2899 ἑαυτῷ
2775 2812 2896 2878 οὐκ
2954 2812 3086 2879 ἀπὸ
3141 2816 3252 2890 τῆς

663 2913 1010 2990 ἐγκλιτικῆς
1053 2915 1169 2991 τὴν
1215 2913 1499 2978 ςύνθεςιν
1546 2914 1762 2997 ἔςχεν,
1808 2914 1954 2979 ἀλλ’
1998 2914 2129 2980 ἀπὸ
2167 2920 2281 2993 τῆς
2311 2913 2888 2996 ὀρθοτονουμένης.
2936 2912 3083 2998 (οὐκ
3113 2913 3251 2978 ἐπεὶ

559 3029 626 3077 25
659 3016 733 3078 δὲ
791 3015 968 3093 παρὰ
1021 3014 1326 3080 Ἀττικοῖς
1380 3015 1728 3081 ςυνθέςεως
1782 3016 1972 3095 ἔτυχε
2025 3017 2102 3081 τὸ
2158 3018 2452 3093 πώποτε,
2509 3016 2748 3082 εὐθέως
2803 3017 2906 3080 καὶ
2960 3015 2998 3079 ὁ
3053 3014 3250 3091 λόγος

660 3117 935 3197 ψευδής·
992 3116 1072 3180 οὐ
1127 3117 1253 3195 γὰρ
1307 3117 1383 3181 τὸ
1442 3116 1512 3182 ἐν
1568 3117 1924 3200 παραλόγῳ
1981 3119 2260 3183 ςυνθέςει
2315 3119 2532 3184 κανὼν
2575 3116 2709 3184 τῶν
2753 3118 3020 3182 πάντων
3064 3118 3248 3195 γενή-
3285 3129 3332 3182 Β

661 3215 876 3302 ςεται.)
935 3254 1017 3264 -
1086 3219 1280 3283 Ἀλλὰ
1335 3220 1457 3298 μὴν
1513 3219 1617 3282 καὶ
1669 3217 1733 3284 αἱ
1785 3220 2062 3298 κτητικαὶ
2112 3219 2228 3296 τὴν
2285 3218 2417 3285 ἀπὸ
2483 3224 2616 3285 τῶν
2671 3219 3248 3299 ὀρθοτονουμένων

659 3322 1058 3398 παραγωγὴν
1104 3319 1426 3399 εἰλήφαςι,
1472 3320 1573 3384 καὶ
1616 3319 1812 3385 πάλιν
1856 3321 1897 3398 ἡ
1942 3321 2047 3385 διὰ
2089 3323 2207 3386 τοῦ
2250 3323 2302 3386 ἐ’
2345 3323 2565 3402 γραφὴ
2611 3324 2937 3386 πιςτοῦται
2980 3322 3096 3387 τὸν
3141 3319 3248 3383 λό-

658 3441 811 3499 γον·
874 3420 1006 3486 ἀπὸ
1060 3423 1186 3501 γὰρ
1229 3426 1341 3501 τῆς
1385 3422 1542 3500 ἐμοῦ
1586 3421 1662 3486 τὸ
1707 3421 1888 3501 ἐμός,
1946 3421 2159 3487 οὐκέτι
2215 3423 2287 3487 δὲ
2343 3422 2474 3488 ἀπὸ
2519 3426 2632 3502 τῆς
2676 3425 2821 3503 μοῦ.
2921 3422 3138 3487 ἄλλως
3180 3442 3250 3486 τε

557 3537 623 3585 30
659 3521 740 3589 οὐ
787 3521 969 3603 ῥηταὶ
1010 3523 1157 3589 κατ’
1199 3521 1362 3589 ἰδίαν
1406 3522 1473 3587 αἱ
1512 3523 1882 3600 ἐγκλιτικαί·
1929 3526 2072 3588 πῶς
2116 3522 2237 3588 οὖν
2282 3522 2406 3587 ἀπ’
2446 3524 2663 3590 αὐτῶν
2707 3523 3116 3603 παραγωγαίς

688 3811 697 3820 ·
792 3779 1005 3830 Anavu.
1081 3780 1116 3830 5
1153 3775 1430 3830 Inclinato,
1470 3778 1603 3830 suni:
1639 3776 1924 3844 absoluta,
1962 3776 2265 3831 discretiva
2297 3779 2428 3830 sunt
2463 3776 2961 3843 orthotonumena,
2998 3776 3098 3831 sed
3133 3793 3246 3831 non

658 3860 864 3926 omnia,
902 3874 1048 3928 quae
1084 3862 1216 3914 sunt
1250 3861 1750 3928 orthotonumena„
1789 3861 2093 3916 discretiva
2114 3863 2262 3916 sunt.
2296 3891 2363 3900 —
2402 3868 2460 3915 11
2491 3861 2979 3916 Orthossonumena
3009 3862 3070 3913 in
3094 3877 3242 3914 oom-

656 3944 969 4014 positorum
1023 3944 1462 4014 (reflexivorum)
1520 3946 1706 4001 locum
1751 3945 2194 4011 substituuntur,
2247 3945 2518 4000 inclinata
2567 3962 2872 4014 nunquam.
2931 3976 2994 3984 —-
3050 3950 3111 3999 16
3163 3944 3245 3998 Ex

656 4028 1142 4084 orthossonumenis
1204 4030 1533 4100 composita·
1568 4029 1736 4098 fiunt,
1791 4047 1906 4085 non
1959 4046 2028 4084 ex
2080 4029 2378 4089 inclinatis.
2441 4060 2507 4069 —-
2569 4035 2632 4083 21
2690 4028 2929 4084 Omnino
2984 4028 3248 4084 enclitica

654 4115 904 4182 (praeter
948 4115 1042 4168 πώ
1081 4116 1142 4169 ei:
1174 4117 1319 4171 ποτέ
1353 4116 1413 4169 in
1450 4117 1714 4184 πώποτε)
1748 4130 1862 4170 non
1899 4115 2329 4184 componuntur.
2385 4150 2448 4159 —
2501 4120 2566 4168 27
2601 4113 2788 4169 Etiam
2822 4115 3137 4183 possessiva
3171 4113 3243 4166 ab

654 4198 1137 4254 orthossonumenis
1173 4199 1516 4254 derivantur.

788 4435 973 4490 Dmcn.
1011 4454 1209 4492 somn.
1277 4443 1444 4493 4-5.
1482 4437 1595 4505 πρὸ
1632 4438 1837 4492 ἑαυτοῦ
1875 4436 1940 4500 b,
1987 4453 2194 4491 εαυτου
2229 4438 2274 4491 Α
2339 4437 2349 4502 Ι
2412 4440 2462 4491 6.
2500 4427 2803 4502 ἑγκλιτικαί
2851 4451 2954 4505 pro
2992 4437 3240 4502 ἐγκλινό·

655 4537 818 4588 μεναι
853 4519 1261 4576 KEASchmidt
1313 4522 1323 4588 Ι
1376 4528 1427 4576 9.
1468 4523 1532 4577 ὃς
1569 4521 1690 4588 Ab,
1728 4522 1760 4575 δ
1798 4520 2076 4574 Homerus
2138 4524 2146 4582 Ι
2211 4525 2290 4575 10.
2324 4525 2411 4587 τῷ
2447 4519 2512 4587 b,
2548 4538 2617 4576 το
2654 4523 2699 4576 Α
2763 4524 2773 4589 Ι
2845 4526 2917 4577 14.
2953 4524 3043 4575 καὶ
3078 4524 3149 4574 τὸ
3183 4520 3241 4586 b,

654 4622 744 4660 και
778 4609 823 4662 Α
899 4606 908 4674 Ι
987 4612 1065 4661 16.
1104 4608 1407 4672 ἑγκλιτικαί
1442 4622 1546 4675 pro
1582 4606 1972 4671 ἐγκλινόμεναι
2008 4602 2415 4658 KEASchmidt
2477 4609 2487 4673 Ι
2551 4605 2852 4672 οὐδέποτε]
2892 4606 2988 4660 fol.
3027 4609 3122 4660 158
3147 4622 3190 4658 r.
3229 4607 3237 4672 1

652 4697 732 4744 ⁶20.
768 4692 1069 4756 ὲγκλιτικαί
1103 4707 1207 4761 pro
1244 4692 1634 4759 ἐγκλινόμεναι
1669 4688 2075 4743 KEASchmidt
2138 4692 2147 4757 Ι
2209 4695 2294 4744 21.
2334 4706 2482 4745 εςτιν
2518 4692 2563 4745 Α
2604 4692 2613 4758 Ι
2653 4697 2736 4745 22.
2772 4690 2864 4758 μοί
2898 4691 2962 4757 b,
3002 4707 3109 4757 μου
3146 4691 3187 4743 Α
3229 4689 3236 4758 1

650 4780 731 4833 23.
768 4775 981 4847 ἑαυτῷ]
1029 4776 1248 4830 ‘Malim
1284 4777 1514 4832 ἑαυτόν’
1551 4775 1589 4829 b
1633 4774 1694 4827 in
1728 4789 1845 4829 var.
1885 4774 2013 4829 lect.
2079 4778 2089 4842 Ι
2152 4779 2234 4831 24.
2275 4776 2402 4829 ἀλλ’
2442 4775 2507 4841 b,
2554 4777 2700 4829 αλλα
2736 4776 2781 4829 Α
2845 4776 2856 4842 l
2917 4779 3002 4830 25.
3041 4789 3240 4840 ετυχεν

650 4861 695 4914 Α
741 4862 752 4928 Ι
798 4865 883 4915 28.
923 4864 1213 4930 ειληφαςιν
1250 4864 1292 4918 Α
