3738 5530
558 364 999 419 Commentarius
1027 364 1254 418 criticus
1283 365 1341 418 et
1367 363 1687 435 exegeticus
1715 363 1776 417 in
1802 362 2089 434 Apollonii
2117 361 2345 432 Dyscoli
2376 362 2591 431 scripta
2617 363 2850 416 minora.
2934 362 3056 426 127

447 530 496 594 Τ
547 535 692 598 213.
754 530 813 595 Ψ
863 535 1008 593 547.
1071 534 1108 594 θ
1156 535 1301 592 332.
1364 531 1400 593 λ
1449 533 1598 606 363,
1658 531 1873 608 quibus
1928 531 2074 591 locis
2121 531 2272 590 adde
2318 531 2465 609 frag.
2512 530 2857 590 Anfimachi
2903 531 3065 608 apud

446 623 558 699 Ap.
597 643 762 701 pron.
796 624 900 697 88,
923 625 1002 682 27
1051 620 1129 683 τὸ
1175 618 1275 682 καί
1324 638 1468 697 εφω
1514 617 1787 693 γείνατο·
1822 617 2041 696 μήτηρ.
2125 621 2351 680 Eodem
2394 620 2571 680 modo
2610 615 2648 680 ὅ
2687 615 2850 695 ὅπερ
2889 614 2931 680 ἅ
2976 622 3064 679 ita

449 716 811 789 usurpantur
865 716 934 770 ut
987 712 1109 771 sint
1154 706 1491 786 ‘weshalb’3
1546 712 1651 787 qui
1705 728 1846 770 usus
1903 713 2050 770 satis
2095 711 2370 787 frequens
2416 712 2508 769 est
2558 712 2752 787 poetis
2796 710 3064 787 tragicis,

447 803 517 861 cf.
567 802 708 861 Eur.
756 801 975 862 Phoen.
1028 803 1172 860 155.
1224 802 1367 860 263.
1460 800 1602 859 Hec.
1648 801 1727 859 13
1776 819 1910 859 cum
1955 799 2154 859 adnot.
2193 799 2482 878 Pflugkii3
2535 819 2643 859 nec
2688 818 2857 859 rarus
2905 798 3064 876 apud

445 891 579 969 Ap.,
639 892 710 951 cf.
760 891 890 951 adv.
943 892 1148 966 133,ss
1206 885 1368 965 ὅπερ
1426 882 1747 972 (weshalb,
1805 885 2033 964 διόπερ
2089 882 2622 971 GFSchoemann);
2680 888 2758 949 ib.
2812 891 2959 964 167,
2980 891 3062 947 24

447 976 609 1054 ὅπερ
657 978 853 1056 ἐχρῆν
899 978 1002 1041 καὶ
1047 976 1164 1040 τὸν
1210 975 1540 1055 Τρύφωνα
1577 1026 1589 1039 .
1631 1025 1644 1038 .
1693 973 2235 1053 ἀπολογήεαεθαι;
2292 979 2368 1037 ib.
2415 980 2618 1053 142,5
2668 974 2829 1054 ὅπερ
2879 973 2934 1039 εἰ
2980 976 3062 1052 μὴ

448 1066 834 1145 ὀνοματικὸν
882 1065 978 1144 εἴη
1027 1066 1132 1147 (τὸ
1178 1066 1416 1147 πέντε).
1481 1088 1649 1146 pron.
1689 1069 1837 1142 116,
1859 1070 1896 1127 5
1937 1066 1975 1128 ὃ
2012 1067 2292 1129 καλεῖται
2342 1060 2492 1151 (scil.
2532 1066 2608 1129 τὸ
2657 1060 2881 1150 αὐτόε)
2929 1065 3062 1129 ἐπι-

447 1156 850 1234 ταγματικόν.
924 1159 1132 1235 Neque
1178 1158 1443 1218 diversus
1491 1162 1581 1218 est
1625 1176 1766 1219 usus
1814 1151 2023 1235 ‘quod'
2070 1160 2257 1233 vocis,
2302 1159 2408 1234 qui
2451 1160 2516 1216 in
2562 1158 2899 1217 obtestandi
2945 1158 3065 1217 for-

447 1250 622 1308 mulis
669 1253 947 1327 apparet,
993 1250 1065 1307 cf.
1104 1247 1531 1326 GTAKrueger
1576 1269 1662 1327 gr.
1709 1248 1814 1306 lat.
1866 1248 2015 1320 558,
2037 1239 2132 1306 3¹².
2187 1280 2262 1289 —
2313 1246 2432 1305 Ubi
2476 1265 2617 1307 vero
2665 1267 2734 1306 ea
2780 1266 2932 1324 quae
2979 1265 3065 1306 se·

447 1341 712 1415 quuntur
745 1341 835 1397 ita
867 1341 1008 1398 sunt
1042 1340 1407 1414 comparata,
1443 1342 1512 1398 ut
1549 1340 1655 1397 aut
1691 1339 1932 1397 omnino
1970 1339 2349 1413 opponantur
2384 1339 2467 1396 eis
2495 1354 2649 1413 quae
2684 1337 3068 1414 praecedunt,

452 1431 559 1487 aut
592 1430 896 1506 corrigant
929 1428 1055 1503 illa,
1091 1426 1176 1486 ibi
1211 1430 1479 1487 nascitur
1513 1427 1678 1487 notio
1717 1420 1993 1502 ‘contra',
2031 1418 2132 1485 ‘da
2169 1420 2361 1501 doch',
2398 1420 2732 1505 ‘dagegen',
2771 1421 3066 1485 ‘anderen

448 1512 633 1593 seits',
677 1518 775 1578 vel
812 1511 1222 1594 equamquam’
1262 1510 1604 1593 ‘indessen',
1649 1511 1923 1592 ‘jedoch'.
1998 1515 2097 1575 Ita
2141 1517 2458 1593 scriptores
2496 1517 2669 1575 attici
2712 1520 2945 1592 ponunt
2988 1512 3065 1575 τὸ

449 1604 538 1678 δέ,
587 1608 658 1666 cf.
697 1606 851 1666 Plat.
891 1606 1124 1667 Politic.
1159 1608 1283 1666 263
1305 1606 1360 1664 D
1400 1604 1476 1667 τὸ
1513 1602 1587 1666 δέ
1632 1621 1707 1678 γε
1744 1598 2166 1688 (andererseits
2204 1598 2389 1687 aber).
2453 1605 2629 1682 Apol.
2658 1604 2745 1664 IX
2785 1606 2866 1664 23
2887 1604 2943 1664 A
2990 1602 3066 1665 τὸ

447 1694 519 1756 δὲ
550 1688 872 1779 (dagegen)
903 1691 1253 1757 κινδυνεύει
1283 1691 1322 1755 ὁ
1351 1692 1514 1756 θεόε.
1563 1696 1715 1755 Men.
1740 1696 1843 1770 38,
1861 1697 1918 1754 6.
1966 1694 2215 1754 Aristot.
2239 1695 2377 1753 Eth.
2399 1694 2626 1755 Nicom.
2656 1715 2712 1772 p.
2739 1686 2942 1756 1118b
2966 1696 3064 1753 12.

447 1786 790 1845 Relativum
823 1805 963 1845 vero
1001 1805 1132 1845 eam
1167 1785 1366 1844 induit
1400 1786 1704 1844 notionem
1747 1785 1909 1861 apud
1946 1784 2351 1861 Thucydidem
2387 1783 2450 1842 Π
2487 1786 2591 1859 40,
2613 1785 2650 1842 3
2691 1777 2836 1867 (vid.
2866 1783 3066 1843 adnot.

452 1874 715 1935 Classeni
743 1878 805 1934 et
832 1867 1107 1958 Stahlii);
1142 1874 1258 1933 huc
1292 1875 1594 1951 pertinent
1629 1875 1963 1951 complures
1988 1873 2101 1951 Ap.
2131 1874 2249 1933 loci
2285 1892 2468 1950 supra
2504 1892 2540 1932 a
2568 1874 2839 1933 Bekkero
2877 1874 3068 1947 allati,

449 1964 663 2041 quibus
695 1964 845 2025 adde
882 1964 1014 2024 adv.
1049 1965 1194 2040 205,
1219 1966 1299 2024 12
1331 1959 1493 2039 ὅπερ
1531 1961 1725 2024 παντὶ
1762 1959 1936 2039 μέρει
1974 1960 2177 2035 λόγου
2215 1962 2690 2038 παρακολουθεῖ
2718 1960 2794 2023 τὸ
2824 1959 3066 2034 διελέγ-

450 2056 663 2128 χεεθαι
701 2050 790 2115 εἰ(
828 2048 1396 2127 ἀκαταλληλότητα
1424 2046 1725 2137 (indessen
1764 2053 1860 2112 bei
1890 2052 2089 2130 Jedem
2116 2052 2385 2112 Redeteil
2422 2054 2571 2113 lasst
2605 2052 2731 2111 sich
2757 2054 3068 2130 uneigent-

448 2144 632 2203 licher
679 2142 990 2204 Gebrauch
1034 2136 1447 2225 nachweisen).
1495 2175 1584 2186 —
1619 2143 1876 2203 Uberius
1922 2142 1995 2201 de
2039 2143 2152 2201 hac
2194 2160 2259 2201 re
2305 2142 2612 2219 disputavi
2655 2143 2718 2201 in
2764 2142 2852 2200 Fl.
2897 2143 3065 2202 1883

448 2253 504 2309 p.
526 2234 653 2293 457
673 2251 830 2309 sqq.;
862 2235 934 2292 cf.
964 2233 1231 2311 Krueger
1267 2253 1352 2311 gr.
1383 2231 1481 2292 Gr.
1514 2235 1617 2308 50,
1638 2236 1691 2292 1.
1726 2235 1837 2308 14;
1874 2231 2182 2291 Windisch
2220 2233 2284 2290 in
2324 2231 2482 2291 Curt.
2515 2231 2681 2291 Stud.
2711 2231 2774 2290 Π
2805 2234 2927 2292 201
2953 2250 3068 2308 sq.;

451 2320 689 2399 Capelle
716 2323 779 2381 in
806 2321 1020 2382 Philol.
1041 2322 1326 2381 XXXVII
1357 2324 1511 2398 1933
1554 2323 1903 2401 Bmgmann
1931 2341 2018 2400 gr.
2048 2320 2146 2380 Gr.
2184 2324 2326 2380 124.
2363 2354 2439 2362 —
2470 2322 2683 2381 Matth.
2713 2321 2773 2380 Π
2805 2322 3065 2381 637-8

451 2430 556 2471 nec
601 2407 762 2486 ὅπερ
807 2414 965 2472 recte
1013 2412 1241 2488 accepit
1285 2431 1394 2471 nec
1439 2408 1844 2486 μετείληπται
1894 2404 1976 2494 (v.
2014 2411 2295 2470 Hoersch.
2338 2411 2465 2470 388
2515 2414 2575 2469 et
2618 2403 2798 2492 ind.);
2858 2411 3068 2470 deinde

449 2500 608 2578 quod
654 2501 802 2561 dicit
838 2496 923 2560 ‘es
960 2501 1103 2579 geht
1144 2504 1288 2576 102,
1312 2502 1697 2576 14-103,4
1736 2504 1866 2560 eine
1904 2501 2272 2578 Erbrterung
2315 2500 2463 2559 iiber
2498 2500 2594 2559 die
2641 2496 2928 2562 (ύνταξιε
2964 2501 3070 2559 der

449 2590 790 2651 Possessiva
847 2593 961 2650 mit
1014 2591 1148 2651 dem
1193 2590 1456 2649 Verbum
1508 2584 1769 2665 voraus',
1831 2591 1894 2649 id
1948 2593 2142 2650 fateor
2195 2609 2288 2649 me
2344 2609 2462 2649 non
2517 2590 2663 2649 satis
2716 2592 3065 2667 perspicere.

451 2680 542 2738 Ex
581 2675 979 2759 ‘argumento’
1024 2683 1263 2758 poterat
1298 2698 1667 2758 cognoscere,
1715 2681 1815 2758 agi
1851 2679 1926 2739 de
1962 2680 2329 2738 derivatione
2365 2681 2859 2756 possessivorum3
2905 2679 3068 2738 dein-

450 2789 585 2847 ceps
640 2773 974 2848 quaeritur,
1031 2771 1176 2848 quid
1220 2772 1473 2831 rationis
1518 2770 1849 2831 intercedat
1900 2772 2059 2829 inter
2111 2771 2463 2848 possessoris
2520 2773 2581 2829 et
2632 2772 2892 2847 possessi
2935 2789 3068 2848 per-

451 2878 651 2937 sonas,
715 2879 967 2937 quarum
1021 2864 1275 2938 utraque
1328 2863 1392 2920 in
1445 2860 1779 2938 possessivo
1834 2860 2010 2936 latet3
2068 2879 2247 2936 porro
2301 2859 2545 2918 reicitur
2603 2877 2807 2919 eorum
2865 2860 3067 2937 opinio

451 2952 555 3025 qui
610 2950 953 3026 censebant,
1008 2968 1133 3010 esse
1188 2951 1290 3010 ubi
1342 2950 1489 3027 ipsis
1544 2950 1891 3027 possessivis
1945 2966 2279 3026 possessum
2338 2951 2462 3008 iam
2517 2949 2664 3009 satis
2711 2949 3066 3008 definiretur.

450 3038 614 3098 Haec
676 3040 877 3099 omnia
937 3040 1241 3117 pertinent
1304 3040 1381 3098 ad
1443 3042 1724 3099 naturam
1785 3041 2252 3117 possessivorum
2314 3037 2749 3098 illustrandam.
2855 3040 3069 3116 Itaque

453 3128 678 3188 nullam
725 3128 898 3189 video
937 3147 1194 3204 causam,
1241 3148 1345 3188 cur
1388 3131 1553 3189 totus
1598 3128 1761 3189 locus
1812 3130 1960 3203 103,
1981 3129 2199 3189 5-10
2245 3128 2511 3188 eiciatur.

629 3218 744 3293 Qui
767 3289 782 3302 ·
797 3219 872 3278 ab
926 3222 1276 3279 accusativis
1328 3220 1596 3278 derivata
1651 3236 1772 3278 esse
1827 3223 2055 3277 serment
2096 3221 2461 3292 possessiva,
2527 3220 2610 3277 eis
2661 3219 2803 3277 haec
2856 3221 3071 3293 opponi

439 3312 693 3380 posswnt
750 3313 1109 3383 arywnenta.
1203 3308 1270 3383 a)
1330 3308 1586 3367 Formae
1644 3310 2110 3367 aecusativorum
2169 3311 2238 3367 et-
2272 3310 2737 3383 possessivorum
2799 3310 2952 3367 inter
3008 3326 3071 3366 se

451 3399 743 3470 differunt.
854 3397 914 3472 b)
973 3398 1263 3473 Quoniam
1319 3402 1383 3457 in
1437 3400 1903 3471 possessivomun
1961 3399 2149 3455 locum
2205 3399 2635 3456 substituuntur
2694 3401 2965 3470 yenetivi,
3031 3415 3070 3456 a

447 3489 725 3559 yenetiois
762 3505 832 3546 ea
868 3491 998 3548 orta
1034 3505 1156 3547 esse
1194 3490 1383 3546 elucet.
1450 3487 1506 3561 c)
1537 3483 1777 3548 Αὐτόε
1813 3489 2205 3561 amosibivum
2241 3505 2372 3546 eum
2397 3487 2812 3561 personalibus
2846 3505 3071 3561 semper

452 3593 595 3635 casu
640 3579 919 3651 eonyruit,
967 3594 1098 3636 cum
1131 3578 1483 3651 possessivis
1528 3594 1752 3651 semper
1790 3578 2051 3652 genetivo
2097 3579 2452 3636 construitur
2501 3578 2647 3651 103,
2671 3579 2948 3635 11—25.

633 3666 779 3740 103,
802 3668 879 3725 21
923 3660 1146 3726 ‘Facile
1184 3667 1501 3725 conieceris
1538 3661 1628 3726 ὡ(
1664 3666 1741 3745 τῇ
1770 3697 1858 3708 -
1887 3662 2226 3747 νοουμένῃ,
2265 3665 2367 3726 sed
2404 3684 2524 3726 non
2561 3684 2710 3743 opus
2748 3668 2840 3726 est
2876 3685 3070 3725 emen-

451 3753 718 3813 dationet
773 3757 1090 3831 utrumque
1145 3757 1302 3814 enim
1357 3755 1476 3814 dici
1528 3749 1750 3832 potest'
1810 3754 1931 3814 ska
1977 3755 2007 3813 I
2054 3756 2156 3815 23.
2203 3788 2292 3798 --
2337 3751 2429 3815 Τὸ
2477 3751 2662 3816 ἑντὸε
2716 3753 3068 3830 πρόςωπον

451 3843 489 3900 i.
538 3863 585 3902 e.
633 3839 710 3903 τὸ
756 3844 873 3904 τοῦ
920 3841 1230 3919 κτήτοροε
1275 3839 1642 3919 πρόεωπον,
1691 3846 1762 3903 cf.
1801 3865 1969 3922 pron.
2013 3845 2114 3919 15,
2136 3847 2192 3903 2.
2243 3847 2346 3919 62,
2370 3847 2450 3903 22
2491 3845 2589 3903 all.

629 3924 697 4013 γ)
744 3932 1036 3992 Personae
1081 3933 1434 3993 indicandae
1481 3951 1660 3993 causa
1704 3952 1810 3993 cur
1853 3934 2020 3994 verbi
2062 3933 2216 4009 finis,
2261 3936 2503 3993 initium
2548 3936 2914 4011 pronominis
2960 3935 3067 3994 im-

451 4024 720 4081 mutetur
768 4024 914 4098 103,
937 4023 1259 4106 26—5104,
1283 4026 1382 4082 20.

630 4111 1126 4186 Quemadmodum
1149 4115 1508 4187 pronomina
1542 4114 1822 4185 refleoeiva
1852 4115 2083 4187 yeneris
2119 4113 2208 4173 vel
2245 4130 2419 4173 casus
2454 4115 2849 4189 distinyuendi
2886 4132 3070 4174 eausa

447 4204 513 4260 in
565 4204 686 4275 fine
738 4205 1056 4272 uncianum
1111 4207 1179 4262 ut
1209 4220 1502 4277 personae
1547 4204 1975 4271 discernanwr,
2034 4205 2101 4262 im
2143 4204 2339 4263 initio:
2396 4204 2483 4261 ita
2528 4206 2702 4263 etiam
2734 4207 3072 4278 possessiva

446 4309 631 4364 yenus
668 4295 722 4351 et
764 4308 967 4351 casum
1009 4294 1145 4364 fine,
1182 4309 1502 4366 personam
1535 4294 1702 4352 initio
1737 4295 1960 4351 mutato
1994 4293 2272 4352 indicant.
2347 4292 2481 4351 Hoc
2516 4297 2711 4352 autem
2744 4294 2857 4353 sibi
2892 4311 3069 4367 pecu-

451 4381 598 4441 liare
631 4380 858 4450 habent,
896 4382 998 4440 ubi
1023 4399 1303 4441 numerus
1330 4385 1603 4442 variatur
1631 4386 1684 4441 et
1715 4383 1951 4441 initium
1979 4386 2032 4441 et
2063 4384 2242 4455 finem
2276 4385 2579 4440 immutari
2620 4383 2767 4459 103,
2788 4384 3066 4442 26-30,

452 4467 537 4526 cf.
577 4473 730 4545 synt.
775 4471 998 4544 95,14.
1050 4471 1229 4545 96,1.
1283 4473 1551 4545 155‚14.
1643 4471 1823 4530 Prisc.
1863 4470 2013 4530 xm
2057 4492 2115 4548 p.
2156 4473 2549 4547 3,21—4,3.

635 4561 779 4634 103,
803 4561 884 4618 28
936 4556 1006 4620 ἑν
1052 4554 1210 4638 (ot)
1256 4555 1624 4634 προεώποιε
1670 4560 1883 4620 Matth.
1922 4560 1985 4619 11
2033 4561 2176 4619 638.

615 4649 819 4708 .Verba
867 4652 920 4708 et
951 4652 1308 4724 pronomina
1353 4653 1421 4708 ut
1452 4667 1743 4725 personas
1786 4652 2068 4718 indicant,
2113 4653 2199 4708 ita
2242 4651 2353 4709 hac
2387 4668 2453 4709 re
2487 4653 2638 4709 inter
2673 4669 2736 4709 se
2771 4652 3068 4724 differunt,

453 4738 603 4809 quod
627 4741 901 4810 personis
930 4741 1300 4798 variantibus
1327 4741 1631 4798 verborum
1665 4743 1832 4812 fineS,
1871 4742 2044 4799 initia
2068 4743 2487 4814 pronominum
2513 4744 2831 4800 mutantur.
2883 4739 3070 4800 Gaius

451 4827 540 4884 rei
581 4826 720 4885 haec
764 4833 846 4886 est
890 4846 1089 4887 causa.
1163 4828 1523 4887 Pronomina
1565 4845 1794 4889 necesse
1846 4832 1929 4888 est
1970 4830 2180 4887 habere
2216 4847 2406 4898 casus,
2454 4833 2555 4903 qui
2598 4834 2805 4904 suapte
2847 4835 3071 4890 natura

454 4931 651 4973 eorum
701 4919 850 4989 fines
904 4920 1017 4977 sibi
1071 4920 1460 4977 vindicor-mit.
1552 4919 1691 4976 Iam
1745 4921 1800 4978 si
1845 4920 2019 4977 etiam
2062 4936 2456 4992 personarum
2510 4921 2845 4980 vicissitudo
2891 4923 3069 4995 sioni-

449 5005 730 5079 ficarebur
789 5008 1039 5081 sinibus,
1112 5009 1246 5082 fieri
1315 5026 1435 5066 non
1496 5011 1695 5083 posset
1765 5009 1907 5082 quin
1971 5025 2145 5067 casus
2217 5010 2615 5070 vicissitudine
2674 5028 3071 5086 personarum
