3738 5530
583 365 665 428 72
1515 361 1697 412 ΠΕΡΙ
1730 359 2236 411 ΑΝΤΩΝΤΜΙΑΣ.

1461 483 1503 518 p.
1529 472 1576 509 91
1608 470 1788 520 (351)113
1812 470 1839 510 5
1864 490 1916 499 -
1941 471 1994 511 94
2020 468 2128 518 (354)
2153 469 2192 508 B
2218 468 2244 506 4
2269 468 2300 507 b

582 571 658 633 τὸ
704 572 965 645 πρῶτον
1010 566 1111 630 καὶ
1155 565 1480 641 δεύτερον.
1553 564 1759 627 δυῑκαὶ
1802 569 1964 638 γοῦν
1998 562 2146 627 είςὶν
2177 562 2416 627 εὐθεῖαι
2445 563 2708 639 πρώτου
2739 561 2839 624 καὶ
2868 559 3177 637 δευτέρου

584 668 974 750 προςώπου,
1030 667 1169 731 ἀλλ’
1226 666 1438 729 οὐκέτι
1493 667 1595 729 καὶ
1649 665 1886 743 τρίτου.
1980 664 2037 729 τί
2094 663 2217 728 οὖν
2263 666 2653 746 θαυμαςτόν,
2709 663 2763 728 εἰ
2819 662 2921 726 καὶ
2961 660 3179 740 τρίτου

584 773 727 852 εἰςί,
772 774 1037 849 πρώτου
1083 771 1184 833 καὶ
1227 768 1531 843 δευτέρου
1578 766 1702 830 οὐκ
1745 767 1990 842 οὐςῶν;
2036 766 2250 831 ἄλλως
2294 787 2362 830 τε
2407 767 2509 831 καὶ
2553 767 2741 831 ἄλλαι
2787 765 2982 830 λέξεις
3021 762 3181 846 κατὰ

584 874 782 953 τύχην
837 872 1232 950 ἐςιγήθηςαν·
1293 867 1465 932 οὕτω
1524 869 1623 933 καὶ
1675 868 1741 932 αἱ
1795 869 2252 947 προκείμεναι».
2315 905 2389 914 -
2447 868 2613 933 Ἀλλ’
2660 867 2873 945 ἔμοιγε
2919 868 3098 929 δοκεῖ
3140 862 3179 928 ὁ
3217 871 3257 925 C

518 990 550 1035 5
582 978 700 1040 τοῦ
756 974 1164 1053 Ἀριςτάρχου
1224 972 1418 1045 λόγος
1472 972 1912 1051 κριτικώτερος
1968 969 2164 1053 εἶναι,
2231 969 2368 1049 ἔχοι
2430 971 2486 1034 δ’
2553 970 2631 1034 ἂν
2691 968 2863 1034 οὕτω
2929 967 3010 1031 τὰ
3070 970 3181 1044 τῆς

589 1075 974 1154 ἐπικρίςεως.
1083 1074 1289 1140 Παντὶ
1353 1074 1691 1150 προῦπτον
1750 1073 1840 1137 ὡς
1895 1072 1933 1150 ἡ
1991 1070 2230 1136 πλείων
2288 1071 2628 1151 παράθεςις
2684 1074 2795 1150 τῆς
2839 1070 3181 1134 ἐλάςςονος

588 1178 822 1243 κανών.
927 1174 1078 1240 ὅθεν
1136 1173 1189 1239 εἰ
1246 1173 1518 1238 δεκάδυο
1565 1174 1844 1253 ςχήματα
1889 1173 2170 1251 ἐςιγήθη,
2226 1172 2426 1251 πάςης
2471 1174 2773 1237 πτώςεως
2805 1170 3027 1247 δυϊκά,
3084 1169 3183 1234 καὶ

587 1278 978 1357 πληθυντικά
1022 1278 1287 1354 πρώτου
1333 1275 1433 1340 καὶ
1476 1275 1782 1354 δευτέρου
1836 1276 2223 1356 προςώπου,
2287 1274 2585 1352 δηλονότι
2637 1277 2886 1351 γενικῆς
2930 1273 3035 1336 καὶ
3076 1276 3181 1336 δο-

584 1385 758 1458 τικῆς
803 1380 905 1443 καὶ
948 1378 1319 1459 αἰτιατικῆς,
1377 1376 1541 1454 πρὸς
1587 1376 1727 1454 τρία
1769 1376 2160 1455 πληθυντικὰ
2210 1377 2427 1455 τρίτου
2472 1377 2859 1457 προςώπου,
2910 1378 3184 1454 γενικῆς,

490 1495 552 1543 10
590 1485 866 1564 δοτικῆς,
912 1481 1284 1561 αἰτιατικῆς,
1350 1480 1490 1542 πώς
1547 1476 1692 1556 οὐχὶ
1747 1478 2090 1556 παράλογα
2132 1478 2210 1542 τὰ
2252 1478 2395 1555 τρία
2437 1478 2600 1555 πρὸς
2653 1478 2732 1541 τὰ
2776 1477 3056 1556 δώδεκα;
3108 1511 3178 1521 -
3219 1479 3352 1532 92A

539 1608 547 1616 ·
593 1585 816 1649 «Ἀλλὰ
872 1583 1050 1662 τρίτα
1109 1581 1229 1645 οὐκ
1283 1579 1442 1661 ἔςτι,
1498 1581 1761 1659 πρώτου
1817 1581 1922 1644 καὶ
1965 1581 2272 1659 δευτέρου
2317 1579 2562 1643 ὄντος».
2661 1578 2728 1642 Εἰ
2780 1580 2893 1659 μὲν
2942 1577 3061 1642 οὖν
3106 1578 3186 1641 τὰ

593 1684 760 1749 ἀλλα
802 1684 1014 1749 πάντα
1057 1683 1235 1761 τρίτα
1278 1681 1669 1762 ἐςεςίγηντο,
1726 1681 1844 1746 κᾶν
1901 1680 1980 1759 ἦν
2035 1703 2128 1746 τις
2183 1682 2528 1760 πιθανότης
2584 1683 2700 1745 τοῦ
2747 1679 2967 1744 καὶτὰ
3011 1679 3188 1757 τρίτα

591 1785 751 1850 ὄντα
805 1790 1069 1864 πρῶτον
1127 1785 1228 1847 καί
1288 1782 1504 1862 τρίτον
1562 1784 1643 1862 μὴ
1700 1780 1885 1846 εἶναι.
1996 1781 2052 1846 εἰ
2093 1784 2166 1846 δὲ
2211 1783 2282 1848 ἕν
2326 1803 2456 1846 που
2501 1782 2748 1860 ἑςιγήθη
2796 1781 2900 1845 διὰ
2942 1781 3018 1844 τὸ
3063 1780 3187 1860 ὑφ’

589 1887 826 1965 ἑτέρων
873 1889 1186 1961 ςυζυγιῶν
1231 1883 1841 1962 ἀναπεπληρώςθαι,
1898 1888 2037 1949 πῶς
2091 1884 2237 1962 οὐχὶ
2289 1885 2551 1960 γέλοιον
2605 1885 2916 1947 τοςαύτας
2959 1882 3187 1962 φωνὰς

492 2003 556 2050 15
593 1989 874 2064 ςυῑύγώς
941 1987 1100 2051 κατά
1162 1986 1359 2064 τύχην
1417 1989 1796 2066 ςεςιγῆςθαι;
1863 1985 2099 2050 τούτου
2166 1982 2285 2051 οὖν
2352 1985 2421 2049 ἐν
2486 1984 2706 2063 μηδενὶ
2760 1984 2933 2063 μέρει
2988 1984 3187 2058 λόγου

592 2089 1313 2168 παρακολουθήςαντος,
1370 2087 1559 2151 παντί
1602 2108 1692 2167 τῳ
1739 2091 1942 2164 δῆλον
1989 2086 2149 2164 ὑπὲρ
2196 2085 2509 2166 ἀκριβείας
2555 2085 2911 2152 ἐξετάςαντι
2954 2089 3066 2163 τῆς
3111 2084 3181 2150 έν
3221 2086 3265 2139 Β

590 2193 726 2257 τοῖς
793 2192 1002 2279 μέρεςι
1064 2193 1180 2253 τοῦ
1246 2188 1480 2267 λόγου,
1546 2188 1637 2253 ὡς
1699 2188 1737 2267 ἡ
1796 2188 2095 2268 Ὁμηρικὴ
2150 2189 2395 2266 ποίηςις
2456 2190 2701 2266 μᾶλλον
2768 2190 2901 2251 τῶν
2968 2186 3186 2251 ἄλλων

592 2292 847 2370 ἠνύςθη.
950 2291 1104 2356 ὅθεν
1162 2290 1242 2355 οὐ
1297 2291 1541 2367 μᾶλλον
1600 2290 1639 2368 ἡ
1682 2290 2041 2355 Πλάτωνος
2097 2293 2311 2369 χρῆςις
2367 2289 2846 2367 ἀξιοπιςτοτέρα
2898 2291 3012 2366 τῆς
3070 2287 3189 2352 οὐκ

605 2395 797 2471 οὔςης
841 2394 1018 2471 παρὰ
1061 2397 1153 2475 τῷ
1198 2380 1448 2474 πόιητῇ.

493 2507 559 2555 20
763 2495 991 2572 Παρόν
1039 2496 1109 2558 δὲ
1155 2492 1436 2558 ἐξετάςαι
1480 2495 1582 2558 καὶ
1625 2492 1728 2557 διὰ
1773 2492 1975 2568 λόγου
2019 2495 2093 2558 τὸ
2140 2492 2391 2571 ἀληθές.
2447 2529 2503 2536 -m
2567 2491 2753 2555 «Ἀπὸ
2786 2490 3014 2556 ἑνικῶν
3045 2509 3189 2554 ςυν-

594 2597 836 2662 θέςεων
892 2597 1305 2674 πληθυντικαὶ
1361 2594 1634 2675 ἑκφοραὶ
1685 2596 1976 2671 γίνονται
2032 2596 2189 2658 κατὰ
2242 2595 2318 2657 τὸ
2389 2595 2604 2675 τέλος,
2671 2592 3190 2671 ἀνδροφόνος

594 2698 1137 2778 ἀνδροφόνοι,
1209 2696 1636 2762 ἑνδέκατος
1704 2696 2137 2762 ἑνδέκατοι.
2238 2694 2390 2778 ὅθεν
2446 2695 2545 2757 καὶ
2600 2692 2730 2759 ἀπὸ
2784 2697 2902 2758 τοῦ
2959 2693 3190 2758 ἑαυτόν

593 2802 669 2865 τὸ
717 2799 984 2863 ἑαυτούς
1030 2802 1356 2864 πεςεῑται».
1406 2791 1487 2866 τ-’
1530 2800 1739 2864 Οὐδὲν
1784 2800 1909 2877 γὰρ
1955 2802 2206 2863 κωλῦον
2262 2800 2341 2863 τὰ
2386 2797 2771 2876 προκείμενα
2816 2796 2904 2861 εἰς
2949 2799 3193 2874 πλῆθος
3230 2799 3270 2854 O

596 2902 920 2979 μετάγειν·
991 2900 1061 2965 έν
1127 2901 1262 2965 δυςὶ
1325 2901 1450 2979 γὰρ
1514 2901 1887 2980 προςώποις
1954 2900 2217 2965 ἕκαςτον
2274 2899 2493 2963 αὐτῶν
2549 2898 2866 2962 ἀκούεται.
2977 2897 3014 2962 ὁ
3068 2898 3191 2978 γὰρ

496 3013 561 3061 25
599 3001 804 3081 ἄνδρα
862 2996 1184 3081 φονεύςας
1240 3002 1278 3078 ἢ
1332 3000 1370 3065 ὁ
1426 3003 1582 3082 μετὰ
1636 3001 1789 3065 δέκα
1845 3001 1934 3066 είς
1978 3003 2016 3079 ἢ
2063 3001 2125 3066 οἱ
2169 3002 2326 3079 μετὰ
2372 3000 2526 3064 δέκα
2569 3000 2865 3066 πλείονες
2911 2999 3224 3081 &venno-⁴,

596 3105 816 3168 δίςτώς
874 3102 1054 3182 εἶχον
1111 3105 1186 3166 τὸ
1241 3103 1466 3180 ἕτερον
1521 3110 1653 3168 τῶν
1713 3105 2081 3181 προςώπων
2137 3102 2597 3179 πληθυντικόν·
2665 3101 2740 3165 τὸ
2804 3102 3021 3181 μέντοι
3081 3104 3192 3178 τῆς

596 3205 995 3283 ἀντωνυμίας
1041 3207 1242 3284 ςχῆμα
1285 3204 1610 3281 ἠδυνάτει,
1657 3203 1767 3267 ἅτε
1813 3206 1891 3279 δὴ
1939 3204 2080 3267 καθ’
2126 3204 2274 3268 ἑνὸς
2319 3204 2418 3265 καὶ
2458 3206 2575 3266 τοῦ
2608 3202 2807 3266 αὐτοῦ
2839 3202 3191 3279 προςώπου

597 3306 1119 3387 λαμβανόμενον,
1160 3305 1323 3369 κατὰ
1367 3308 1480 3385 μὲν
1527 3307 1600 3369 τὸ
1645 3307 1832 3371 τέλος
1877 3310 1985 3383 τῆς
2031 3305 2375 3371 ςυνθέςεως
2404 3304 2492 3368 εἰς
2522 3307 2767 3380 πλῆθος
2798 3303 3191 3385 μετάγεςθαι,

598 3408 757 3471 κατὰ
808 3408 879 3471 δὲ
933 3407 1007 3469 τὸ
1063 3407 1266 3484 ἄρχον
1323 3407 1411 3471 είς
1469 3407 1573 3490 ἕν,
1629 3406 1768 3470 ἐπεὶ
1819 3407 2009 3471 ἕνεκα
2059 3406 2294 3470 τούτου
2350 3405 2723 3470 ἑνικὸν.καὶ
2764 3406 3191 3481 πληθυντικὸν
3229 3409 3361 3465 93Α

497 3520 565 3568 30
602 3510 853 3572 ἐνοεΐτο
899 3508 1005 3572 διὰ
1048 3511 1189 3585 μιᾶς
1234 3512 1461 3589 φωνῆς
1504 3509 1650 3572 καθ’
1694 3508 1842 3573 ἑνὸς
1888 3509 1989 3573 καὶ
2031 3511 2149 3572 τοῦ
2189 3507 2388 3571 αὐτοῦ
2421 3508 2802 3587 προςώπου,
2848 3506 3010 3585 ὅπερ
3041 3505 3192 3571 ἄλο-

598 3631 740 3686 γον.
828 3609 1115 3685 εὐλόγως
1159 3608 1283 3688 ἄρα
1328 3610 1406 3673 τά
1451 3610 1732 3688 ςχῆματα
1776 3608 2047 3688 ἐςιγήθη.

736 3862 946 3916 Aaou.
1036 3867 1102 3914 ⁶20
1146 3859 1351 3914 deinde
1397 3861 1455 3914 in
1501 3860 1606 3915 hoc
1650 3863 1971 3916 ἑν·δέκατος
2017 3861 2160 3915 duae
2204 3861 2342 3914 sunt
2386 3877 2686 3930 personae,
2738 3875 2976 3926 quarum
3013 3859 3198 3914 alt-era.

598 3945 890 3999 commode
926 3947 985 3998 in
1020 3946 1298 4015 pluralem
1334 3945 1568 3999 transire
1604 3948 1817 4014 potest:
1865 3947 1923 3999 in
1968 3949 2172 4001 ἑαυτοῦ
2221 3963 2336 4000 una
2381 3947 2468 3999 est
2501 3961 2756 4013 persona.

738 4163 927 4218 stcn.
967 4184 1163 4218 scsswr.
1233 4173 1281 4219 3.
1319 4182 1451 4220 ειςιν
1489 4167 1533 4221 Α
1563 4167 1571 4234 1
1605 4172 1650 4221 7.
1692 4167 1871 4233 πάςης
1908 4169 2186 4222 πτώςεως
2222 4168 2407 4231 δυϊκά,
2446 4169 2536 4221 καὶ
2573 4168 2924 4233 πληθυντικὰ
2961 4165 3194 4233 scripse-

602 4252 733 4302 runt
766 4247 1117 4318 JGuttentag
1152 4252 1211 4303 et
1244 4249 1624 4316 RSchneider,
1673 4251 1851 4316 πάςης
1891 4253 2163 4305 πτώςεως
2198 4253 2438 4319 τέςςαρα
2473 4253 2683 4305 δυῑκῶν
2719 4252 2810 4304 καὶ
2845 4251 3198 4317 πληθυντικὰ

603 4334 724 4396 Ab,
774 4334 874 4387 aut
909 4334 1087 4402 πάςης
1124 4336 1398 4389 πτώςεως
1435 4336 1670 4402 τέςςαρα
1704 4336 1867 4388 δυ’ίκὰ
1907 4338 1995 4387 καὶ
2035 4338 2387 4403 πληθυντικὰ
2422 4337 2522 4389 aut.
2557 4336 2734 4402 πάςης
2774 4336 3046 4389 πτώςεως
3080 4335 3197 4388 τές-

603 4433 742 4484 ςαρα
777 4419 989 4471 δυ’ίκῶν
1026 4421 1117 4472 καὶ
1154 4422 1554 4485 πληθυντικῶν
1589 4418 1946 4473 scribendum
1981 4435 2103 4472 esse
2142 4422 2335 4474 censet
2369 4418 2775 4485 RSkrzeczka1
2808 4424 2887 4476 11.
2926 4434 3075 4472 εςτιν
3101 4420 3145 4474 Α
3184 4419 3191 4485 Ι

608 4509 686 4555 15.
725 4503 878 4570 μέρει
914 4502 978 4562 b,
1017 4519 1221 4569 μερους
1258 4503 1300 4555 Α
1356 4505 1364 4567 Ι
1420 4508 1499 4558 16.
1538 4505 2143 4569 παρακολουθήςαντος
2179 4503 2561 4570 RSchneider,
2599 4506 3196 4571 ι’(ὰτακολουθηςαντος

602 4587 674 4647 Α,
709 4588 922 4655 puncta
956 4586 1253 4654 adscripsit
1288 4590 1383 4653 Α“,
1423 4588 2019 4653 κατακολουθήςαντος
2054 4587 2091 4641 b
2157 4592 2166 4652 Ι
2236 4595 2310 4647 17.
2349 4605 2569 4656 μερεςιν
2606 4591 2648 4643 Α
2698 4595 2708 4653 Ι
2756 4595 2836 4641 21.
2874 4606 2919 4643 π
2951 4586 3009 4640 in
3057 4589 3196 4655 πλη-

602 4674 856 4724 θυντικαι
899 4670 1052 4724 facta
1095 4671 1153 4723 in
1198 4674 1242 4726 Α
1289 4688 1355 4724 ex
1397 4671 1613 4724 duabus
1648 4670 1879 4736 litteris,
1928 4689 2164 4740 quarum
2201 4673 2381 4727 altera.
2415 4673 2524 4726 suit
2557 4692 2618 4739 η,
2675 4674 2746 4726 ab
2786 4674 2863 4726 Aa:
2919 4677 2926 4738 Ι
2983 4679 3062 4725 22.
3101 4672 3192 4725 ἀν-

602 4755 907 4823 δροφόνος]
946 4755 1041 4809 fol.
1081 4760 1168 4807 171
1201 4772 1255 4807 ν.
1288 4761 1296 4818 Ι
1330 4761 1409 4808 23.
1446 4756 1613 4809 οὐδὲν
1656 4756 1763 4822 γὰρ
1800 4756 1922 4820 Ab,
1959 4758 2083 4810 ἀλλ’
2120 4759 2286 4811 οὐδὲν
2324 4757 2413 4811 vel
2449 4759 2574 4811 ἀλλ’
2608 4758 2776 4811 οὐδὲν
2810 4758 2917 4823 γάρ
2953 4757 3194 4810 scriben-

604 4838 738 4891 dum
775 4854 893 4892 esse
935 4837 1139 4893 conicit
1173 4838 1541 4893 RSkrzeczka
1570 4843 1579 4907 Ι
1609 4845 1690 4898 24.
1725 4841 1878 4894 δυςιν
1916 4841 1958 4893 Α
1989 4843 1999 4908 Ι
2029 4848 2111 4895 26.
2146 4860 2268 4896 των
2304 4858 2477 4909 supra
2509 4841 2608 4897 lin.
2647 4841 2706 4893 in
2743 4844 2786 4896 Α
