3738 5530
482 387 488 394 ·
540 374 984 431 Commentarius
1012 373 1239 431 criticus
1268 376 1328 430 et
1353 373 1674 446 exegeticus
1701 373 1760 429 in
1790 373 2077 446 Apollonii
2104 374 2332 445 Dyscoli
2360 374 2572 446 scripta
2598 374 2829 431 minora.
2910 375 3034 441 137

423 544 720 614 fuerintne
767 546 948 605 etiam
996 545 1118 604 alia
1162 547 1406 604 nomina
1449 544 1514 603 in
1561 562 1698 619 usu,
1750 563 1942 621 neque
1986 544 2167 620 illud,
2221 547 2356 622 quis
2403 539 2717 620 ἐπίρρημα
2772 547 3035 625 appella-

423 637 646 697 tionem
692 653 845 711 quae
888 637 1100 712 postea
1144 634 1410 695 omnium
1454 652 1565 694 usu
1610 635 1850 711 recepta
1894 635 1986 694 est
2028 635 2337 695 invenerit
2423 634 2653 695 Stoicos
2697 637 2856 696 certe
2901 655 3036 697 auc·

424 728 582 785 tores
628 725 754 784 eius
799 744 918 783 non
962 724 1143 784 fuisse
1200 744 1269 784 ex
1314 724 1603 783 Prisciani
1647 725 1990 784 testimonio
2046 726 2298 801 apparet
2339 723 2401 783 Π
2450 726 2530 785 16
2578 744 2634 802 p.
2678 726 3038 802 54‚9-11‚

424 814 583 891 quod
648 814 900 875 fortasse
965 834 1033 873 ex
1088 814 1200 892 Ap.
1259 813 1636 890 desumptum
1697 817 1813 873 est:
1879 807 2041 873 ‘nam
2104 813 2489 891 participium
2551 818 3038 876 connumerantes

424 903 618 964 verbis
673 903 1050 981 participiale
1105 902 1353 963 verbum
1406 903 1703 963 vocabant
1745 902 1841 962 vel
1886 903 2150 977 casuale,
2204 922 2311 962 nec
2364 922 2482 963 non
2529 905 2709 963 etiam
2756 903 3039 965 adverbia

424 992 762 1054 nominibus
809 994 903 1053 vel
948 992 1143 1052 verbis
1188 991 1694 1053 connumerabant
1729 995 1792 1052 et
1827 992 1999 1068 quasi
2046 992 2341 1053 adiectiva
2376 992 2691 1053 verborum
2736 1012 2807 1052 ea
2850 995 3039 1055 nomi-

425 1082 654 1142 nabant
695 1084 733 1141 i
772 1102 820 1141 e.
869 1079 958 1143 ὼ(
1014 1077 1274 1143 ἐπίθετα
1327 1080 1460 1142 τῶν
1507 1075 1851 1157 ῥημάτωνῖ
1952 1080 2115 1152 Quae
2171 1081 2465 1159 quomodo
2521 1082 2866 1159 accipienda
2918 1085 3041 1143 sint

427 1173 687 1249 explicat
721 1170 1191 1232 GFSchoemann
1228 1170 1371 1230 Red.
1407 1171 1616 1231 157—
1627 1171 1726 1230 58.
1799 1170 1966 1232 Idem
2004 1188 2199 1249 opusc.
2230 1170 2318 1230 IV
2348 1173 2599 1246 228,15
2640 1163 2755 1253 (=
2785 1172 2816 1231 Ι
2845 1174 2905 1248 8,
2929 1165 3040 1256 15)

428 1256 490 1320 ‘a
523 1256 936 1338 philosophis',
982 1263 1197 1339 inquit,
1242 1255 1320 1319 ‘h.
1361 1280 1409 1320 e.
1452 1264 1523 1321 ut
1567 1260 1823 1321 arbitror
1869 1280 1908 1321 a
1944 1259 2179 1336 Stoicis,
2225 1261 2506 1322 adverbia
2552 1262 2733 1323 etiam
2779 1263 3039 1341 generali

425 1353 663 1412 nomine
708 1347 1203 1426 κατηγορήματα
1247 1353 1473 1428 pariter
1517 1370 1650 1409 cum
1687 1350 1882 1411 verbis
1930 1351 2236 1429 appellata
2282 1369 2409 1412 esse
2443 1352 2617 1412 docet
2658 1352 2834 1412 schol.
2866 1352 3039 1412 Dion.

432 1441 578 1516 932,
602 1441 682 1500 15
742 1436 872 1517 (καὶ
926 1437 1003 1501 τὸ
1060 1435 1374 1515 ἐπίρρημα
1426 1435 1838 1514 κατηγόρημά
1892 1455 2085 1515 φαειν
2141 1435 2203 1502 οἱ
2258 1437 2625 1517 φιλόςοφοι.
2717 1438 2821 1501 καὶ
2877 1436 3039 1517 ὅπερ

431 1524 556 1590 {cri
601 1526 678 1590 τὸ
726 1524 1021 1590 ἐπίθετον
1068 1524 1277 1603 ὄνομα
1324 1525 1394 1589 ἐν
1441 1528 1575 1590 τοῖς
1622 1524 1889 1603 ὀνόμαει
1928 1576 1941 1589 .
1981 1576 1994 1588 .
2035 1575 2048 1588 .
2096 1529 2291 1591 τοῦτο
2337 1527 2439 1591 καὶ
2485 1526 2561 1591 τὸ
2610 1526 2923 1606 ἐπίρρημα
2969 1527 3041 1592 ἐν

429 1616 566 1680 τοῖς
613 1613 946 1696 ῥήμαεινγ.
1021 1619 1150 1679 Iam
1195 1638 1335 1678 vero
1382 1637 1516 1677 cum
1552 1616 1958 1688 Quintilianus
1994 1622 2248 1679 testetur
2282 1611 2341 1700 (I
2381 1622 2439 1693 4,
2462 1611 2594 1700 20),
2629 1618 3042 1680 Aristarchum

427 1710 491 1768 in
536 1727 780 1768 numero
827 1702 1219 1768 ‘idoneorum'
1267 1711 1577 1768 auctorum
1622 1709 1804 1768 fuisse
1850 1708 1955 1786 qui
2001 1711 2135 1769 octo
2179 1709 2316 1768 illas
2361 1709 2647 1770 orationis
2692 1712 2921 1787 partes,
2978 1710 3042 1770 in

429 1797 643 1874 quibus
707 1797 889 1857 etiam
943 1797 1227 1857 adverbia
1288 1799 1452 1874 sunt,
1517 1797 1887 1858 statuebant:
1950 1796 2089 1857 inde
2152 1797 2226 1857 ab
2282 1797 2615 1858 Aristarchi
2678 1800 3042 1878 temporibus

430 1882 745 1962 ἐπίρρημα
799 1886 1124 1964 appellatio
1180 1905 1288 1946 usu
1335 1888 1574 1964 recepta
1626 1905 1751 1947 esse
1796 1887 2036 1948 videtur
2080 1879 2183 1968 (cf.
2231 1885 2699 1948 GFSchoemanu
2746 1888 2889 1948 Rad.
2943 1892 3040 1949 12.

434 1977 590 2052 1633
634 1975 1000 2037 EFrohwein
1046 1977 1118 2035 de
1164 1975 1460 2036 adverbiis
1507 1979 1732 2055 graecis
1778 1977 1841 2037 in
1888 1975 2049 2036 cm
2100 1975 2264 2035 Stud.
2314 1977 2343 2035 Ι
2392 1969 2523 2059 68).
2615 1977 2784 2048 Quod
2830 1997 3043 2039 nomen

429 2065 725 2142 quomodo
770 2065 1184 2144 explicandum
1229 2066 1323 2136 sit,
1369 2066 1530 2125 infra
1575 2065 1651 2126 ad
1701 2065 1848 2142 125,
1871 2068 1907 2124 7
1955 2067 2289 2143 quaeretur.

613 2157 816 2230 119‚3
865 2155 1065 2233 Egger
1099 2153 1212 2233 Ap.
1255 2157 1380 2215 204
1429 2175 1483 2215 ιι.
1528 2158 1586 2231 1,
1630 2155 1796 2214 cuius
1843 2154 2178 2215 emendatio
2226 2158 2288 2214 et
2330 2155 2385 2213 h.
2416 2155 2455 2213 l.
2494 2159 2556 2215 et
2600 2156 2747 2215 coni.
2791 2157 3042 2229 21:3‚15

431 2244 770 2321 recipienda
814 2247 944 2304 erat
979 2236 1287 2324 (Egenolff
1315 2244 1346 2302 I
1386 2236 1578 2326 841);
1626 2244 1810 2304 etiam
1854 2247 2009 2321 synt.
2045 2245 2245 2319 136‚1
2300 2238 2388 2305 εἰ(
2436 2239 2560 2319 γὰρ
2607 2240 3043 2319 ὑποετολὴν

433 2330 549 2408 τὴν
596 2332 712 2395 τοῦ
749 2328 1062 2405 Αἰολικοῦ,
1109 2332 1211 2394 ubi
1255 2333 1442 2412 Uhlig
1478 2333 1508 2392 I
1548 2335 1629 2394 18
1678 2329 2044 2408 διαετολήν
2090 2333 2346 2410 scripsit,
2394 2334 2644 2394 fortasse
2691 2328 3042 2412 ὑπο<δια>-

435 2419 668 2497 (τολήν
712 2422 1051 2500 ponendum
1095 2425 1199 2483 est.

613 2514 669 2572 1.
715 2512 1017 2588 Definitio,
1062 2513 1227 2572 cuius
1274 2515 1475 2589 partes
1521 2512 1876 2590 singillatim
1920 2515 2340 2589 percensentur
2388 2513 2837 2588 119,5—-125‚
2859 2514 2915 2572 6.

608 2602 903 2674 Definitio.
993 2599 1356 2662 Aduerbium
1413 2606 1496 2662 est
1542 2620 1697 2677 pars
1754 2603 2036 2661 orationis
2093 2602 2546 2670 indeclinabilis,
2611 2619 2761 2676 quae
2821 2603 3046 2676 aliquid

421 2693 735 2768 praedicat
785 2693 857 2751 cle
909 2692 1079 2750 verbo
1121 2709 1236 2765 per
1287 2692 1486 2752 modos
1541 2695 1798 2767 tempora
1843 2708 2134 2767 personas
2186 2693 2359 2764 fleme,
2417 2693 2506 2751 ita
2549 2692 2780 2765 quidem
2834 2696 2901 2751 ut
2943 2697 3049 2753 aut

432 2799 564 2841 eum
617 2782 883 2841 munibus
936 2785 1040 2841 aut
1093 2799 1211 2840 mm
1265 2798 1397 2841 omn
1448 2782 1713 2841 omnibus
1776 2781 1968 2842 modis
2030 2782 2397 2860 temporibus
2461 2782 2728 2859 personis
2789 2785 3047 2843 construi

421 2873 642 2946 possiu-
686 2887 836 2944 quae
871 2863 935 2952 (i.
965 2890 1015 2929 e.
1052 2871 1277 2930 formae
1314 2870 1477 2930 verbi
1514 2890 1621 2948 per
1654 2870 1860 2931 modos
1902 2874 2172 2949 tempora
2206 2889 2489 2948 personas
2526 2863 2689 2951 flexi)
2728 2874 2783 2931 si
2817 2873 3043 2939 desum,

433 2961 772 3020 adverbium
798 2977 917 3019 mm
942 2961 1186 3034 praebet
1210 2963 1549 3019 sementiam
1574 2961 1818 3035 plenam
1846 2962 1994 3035 119,
2016 2961 2204 3020 5-6.
2254 2960 2340 3020 Cf.
2368 2962 2545 3021 schol.
2566 2960 2762 3019 DThr.
2788 2961 2934 3035 933,
2959 2962 3038 3020 18

434 3045 669 3110 ταύτὸν
707 3043 830 3124 γάρ
869 3044 994 3110 ἐετι
1039 3045 1117 3109 τὸ
1154 3044 1468 3123 ἐπίρρημα
1511 3049 1647 3111 τοῖς
1694 3045 2070 3111 ἑπιθετικοῑε
2107 3045 2428 3124 ὀνόμαειν.
2495 3046 2573 3111 ὃν
2620 3046 2867 3125 τρόπον
2914 3046 3037 3125 γὰρ

433 3134 513 3198 τὰ
568 3133 827 3199 ἐπίθετα
882 3132 1179 3213 ἀναμένει
1225 3134 1264 3211 ἢ
1311 3134 1531 3213 κύριον
1576 3135 1615 3212 ἢ
1663 3135 2156 3214 προςηγορικόν,
2213 3134 2388 3200 οὕτω
2444 3135 2547 3199 καὶ
2601 3136 2678 3199 τὸ
2726 3134 3040 3214 ἐπίρρημα

434 3223 549 3288 ἐάν
605 3244 699 3288 τι(
753 3222 1063 3307 προτάξῃ,
1129 3222 1374 3302 ἀνάγκη
1433 3223 1596 3289 ἐετὶν
1653 3223 1918 3299 ἐπάγειν
1974 3223 2157 3303 ῥῆμα.
2249 3223 2550 3288 ἐπίκειται
2605 3224 2729 3303 γὰρ
2786 3222 2886 3288 ἀεὶ
2946 3229 3037 3308 τῷ

435 3312 678 3392 ῥήματι.
755 3310 911 3377 ἄνευ
957 3312 1079 3391 γὰρ
1127 3310 1428 3391 ῥημάτων
1466 3313 1545 3378 οὐ
1584 3312 1888 3389 (υγκλείει
1926 3312 2235 3378 διάνοιαν.
2310 3313 2536 3378 Ἰετέον
2582 3314 2655 3377 δὲ
2703 3312 2819 3388 ὅτι,
2869 3312 3040 3378 ὅπου

435 3400 748 3480 ἐπίρρημά
796 3401 947 3477 ἐετι,
1003 3399 1262 3466 πάντως
1308 3402 1412 3465 καὶ
1457 3400 1640 3481 ῥῆμα,
1689 3400 1857 3466 ὅπου
1907 3403 1979 3466 δὲ
2026 3401 2219 3481 ῥῆμα,
2277 3402 2357 3468 οὐ
2403 3401 2662 3467 πάντως
2711 3401 3040 3481 ἐπίρρημα.

433 3494 729 3554 Planudes
785 3491 928 3570 περὶ
973 3489 1326 3556 ευντάξεω(
1386 3496 1531 3569 118,
1551 3497 1638 3556 30
1693 3491 1797 3573 (τὸ
1823 3490 2197 3573 ,ἐπίρρημα)
2253 3491 2515 3570 δυνάμει
2573 3490 2868 3556 ἐπίθετον
2928 3494 3047 3556 τοῦ

436 3579 719 3660 ῥήματό(
764 3579 905 3655 ἐετι,
953 3580 1042 3644 ὡς
1089 3581 1191 3644 καὶ
1236 3579 1396 3644 αὐτὸ
1443 3581 1520 3644 τὸ
1561 3580 1770 3659 ὄνομα
1806 3580 2044 3645 τούτου
2090 3584 2290 3660 δηλοῖ.
2368 3584 2528 3644 Gaza
2564 3584 2834 3645 Lasearis
2872 3583 3047 3644 Chal-

436 3673 718 3750 condylas
767 3674 1052 3733 Thracem
1096 3677 1425 3750 sequuntur
1471 3666 1537 3755 (7
1547 3676 1604 3749 2,
1625 3675 1817 3749 4—5,
1867 3674 1968 3734 ubi
2016 3674 2132 3733 vid.
2181 3694 2333 3752 quae
2379 3674 2564 3753 Uhlig
2618 3666 2851 3755 adn.).⁰
2892 3668 3049 3743 ‘Qua

435 3762 779 3824 definitione
824 3783 967 3822 num
1011 3762 1364 3840 Apollonius
1410 3763 1697 3823 Thracem
1742 3783 1953 3823 revera
1997 3766 2338 3839 correxerit,
2386 3764 2560 3823 valde
2607 3763 2831 3841 ambigi
2876 3763 3046 3838 licet3

437 3852 538 3912 sed
568 3853 711 3930 quin
731 3850 1134 3929 Apolloniana
1161 3871 1230 3912 ex
1259 3852 1628 3929 Dionysiana
1655 3856 1789 3914 orta
1815 3854 1912 3929 sit,
1941 3872 2059 3913 non
2088 3848 2319 3913 dubito'
2339 3853 2526 3932 Uhlig
2550 3853 2629 3912 ad
2658 3852 3043 3927 DThr.72,4.

435 3941 643 4019 Neque
697 3943 824 4020 ipse
879 3941 1084 4001 dubito
1132 3943 1277 4019 quin
1321 3939 1674 4020 Apollonius
1719 3943 1782 4002 id
1842 3943 2060 4020 egerit,
2124 3946 2193 4002 ut
2246 3940 2677 4019 Dionysianam
2740 3942 3046 4004 meliorem

436 4030 720 4091 redderet.
813 4029 976 4101 Quae
1021 4048 1153 4107 spes
1200 4051 1334 4090 eum
1379 4031 1617 4107 fefellit3
1672 4051 1811 4092 nam
1866 4032 2217 4092 deteriorem
2277 4050 2402 4092 esse
2461 4033 2588 4091 eius
2643 4031 3044 4092 definitionem

436 4121 807 4196 Dionysiana
854 4119 1322 4180 GFSchoemann
1368 4120 1399 4178 I
1447 4122 1486 4180 8
1512 4139 1598 4198 sq.
1647 4113 1760 4203 (=
1791 4140 1987 4199 opusc.
2026 4121 2115 4180 IV
2153 4122 2279 4181 228
2302 4113 2419 4203 sq.)
2465 4120 2762 4181 luculente
2806 4121 3046 4182 demon-

437 4211 678 4270 stravit:
743 4203 986 4270 ‘Omisit
1037 4210 1226 4288 igitur
1269 4209 1382 4287 Ap.
1427 4212 1730 4287 participii
1786 4213 2145 4271 mentionem
2200 4212 2420 4287 facere,
2480 4210 2554 4270 ab
2609 4211 2742 4288 ipso
2797 4211 2954 4270 sicut
3009 4229 3048 4269 a

438 4301 645 4359 ceteris
701 4299 1104 4377 grammaticis
1158 4319 1275 4362 non
1331 4299 1457 4359 sine
1510 4318 1691 4360 causa
1733 4319 1772 4358 a
1817 4300 1997 4360 verbo
2053 4302 2328 4374 seiuncti,
2388 4299 2489 4359 sed
2545 4301 2639 4359 cui
2686 4319 2804 4359 non
2850 4298 3046 4359 minus

437 4392 636 4448 tamen
710 4407 889 4466 quam
953 4389 1132 4448 verbo
1206 4388 1487 4449 adverbia
1559 4389 1698 4449 addi
1772 4409 1906 4449 mox
1978 4390 2105 4466 ipse
2179 4389 2351 4450 docet
2413 4382 2592 4471 (121,
2623 4380 2721 4469 2),
2791 4389 3046 4464 ideoque

437 4477 841 4538 definitionem
904 4497 1072 4538 suam
1135 4479 1248 4538 hoc
1300 4478 1533 4538 defectu
1590 4479 1860 4539 laborare
1915 4479 2240 4539 confitetur.
2342 4477 2560 4538 Omisit
2621 4497 2800 4555 porro
2864 4479 3045 4538 etiam

438 4567 774 4628 nominibus
832 4569 1094 4645 ipsisque
1149 4568 1297 4628 adeo
1353 4567 1648 4628 adverbiis
1707 4567 1990 4629 adverbia
2045 4567 2182 4628 addi
2240 4585 2411 4645 posse
2452 4613 2462 4624 .
2507 4614 2516 4624 .
2558 4613 2571 4626 .
2671 4565 3046 4644 Quamquam

438 4656 584 4717 haec
626 4659 822 4718 minus
867 4657 1256 4734 reprehendo·
1302 4659 1567 4717 excusari
1612 4658 1769 4717 enim
1816 4659 2018 4735 aliquo
2064 4658 2238 4718 modo
2284 4659 2559 4733 possunt,
2604 4658 2666 4717 et
2711 4659 3047 4717 communia

440 4748 578 4806 sunt
619 4746 940 4824 Apollonio
996 4766 1129 4807 cum
1183 4748 1409 4807 ceteris.
1501 4746 1618 4807 Sed
1665 4746 1822 4824 quod
1877 4746 1992 4808 sibi
2039 4747 2348 4824 proprium
2405 4745 2587 4806 habet
2634 4740 2820 4826 [quod
2865 4747 3048 4807 iterat

443 4830 752 4915 12Ο,19],
807 4836 884 4894 ad
938 4837 1177 4896 modos
1231 4835 1544 4896 verborum
1589 4840 1885 4913 pertinere
1939 4855 1982 4895 s.
2031 4836 2104 4896 de
2157 4836 2347 4895 modis
2394 4836 2620 4912 aliquid
2669 4835 2897 4896 edicere
2943 4835 3045 4895 ad·

441 4882 668 5000 ver-bia,
713 4926 930 4984 mirum
976 4929 1270 5003 quantum
1316 4945 1353 4985 a
1397 4926 1650 4986 veritate
1696 4926 1987 4985 abhorret.
2080 4924 2136 4984 N
2138 4945 2233 4985 am
2281 4925 2563 5002 pleraque
2610 4925 2916 5001 adverbia,
2976 4944 3047 4985 ea

441 5016 645 5091 utique
700 5017 924 5089 omnia,
984 5034 1134 5093 quae
1189 5014 1329 5091 loci,
1388 5017 1698 5094 temporis,
1753 5016 2094 5092 qualitatis,
2148 5016 2504 5091 quantitatis
2550 5015 3044 5095 significationem
