3738 5530
610 325 730 392 166
1521 334 1698 384 ΠΕΡΙ
1736 331 2293 384 ΕΠῙΡΡΗΜΑΤΩΝ.

1609 451 1652 488 p.
1680 441 1772 490 576,
1799 441 1850 481 28
1877 460 1928 470 -
1954 440 2045 492 ωε,
2072 441 2120 481 ει
2149 441 2179 479 ι)

605 533 685 612 ἦν
743 534 814 598 ἐν
861 540 1208 617 ςυγκριτικῇ
1252 541 1625 616 παραγωγῇ.
1699 536 1778 599 τά
1832 536 1903 611 γ’
1945 534 2067 600 οὖν
2111 536 2691 614 προκατειλεγμένα
2750 537 3057 601 δέδεικται
3106 538 3197 602 ὼς

606 635 703 713 εἴη
749 636 1121 713 παραγωγά.
1194 635 1272 714 ἦν
1318 636 1438 701 οὖν
1483 638 1560 701 τὰ
1604 637 2024 717 προκείμενα,
2070 637 2240 712 λέγω
2284 637 2360 701 τὸ
2406 636 2719 715 ἐπιςχερώ
2765 639 2864 701 καὶ
2910 638 3020 720 ἰώ,
3077 638 3195 702 οὐκ

607 737 959 816 ἐνεχόμενα
1012 744 1088 820 τῇ
1147 742 1360 819 δοτικῇ
1407 743 1793 821 παραγωγῇ,
1851 739 1953 802 καὶ
2010 738 2198 802 ἕνεκα
2241 737 2478 801 τούτου
2524 737 2680 802 οὐδὲ
2733 746 2809 822 τῇ
2866 740 3198 818 ταυτότητι

607 842 717 916 τῆς
761 839 1003 904 τάςεως
1047 840 1379 917 έχρήςατο.
1455 839 1551 903 ὅτι
1596 841 1666 903 δὲ
1696 839 1900 903 καὶέν
1932 845 2285 928 παραγωγῇ
2315 840 2458 903 τινὰ
2494 840 2802 918 γινόμενα
2841 840 3195 904 διαλλάςςει

3246 657 3297 695 30

539 956 570 1004 5
606 943 765 1004 κατὰ
808 942 924 1018 τὴν
968 940 1143 1005 τάςιν
1187 946 1320 1005 τῶν
1367 941 1815 1018 πρωτοτύπων
1869 942 1910 1019 ἢ
1956 946 2088 1006 τῶν
2133 943 2212 1019 μὴ
2259 939 2416 1004 κατὰ
2459 942 2534 1004 τὸ
2586 941 2744 1006 αὐτὸ
2799 942 3195 1018 γενομένων,
3232 960 3329 1008 577

607 1043 929 1121 ἐδείξαμεν
983 1043 1128 1119 περὶ
1181 1045 1314 1107 τῶν
1372 1042 1459 1106 είς
1510 1045 1539 1105 ῑ
1596 1042 1932 1119 ληγόντων
1987 1041 2469 1125 ἐπιρρημάτων,
2525 1041 2656 1117 εἴγε
2716 1041 2757 1105 ἃ
2812 1043 2926 1120 μὲν
2982 1041 3198 1107 αὐτῶν

607 1144 802 1208 πάλιν
860 1143 1178 1219 ὀξύνεται,
1240 1143 1281 1206 ἃ
1340 1145 1410 1208 δὲ
1469 1145 1804 1225 βαρύνεται
1860 1145 1932 1209 ἑν
1990 1146 2287 1226 διαςτολῇ
2345 1149 2421 1227 τῇ
2480 1144 2739 1226 δεούςῃ·
2809 1143 2889 1206 οὐ
2943 1144 3066 1222 γὰρ
3121 1145 3197 1208 τὸ

608 1245 801 1324 νόςφι
860 1246 962 1309 καὶ
1025 1247 1102 1309 τὸ
1168 1244 1269 1326 ἶφι
1336 1246 1572 1324 ὁμοίως
1631 1245 1936 1324 εἰρήςεται
1990 1252 2081 1328 τῷ
2147 1245 2475 1323 ἑλληνιςτί.
2552 1246 2655 1309 καὶ
2707 1244 2760 1308 εἰ
2813 1245 3068 1309 δέδοται
3122 1244 3199 1310 τὸ

608 1348 1148 1426 παρηλλαγμένον
1202 1352 1319 1412 τοῦ
1362 1347 1564 1411 τόνου
1608 1347 1680 1411 ἐν
1736 1348 2033 1433 διαφόρῳ
2091 1345 2290 1421 εἴδει,·
2328 1346 2527 1426 ςαφὲς
2585 1345 2683 1411 ὅτι
2736 1345 2890 1410 οὐδὲ
2934 1345 3040 1411 ἐπὶ
3082 1351 3198 1411 τοῦ

516 1466 574 1511 ιο
609 1448 912 1513 τοιούτου
971 1448 1176 1528 βίαιον
1221 1450 1323 1513 καὶ
1376 1450 1451 1513 τὸ
1508 1449 1819 1529 ἐπιςχερώ
1877 1448 2204 1516 ὀξύνεςθαι
2260 1448 2361 1510 καὶ
2404 1448 2480 1511 τὸ
2539 1450 2647 1529 ἰώ,
2703 1447 2773 1512 ἐν
2819 1449 3198 1530 παραλλαγῇ

617 1555 977 1616 καθεςτῶτα
1022 1554 1138 1614 τοῦ
1183 1551 1407 1630 πρόςω
1451 1551 1554 1614 καὶ
1596 1552 1771 1634 τόνῳ
1816 1553 1919 1616 καὶ
1960 1554 2094 1615 τῶν
2138 1550 2403 1630 ὁμοίων.

777 1652 908 1717 Ἐτι
962 1652 1043 1716 τὰ
1099 1651 1188 1716 εἰς
1242 1676 1296 1717 ω
1354 1653 1637 1730 λήγοντα
1691 1653 2086 1732 ἐπιρρήματα
2141 1651 2595 1734 παροξύνεται,
2660 1652 2871 1715 καθὼς
2928 1652 3060 1730 ἔχει
3122 1651 3201 1715 τὰ

609 1754 1223 1833 προκατειλεγμένα,
1270 1755 1510 1836 πρόςω,
1556 1754 1702 1833 ἔςω,
1751 1754 1945 1835 κάτω,
1992 1753 2335 1831 ἐγγυτέρω.
2414 1754 2614 1833 ςαφὲς
2658 1752 2779 1816 οὖν
2825 1752 2942 1829 ὅτι,
2989 1753 3200 1817 καθὼς

610 1855 1037 1937 προείπομεν,
1082 1855 1135 1920 εἰ
1179 1854 1491 1934 ἐπίρρημα
1533 1855 1609 1918 τό
1654 1854 1886 1937 ἄνεῳ,
1933 1854 2424 1934 ςεςημειώςεται.
2473 1889 2548 1901 -
2598 1853 2752 1918 ἀλλ’
2794 1853 2850 1918 εἰ
2894 1854 3199 1931 παρεςτή-

513 1972 576 2020 15
613 1974 803 2033 ςαμεν
862 1955 952 2020 ὡς
1010 1958 1091 2020 τὰ
1146 1955 1657 2030 ςυνεμπίπτοντα
1712 1956 2060 2040 ὀνοματικῇ
2115 1955 2349 2019 πτώςει
2406 1955 2797 2034 ἐπιρρήματα
2852 1956 2970 2033 τὴν
3026 1954 3199 2018 τὰςιν

611 2063 744 2122 τῶν
791 2055 1131 2135 ὀνομάτων
1177 2058 1503 2139 φυλάςςει,
1548 2058 1745 2141 ςαφὲς
1790 2056 1889 2122 ὅτι
1934 2056 2597 2136 προπαροξυνόμενον
2640 2056 2828 2121 ἕνεκα
2855 2059 2973 2121 τοῦ
3003 2056 3202 2121 τόνου

613 2160 1038 2237 κατώρθωται.
1114 2160 1437 2224 ἐδείκνυτο
1491 2162 1616 2238 γὰρ
1672 2162 1748 2224 τὸ
1793 2159 2254 2240 προκείμενον,
2314 2158 2405 2223 ὡς
2450 2157 2579 2222 ἀπὸ
2626 2159 2900 2237 Ἀττικῆς
2950 2163 3203 2239 γραφῆς

610 2249 721 2339 τῆς
777 2258 986 2324 ἄνεως
1044 2261 1482 2340 έςχημάτιςτο·
1547 2260 1626 2339 ἦν
1695 2263 1767 2325 δὲ
1823 2261 1901 2325 τὸ
1955 2261 2129 2338 παρὰ
2174 2261 2477 2324 Ἀττικοῖς
2533 2259 2744 2325 ἄνεως
2798 2260 3013 2338 τρίτην
3070 2259 3201 2322 ἀπὸ

613 2363 842 2426 τέλους
897 2362 1052 2441 ἔχον
1105 2362 1222 2438 τὴν
1268 2360 1502 2428 ὀξεῖαν.
1580 2361 1732 2427 ὅθεν
1777 2361 2067 2437 εὐλόγως
2120 2363 2201 2426 τὰ
2255 2363 2370 2442 μὲν
2425 2360 2592 2425 ἄλλα
2642 2361 3044 2441 βαρυνόμενα
3086 2362 3202 2439 τὴν

511 2482 578 2529 2ο
614 2461 830 2527 ὀξεῖαν
886 2463 1015 2539 πρὸ
1070 2463 1298 2528 τέλους
1352 2463 1521 2546 ἔχει,
1587 2463 1668 2526 οὐ
1725 2464 2083 2542 δυναμένης
2137 2467 2248 2539 τῆς
2304 2461 2511 2527 ὀξείας
2568 2458 2740 2545 <εἰς>
2796 2463 3012 2541 τρίτην
3069 2461 3199 2526 ἀπὸ

612 2565 841 2629 τέλους
887 2565 1158 2629 πίπτειν.

780 2666 910 2730 ’Έτι
942 2667 1021 2730 τὰ
1050 2664 1141 2730 εἰς
1171 2669 1224 2730 ὦ
1257 2667 1540 2745 λήγοντα
1569 2667 1962 2746 ἐπιρρήματα
1992 2664 2252 2748 βραχείᾳ
2283 2665 2575 2744 κέχρηται
2604 2671 2680 2749 τῇ
2705 2665 3206 2748 παρεδρευούςῃ,

617 2770 706 2833 ὡς
753 2768 882 2846 ἔχει
927 2769 1004 2832 τό
1051 2769 1363 2847 ἑκαςτέρω
1407 2769 1511 2832 καὶ
1553 2770 1628 2834 τὸ
1672 2769 1869 2853 τόνῳ,
1918 2767 2073 2833 ἄνω.
2109 2805 2183 2814 —-
2231 2769 2334 2832 καὶ
2380 2765 2499 2831 οὐκ
2539 2764 2877 2832 ἀντίκειται
2916 2768 2993 2831 τὸ
3025 2765 3202 2831 εἷςω·

613 2871 928 2934 δέδεικται
979 2870 1105 2948 γὰρ
1150 2870 1251 2934 καὶ
1293 2870 1331 2948 ἡ
1375 2870 1443 2935 ἔς
1486 2871 1780 2949 πρόθεςις
1823 2870 2303 2948 ὁλοκληροτέρα
2345 2870 2445 2932 καὶ
2488 2870 2563 2934 τὸ
2609 2869 2750 2934 ἔςω.
2798 2906 2874 2915 -
2937 2869 3027 2933 Τὸ
3082 2868 3208 2946 ἄρα

515 2990 583 3038 25
617 2971 886 3051 πόρρω
930 2970 1249 3035 ἐκτέταται
1295 2971 1386 3037 ὡς
1430 2970 1899 3051 Ἀττικώτερον,
1946 2973 2103 3037 καθὸ
2148 2972 2250 3034 καὶ
2292 2970 2370 3034 τὸ
2412 2971 2767 3049 προπέρυςι
2798 2968 3204 3050 πρωπέρυςίν

616 3091 798 3152 φαςι,
855 3072 959 3136 καὶ
1019 3071 1115 3135 ὅτι
1171 3075 1422 3151 μᾶλλον
1476 3073 1836 3151 μηκυντικοί
1880 3073 1993 3138 εἰςι
2035 3072 2195 3136 κατὰ
2237 3073 2317 3136 τὰ
2374 3073 2750 3152 φωνήεντα·
2809 3072 3212 3151 περιςςοςυλ-

619 3173 822 3252 λάβου
877 3173 1079 3251 πὰςης
1135 3177 1387 3251 γενικῆς
1440 3174 1769 3251 κατάληξίς
1826 3174 1950 3239 ἐςτι
2011 3175 2306 3255 βραχεῖα,
2369 3173 2536 3237 ἀλλὰ
2583 3173 2899 3250 Ἀθηναῖοι
2954 3172 3209 3236 πόλεώς

618 3294 771 3355 φαςι
818 3274 916 3338 καὶ
961 3275 1049 3338 τὰ
1084 3276 1340 3339 τούτοις
1373 3275 1583 3354 ὅμοια.
1643 3280 1949 3353 κτητικῶν
1980 3280 2110 3339 τῶν
2147 3273 2234 3338 εἰς
2265 3277 2380 3337 ιῖὄὲ
2423 3276 2755 3351 ληγόντων
2784 3274 2824 3352 ἡ
2857 3273 3205 3351 παρεδρεύ-

618 3397 777 3442 ουςα
832 3375 1095 3456 βραχεῖά
1148 3377 1347 3453 ἐςτιν,
1405 3378 1572 3441 ἀλλὰ
1616 3378 1981 3455 κεραμεικός
2025 3377 2093 3440 τέ
2147 3396 2302 3455 φαςι
2359 3377 2459 3440 καὶ
2514 3377 2777 3454 βοεικός.
2849 3377 2925 3440 τό
2982 3380 3023 3438 ἆ
3078 3373 3206 3451 πρὸ

520 3496 587 3545 30
621 3483 755 3543 τῶν
812 3478 931 3543 δύο
990 3466 1067 3542 λλ
1122 3478 1547 3560 ςυςτέλλεται,
1613 3478 1892 3554 ςκὰλλω,
1960 3477 2207 3552 θάλλω,
2279 3477 2580 3559 ςφάλλω,
2647 3476 2878 3559 ἄλλος,
2943 3475 3206 3556 μαλλός,

622 3581 907 3662 φάλλος·
955 3577 1204 3657 ἐδείχθη
1250 3581 1351 3644 καὶ
1396 3579 1554 3643 κατὰ
1598 3582 1792 3643 τοῦτο
1837 3578 1913 3643 τὸ
1956 3580 2203 3656 μᾶλλον
2248 3578 2544 3642 Ἀττικόν.
2605 3576 2872 3657 ἄπειρος
2914 3577 2953 3656 ἡ
2998 3576 3088 3641 εἰς
3131 3576 3207 3640 τὸ

757 3783 970 3835 Anava.
1045 3786 1107 3834 14
1150 3781 1338 3849 Ἀνεῳ
1382 3779 1504 3834 iure
1549 3780 2044 3849 proparoxytonon
2091 3780 2203 3844 est,
2250 3779 2462 3847 quippe
2507 3778 2664 3831 cuius
2699 3778 2880 3831 forma
2915 3794 3042 3831 cum
3078 3794 3208 3831 casu

620 3866 861 3920 nominis
904 3867 1194 3936 congruat.
1248 3894 1309 3903 —-
1365 3871 1431 3917 25
1474 3866 1687 3932 Πόρρω
1733 3863 2064 3918 adverbium
2113 3879 2181 3916 ex
2229 3863 2389 3931 πόρῳ
2438 3863 2621 3916 ortum
2678 3878 2796 3917 esse
2842 3861 3092 3925 videtur,
3145 3864 3211 3915 ut

622 3951 804 4006 altera
838 3956 873 4018 ῥ’
907 3950 1116 4004 atticae
1152 3948 1397 4004 dialecto
1434 3948 1724 4004 debeatur.

761 4135 953 4190 stcn.
996 4153 1190 4189 sonu-r.
1253 4142 1300 4189 1.
1334 4138 1399 4201 γ’
1433 4137 1538 4190 οὖν
1575 4137 1634 4188 et
1666 4135 1720 4193 h.
1756 4135 1795 4189 1.
1832 4133 2086 4203 reposuit
2120 4135 2180 4188 et
2213 4134 2445 4188 formae
2482 4150 2536 4201 p.
2579 4138 2687 4198 165,
2726 4140 2789 4188 18
2823 4133 3210 4203 reponendum

624 4237 743 4275 esse
779 4221 973 4274 censet
1005 4219 1252 4290 GUhlig,
1289 4226 1430 4284 γοῦν
1467 4220 1556 4274 ΑΙ)
1597 4227 1605 4283 Ι
1652 4225 1698 4273 6.
1738 4223 1865 4287 περὶ
1898 4223 2019 4272 τῶν
2055 4221 2097 4273 Α
2123 4218 2187 4284 b,
2233 4218 2339 4286 <ἐν
2371 4219 2499 4286 τῷ)
2533 4221 2661 4284 περὶ
2695 4223 2817 4272 τῶν
2849 4217 3213 4272 RSkrzeczka

625 4304 902 4358 GDronke
950 4310 959 4368 Ι
1010 4312 1059 4362 9.
1095 4309 1199 4359 τοῦ
1236 4304 1411 4359 τόνου
1448 4306 1512 4359 ἑν
1547 4306 1803 4372 διαφόρῳ
1840 4305 1979 4359 είδει·
2012 4301 2262 4373 GUhh'g,
2299 4307 2404 4355 τοῦ
2440 4304 2626 4358 είδους
2662 4304 2725 4357 ἐν
2760 4303 3014 4371 διαφόρῳ
3052 4303 3209 4370 τόνῳ

625 4388 717 4443 ΑΙ)
755 4392 765 4454 Ι
814 4394 887 4447 14.
925 4406 1077 4443 ανεω
1116 4390 1158 4442 Α
1203 4395 1210 4452 Ι
1249 4389 1375 4442 ἀλλ’
1411 4390 1459 4443 εἰ
1496 4387 1737 4457 GUhlig,
1774 4391 1864 4442 καὶ
1902 4387 1950 4442 εἰ
1987 4387 2078 4442 ΑΙ)
2112 4391 2120 4452 Ι
2166 4393 2241 4439 15.
2279 4403 2619 4452 ονομαςτικη
2658 4389 2700 4441 Α
2732 4390 2742 4450 Ι
2773 4393 2854 4445 20.
2889 4392 2990 4452 τῆς
3028 4387 3212 4442 ὀξείας

624 4473 702 4527 είς
749 4474 951 4540 τρίτην
995 4473 1031 4525 b
1075 4473 1132 4526 in
1177 4489 1292 4526 var.
1329 4473 1481 4534 lect..
1537 4490 1642 4539 της
1675 4477 1857 4526 οξειας
1893 4488 2091 4538 τριτην
2127 4471 2199 4536 Α,
2253 4475 2354 4538 τῆς
2400 4473 2582 4526 ὀξείας
2625 4473 2818 4540 τρίτης
2855 4472 2891 4524 b
2935 4471 2994 4524 iu
3031 4472 3209 4534 textu,

623 4563 727 4624 τῆς
764 4558 945 4613 ὀξείας
980 4557 1215 4626 (τρίτης
1251 4559 1367 4612 ἀπὸ
1400 4560 1602 4612 τέλους
1642 4558 1819 4611 εἶναι·
1856 4557 1927 4609 τὸ
1962 4557 2023 4609 δὲ
2059 4558 2208 4622 ἄνεῳ
2248 4559 2763 4623 προπαροξύνεται,
2813 4558 3083 4609 Ἀττικῶς
3120 4558 3212 4608 δυ-

626 4644 870 4709 ναμένης
906 4646 1009 4708 τῆς
1044 4643 1225 4696 ὀξείας
1262 4643 1382 4710 είς)
1416 4642 1616 4708 τρίτην
1652 4638 1933 4695 GDronke
1985 4642 1995 4705 Ι
2049 4644 2129 4692 22.
2170 4643 2414 4707 βραχειαι
2451 4643 2493 4696 Α
2535 4644 2543 4707 Ι
2591 4649 2672 4695 25.
2712 4657 3080 4707 αττικοτερον
3116 4642 3158 4694 Α
3202 4641 3208 4702 Ι

626 4732 708 4778 27.
745 4725 1061 4794 κατάληξις]
1100 4724 1193 4782 fol.
1235 4732 1328 4781 133
1352 4743 1405 4780 v.
1465 4742 1606 4780 κατα
1642 4724 1700 4780 in
1737 4727 2035 4789 καταληξις
2072 4739 2208 4778 voce
2248 4723 2374 4779 add.
2415 4728 2481 4779 A*
2517 4725 2575 4781 in
2611 4742 2785 4796 marg.
2818 4728 2827 4792 Ι
2858 4731 2939 4779 29.
2976 4742 3041 4779 τε
3076 4740 3213 4792 φαςι

629 4812 698 4874 Α,
736 4826 868 4878 φαςι
902 4810 940 4864 b

3255 1677 3303 1717 10

3259 2080 3304 2120 15

3253 2486 3306 2523 20

3256 2991 3308 3030 25
