3738 5530
496 327 938 385 Commentarius
967 327 1193 384 criticus
1222 329 1281 383 et
1308 326 1630 399 exegeticus
1657 326 1716 382 in
1745 327 2034 398 Apollonii
2061 327 2290 398 Dyscoli
2318 329 2531 401 scripta
2557 330 2788 386 minora.
2869 329 2994 395 109

381 501 587 560 Etiam
628 500 947 560 Dorienses
987 501 1185 574 forma
1231 493 1305 559 οἶ
1347 502 1611 559 utuntur.
1713 493 1863 560 Ἐοῑ
1906 500 2134 574 famae
2176 516 2400 576 semper
2442 504 2632 561 rectus
2677 504 2847 561 tonus
2887 503 2995 561 im-

372 593 634 665 ponitur.
725 589 951 649 Forma
1002 583 1077 648 ἵν
1122 589 1420 649 Hesiodus
1474 592 1674 650 utitur.
1768 588 2037 650 Occurrit
2097 592 2270 651 etiam
2333 586 2472 664 ἑῖν,
2537 592 2690 666 quod
2754 594 2837 650 est
2894 592 2997 651 ubi

380 682 698 740 accusativi
743 681 931 740 loozom
974 680 1225 739 obtineat
1270 680 1673 754 82,14-25.

560 770 768 846 82,15
818 763 1086 847 εἴρηται]
1133 788 1300 847 pron.
1350 770 1545 845 81,1;
1588 770 1663 829 cf.
1701 771 1855 846 synt.
1900 770 2180 845 222,16;
2224 770 2363 830 Her.
2401 769 2522 830 ind.

561 861 766 935 82,17
813 853 954 938 foi]
1000 858 1145 917 Ahr.
1193 858 1355 919 dian.
1402 858 1435 917 Ι
1473 860 1574 918 31.
1628 861 1781 934 1243
1827 858 1963 917 Mei.
2010 859 2042 918 I
2083 861 2227 918 104.
2279 861 2423 919 166.

560 948 768 1024 82,18
822 943 938 1026 HJ]
1003 947 1146 1007 Ahr.
1193 948 1356 1008 diall.
1403 947 1435 1006 I
1476 949 1620 1023 191,
1643 949 1698 1007 6.
1759 949 1916 1023 2083
1979 947 2114 1007 Mei.
2162 947 2193 1006 I
2233 950 2377 1008 273.
2481 944 2784 1028 Δωριεῖς]
2849 948 2993 1008 Ahr.

562 1128 665 1202 82,
688 1129 771 1187 20
818 1120 1089 1206 εἴρηται]
1135 1146 1303 1204 pron.
1353 1127 1455 1203 38,
1478 1127 1559 1186 28
1611 1120 1853 1207 [39,5].

561 1217 768 1293 82,19
816 1216 889 1276 cf.
936 1215 1311 1276 RSchneider
1353 1215 1385 1275 Ι
1422 1217 1570 1275 474.

561 1309 663 1381 82,
688 1308 763 1365 21
813 1301 906 1385 ἵν]
957 1305 1211 1383 Hesych.
1256 1301 1345 1366 ἵν·
1394 1301 1553 1380 αὐτή
1604 1300 1793 1386 (αὐτῇ
1805 1300 1863 1383 '?)
1913 1301 2129 1381 αὐτήν.
2180 1302 2398 1368 αὐτόν.
2449 1302 2728 1384 Κύπριοι.
2803 1307 2882 1367 id.
2929 1301 2993 1368 ἵν

384 1384 517 1478 (scr.
562 1387 681 1477 ἵν)·
749 1391 942 1476 αὐτῷ.
1008 1391 1204 1456 αὐτὸ(
1268 1390 1445 1475 αὐτῷ
1511 1387 1617 1475 (ad
1661 1394 1908 1455 Hesiodi
1965 1396 2158 1456 locum
2214 1388 2504 1478 spectat);
2567 1396 2746 1457 schol.
2793 1397 2992 1474 Apoll.

379 1485 568 1546 Rhod.
614 1484 703 1544 IV
742 1486 853 1561 573
898 1482 1255 1544 GHermann
1293 1485 1369 1544 ad
1406 1483 1587 1562 Orph.
1630 1486 1665 1543 7
1674 1485 1752 1544 81
1797 1487 1857 1545 et
1893 1484 2123 1545 dissert.
2162 1485 2234 1545 de
2272 1489 2384 1546 aet.
2423 1488 2623 1563 script.
2662 1486 2804 1566 Arg.
2848 1487 2992 1546 788.

381 1575 454 1636 de
511 1575 651 1636 dial.
711 1573 880 1634 Pind.
942 1573 1112 1649 XIV3
1175 1572 1347 1652 Greg.
1398 1572 1527 1633 Gor.
1591 1575 1673 1633 85
1733 1572 2043 1651 Schaefer3
2105 1574 2437 1636 Buttmann
2482 1596 2570 1654 gr.
2620 1574 2718 1636 Gr.
2765 1576 2798 1634 Ι
2838 1577 2995 1652 2893
3060 1626 3069 1637 .

379 1665 689 1725 Mehlhorn
736 1685 822 1742 gr.
871 1662 969 1723 Gr.
1021 1665 1181 1740 232;
1242 1663 1387 1722 Ahr.
1444 1663 1607 1724 diall.
1655 1662 1718 1721 H
1765 1665 1923 1739 2523
1985 1664 2505 1751 BrugmanntEin
2559 1664 2835 1726 Problem
2884 1666 2995 1742 253

379 1755 513 1814 Mei.
543 1754 575 1814 I
614 1755 759 1813 273.
819 1752 1088 1831 GMeyer,
1126 1773 1210 1832 gr.
1242 1745 1530 1812 Gramm.²
1566 1750 1604 1829 ἓ
1634 1753 1780 1812 413.
1820 1753 1967 1813 416.
2027 1751 2418 1832 OHoffmann,
2455 1774 2542 1834 gr.
2573 1753 2754 1815 Diall.
2783 1755 2816 1814 I
2847 1758 2990 1815 117.

560 1845 663 1920 82,
685 1844 766 1903 25
806 1837 1010 1903 ‘Recte
1038 1842 1221 1902 Bekk.
1253 1837 1612 1917 αἰτιατικῆς.
1675 1841 1835 1903 Nam
1873 1842 2030 1921 quod
2067 1842 2380 1905 Mehlhorn
2416 1864 2502 1923 gr.
2532 1841 2631 1904 Gr.
2665 1846 2792 1905 232
2831 1844 2994 1920 dicit,

381 1955 522 1995 vera
574 1936 626 1993 si
681 1935 836 1993 esset
878 1932 1135 1992 Bekkeri
1181 1932 1514 1993 emendatio
1529 1978 1545 2009 ,
1600 1931 1990 2009 Apollonium
2044 1933 2299 1995 formam
2352 1934 2522 1994 illam
2575 1952 2995 1995 commemora-

380 2029 582 2083 turum
626 2023 827 2099 fuisse,
871 2022 976 2082 ubi
1022 2022 1092 2081 de
1141 2024 1477 2082 accusativo
1525 2025 1684 2100 agat,
1729 2021 2027 2082 refellitur
2069 2025 2144 2084 iis
2191 2043 2343 2101 quae
2389 2023 2462 2084 de
2508 2019 2755 2105 (υζύγῳ
2802 2024 2995 2085 forma

380 2110 515 2174 τεῒν
562 2113 841 2173 dicuntur
874 2132 931 2190 p.
976 2113 1100 2171 105
1138 2111 1190 2170 Β
1232 2106 1363 2190 [82,
1386 2106 1453 2192 6]
1511 2107 1748 2173 τίθεται
1792 2108 1971 2187 παρὰ
2020 2108 2289 2195 Κορίννῃ
2336 2109 2439 2174 καὶ
2487 2107 2586 2175 ἐπ’
2630 2108 2995 2187 αἰτιατικῆε’

383 2203 505 2263 Ska
539 2203 571 2263 Ι
613 2204 713 2279 19,
736 2203 836 2261 53.
882 2233 959 2243 —
1009 2201 1277 2261 Eandem
1321 2202 1575 2261 formam
1622 2200 2056 2279 deprehendere
2099 2202 2248 2262 mihi
2292 2201 2500 2263 videor
2545 2203 2704 2281 apud
2740 2202 2993 2281 Hesych.

382 2287 497 2353 εἶν
544 2287 936 2367 ἀντωνυμία·
993 2286 1265 2363 ἐκεῖνος,
1313 2290 1415 2350 ubi
1460 2290 1585 2351 cod.
1635 2289 1847 2367 cyrilli
1893 2290 2146 2352 Vindob.
2199 2294 2320 2351 171
2371 2291 2554 2353 habet
2590 2287 2661 2352 ἳν
2707 2287 2992 2354 ἀντωνυ-

384 2378 517 2456 μία·
565 2377 829 2442 ἐκεῖνον.
903 2378 1173 2458 Utroque
1219 2379 1349 2440 loco
1394 2381 1590 2440 nescio
1638 2399 1716 2440 an
1760 2382 1846 2440 sic
1892 2380 2267 2441 scribendum
2311 2383 2417 2442 sit:
2464 2377 2561 2442 ἑῖν
2599 2375 2993 2459 ἀντωνυμία·

381 2467 644 2532 ἐκεῖνον.

558 2563 615 2619 4.
690 2559 1033 2620 Accusativi
1079 2559 1399 2638 singularis
1464 2574 1522 2619 α.
1567 2560 1797 2635 primae
1841 2577 2144 2637 personae.

557 2645 717 2724 Ἐμέ
772 2652 1031 2710 onmium
1075 2649 1452 2710 dialectomm
1496 2653 1609 2721 est,·
1654 2652 1897 2723 praeter
1944 2668 2073 2710 eam
2115 2648 2434 2711 Dorienses
2475 2654 2771 2726 umam
2814 2646 2991 2728 ἑμεί.

389 2740 507 2801 Ubi
549 2738 807 2801 absolute
839 2741 1101 2815 ponitur,
1145 2755 1266 2798 non
1309 2738 1550 2815 lonyior,
1595 2739 1699 2800 sed
1742 2739 1972 2800 brevior
2017 2754 2101 2815 με
2145 2740 2340 2815 forma
2384 2743 2451 2801 in
2493 2757 2610 2802 usu
2656 2744 2738 2803 est
2783 2740 2885 2818 82,
2909 2743 2990 2801 26

469 2831 573 2906 83,
604 2832 660 2889 2.

560 2921 662 2995 82,
685 2920 765 2978 26
816 2921 1096 2996 quoniam
1143 2914 1254 2994 ἐμέ
1300 2918 1571 2979 omnibus
1618 2917 1888 2978 dialectis
1934 2918 2235 2995 tribuitur,
2281 2920 2600 2980 Aeolenses
2638 2940 2872 3000 quoque
2893 2924 2994 2982 ‘sic

378 3010 606 3071 locutos
663 3027 786 3069 esse
841 3011 1301 3069 consentaneum
1357 3011 1461 3068 est.
1564 3007 1736 3077 Quod
1790 3006 1980 3068 credit
2033 3007 2356 3086 Apollonio
2400 3009 2536 3070 Mei.
2582 3010 2614 3070 Ι
2655 3012 2779 3070 166
2830 3006 2990 3071 ‘Ace

380 3094 491 3174 ἔμε
546 3093 687 3181 (leg.
738 3090 877 3212 ese)
933 3100 1085 3158 ohne
1131 3096 1455 3157 Rficksicht
1510 3098 1621 3158 auf
1668 3096 1765 3156 die
1821 3098 2078 3158 uolische
2132 3094 2570 3175 Barytonesis'3
2631 3120 2751 3161 non
2806 3100 2995 3160 credit

380 3189 522 3248 Ahr.
569 3188 602 3246 Ι
651 3190 775 3247 124
867 3188 1026 3266 apud
1081 3185 1323 3249 Lesbios
1375 3186 1537 3247 haud
1591 3186 1769 3246 dubie
1824 3190 2132 3247 accentum
2184 3183 2564 3248 retrahebat'.
2656 3190 2875 3250 Forma
2928 3208 2992 3265 μι

380 3279 443 3337 111
488 3278 669 3338 titulo
718 3275 954 3355 Cyprio,
998 3276 1134 3337 Mei.
1172 3276 1235 3336 H
1274 3279 1419 3336 211.
1495 3275 1888 3352 OHoffmann,
1933 3297 2019 3357 gr.
2058 3277 2239 3336 Diall.
2277 3277 2308 3336 I
2350 3279 2492 3337 162.

559 3368 764 3444 82,27
823 3361 984 3446 ἐμεί]
1049 3366 1191 3425 Ahr.
1239 3365 1402 3425 diall.
1449 3365 1511 3424 II
1551 3366 1932 3441 253-2543
1996 3362 2132 3441 ἐμεῖ
2186 3367 2558 3427 scribendum
2614 3386 2767 3444 esse,
2833 3372 2991 3429 vocis

383 3453 708 3518 ἑπέκταειε
753 3459 880 3516 sim.
930 3474 1040 3515 usu
1086 3455 1338 3533 probare
1384 3455 1585 3515 studet
1628 3454 1869 3516 Dronke
1915 3447 1977 3514 Ib
2022 3476 2079 3533 p.
2123 3458 2400 3519 107—9.

560 3547 611 3622 β.
685 3547 1029 3606 Accusativi
1074 3546 1393 3623 singularis
1439 3544 1728 3606 secundae
1773 3564 1925 3623 pers.

557 3631 645 3697 (ἑ
696 3637 891 3709 foma
943 3636 1019 3695 ab
1074 3636 1339 3696 omnibus
1389 3639 1730 3710 usmpabur.
1820 3636 2130 3696 Doriensis
2183 3639 2358 3697 etiam
2411 3632 2491 3697 τέ
2536 3638 2739 3698 dicunt
2784 3641 2837 3697 et
2879 3633 2990 3698 τεί

381 3727 484 3802 83,
506 3727 740 3785 3-11,

559 3817 663 3891 83,
684 3816 723 3874 3
779 3811 943 3890 πρὸ(
996 3810 1262 3876 πάντων
1318 3810 1526 3894 κοινή]
1581 3814 1727 3875 haec
1780 3817 2063 3893 corrupta
2116 3831 2240 3876 esse
2295 3815 2598 3876 existimat
2641 3815 2922 3895 Egenolff
2958 3817 2990 3876 Ι

381 3906 539 3980 8413
585 3901 765 3979 κοινὴ
813 3900 885 3964 ἐν
930 3899 1283 3965 διαλέκτοις
1328 3905 1480 3963 dixit
1525 3903 1637 3982 Ap.
1684 3924 1850 3982 pron.
1894 3906 1996 3981 83,
2021 3906 2122 3982 12,
2167 3905 2521 3966 Aristoteles
2567 3902 2783 3967 κοινὸς
2829 3900 2990 3966 κατά

380 3997 441 4053 et
486 3990 591 4056 ἐπί
635 4009 812 4055 τινος
858 3995 1110 4072 scripsit,
1156 4014 1211 4053 v.
1259 3994 1519 4054 Bonitzii
1562 3993 1683 4053 ind.

558 4085 660 4160 83,
684 4086 893 4144 3-—11
939 4079 1005 4143 (ἐ
1032 4115 1120 4127 -
1147 4080 1218 4144 τέ
1245 4115 1333 4126 —
1360 4079 1453 4144 τεί
1481 4115 1570 4126 —
1595 4078 1699 4161 τύ]
1747 4083 1891 4143 Ahr.
1930 4083 2093 4143 diall.
2131 4083 2164 4144 I
2199 4085 2325 4144 124
2360 4078 2758 4161 ‘Quamquam
2788 4132 2800 4143 .
2833 4132 2845 4143 .
2876 4085 2988 4162 Ap.

377 4195 497 4235 non
540 4177 832 4234 memorat
871 4169 941 4234 τέ
987 4174 1102 4233 nisi
1139 4194 1170 4233 e
1207 4173 1411 4233 dorica
1447 4173 1718 4250 dialect0,
1765 4173 2073 4250 probabile
2117 4176 2319 4234 tamen
2355 4173 2609 4249 videtur,
2655 4175 2991 4235 encliticam

380 4264 726 4325 Lesbiorum
781 4264 1033 4323 formam
1079 4279 1149 4323 τε
1194 4281 1433 4324 sonasse
1478 4266 1548 4323 ut
1593 4257 1732 4323 τοι’.
1825 4262 1961 4322 Mei.
2008 4263 2039 4322 I
2079 4265 2220 4323 123-
2253 4259 2329 4323 τύ
2376 4266 2437 4324 et
2481 4259 2552 4323 τέ
2596 4263 2837 4325 Boeotis
2882 4266 2988 4323 tri-

379 4354 525 4432 buit,
570 4353 960 4414 Aeolensibus
997 4352 1301 4413 abiudicat
1346 4344 1479 4435 (ubi
1514 4354 1932 4431 pronominum
1968 4353 2195 4413 formae
2231 4352 2534 4413 boeoticae
2571 4355 2991 4415 enumerantur

379 4443 411 4502 I
449 4445 595 4521 273,
650 4462 766 4504 acc.
813 4438 890 4504 τύ
937 4437 1007 4502 τέ
1051 4434 1309 4524 desunt).
1364 4475 1441 4486 —
1491 4436 1712 4502 ‘Minus
1766 4446 1925 4503 recte
1969 4440 2083 4520 Ap.
2131 4443 2321 4502 mixta
2373 4443 2678 4504 Alcmanis
2735 4443 2989 4504 dialecto

380 4531 676 4611 deceptus,
723 4535 907 4593 etiam
942 4532 1189 4611 vulgare
1237 4527 1303 4592 εέ
1338 4531 1549 4592 Doridi
1595 4526 1831 4591 tribuit’
1855 4532 2014 4592 >Ahr.
2044 4531 2208 4591 dian.
2246 4532 2308 4591 II
2347 4533 2475 4591 253
2515 4551 2649 4592 cum
2693 4537 2839 4593 nota
2887 4535 2987 4608 19,

381 4621 483 4681 ubi
527 4622 599 4683 de
642 4623 947 4682 Alcmanis
993 4639 1167 4682 versu
1213 4624 1356 4699 agit.

560 4712 661 4787 83,
685 4716 760 4771 11
814 4706 1094 4790 Εἴρηται]
1134 4731 1300 4789 pron.
1334 4712 1435 4786 54,
1460 4713 1571 4786 103
1616 4712 1688 4771 cf.
1717 4713 1874 4788 synt.
1909 4713 2054 4786 131,
2080 4712 2191 4786 163
2235 4711 2471 4771 Ahr.11
2501 4713 2659 4786 2553
2702 4707 2742 4785 ἡ
2784 4707 2985 4783 ἐγκλι-

381 4794 618 4875 νομένη
674 4797 779 4861 διὰ
832 4800 950 4862 τοῦ
1004 4797 1081 4861 τύ
1138 4796 1474 4876 ἐκφέρεται
1529 4800 1702 4861 valde
1757 4801 1965 4862 dubito
2020 4803 2216 4861 sintne
2271 4800 2346 4862 ab
2392 4801 2506 4878 Ap.
2554 4802 2836 4879 profecta.
2926 4800 2987 4862 Is

382 4890 540 4949 enim
586 4890 686 4950 ubi
731 4890 842 4951 hac
887 4890 1187 4951 locutione
1222 4890 1430 4966 utitur,
1477 4908 1611 4949 cum
1656 4885 1762 4951 διά
1803 4891 2242 4969 praepositione
2278 4910 2398 4951 non
2433 4891 2731 4969 integram
2765 4910 2986 4968 vocem,

381 4978 484 5040 sed
529 4981 759 5057 partem
804 4982 947 5057 eius,
989 4982 1244 5040 maxime
1291 4981 1539 5057 6311311111,
1586 4983 1940 5059 coniungere
1986 4981 2163 5041 solet:
2208 5000 2374 5058 pron.
2426 4982 2527 5056 50,
2549 4982 2631 5040 26
2680 4979 2798 5042 τοῦ
2843 4981 2987 5042 δευ-
