3738 5530
816 398 1357 461 (PERSONALIVM
1396 397 1745 450 GENE'rlvl
1783 395 2239 461 SINGVLARIS)
2281 399 2721 451 REFLEXIVA.
2980 400 3065 464 69

470 603 742 681 έτυψα.
844 601 1023 680 εἴπερ
1070 600 1189 666 οὖν
1235 601 1274 678 ἡ
1333 601 1611 666 ςύνθεςις
1666 602 1738 666 ἐν
1795 607 2074 684 κτητικῇ,
2132 602 2249 666 κᾶν
2298 601 2417 664 δύο
2465 602 2702 681 κτήςεις
2747 602 3060 668 ἐνοοῦντο

295 712 429 766 88Α
465 703 533 768 ἐν
577 709 670 784 τῷ
717 703 1061 782 ἐμαυτοῦ
1119 706 1423 768 δοῦλον
1469 702 1755 767 ἔπαιςα
1869 703 1977 781 μία
2021 705 2093 767 δέ
2139 703 2295 768 ἐςτι’
2343 704 2720 781 μετάξαντες
2764 709 2926 780 γοῦν
2973 705 3059 769 εἰς

464 806 576 883 τὴν
623 804 1071 884 ἐγκεκλιμένην
1117 804 1329 882 φαμὲν
1374 804 1671 869 δοῦλόν
1718 825 1868 884 μου
1915 803 2213 871 ἔπαιςα.
2289 804 2343 869 εἰ
2385 807 2458 869 δὲ
2504 804 2713 871 οὕτως
2743 806 3058 885 ἐνοοῦμεν

463 909 762 971 δοῦλον
804 910 940 971 τοῦ
985 906 1172 985 ἐμοῦ
1219 906 1462 985 φίλου
1507 905 1817 987 ἔπαιςα,
1866 905 1982 971 κᾶν
2028 903 2201 970 ὅλως
2246 905 2570 986 ὁμόλογον
2615 906 2695 985 ἦν
2739 908 2815 971 τὸ
2859 911 3060 986 ςχῆμα

463 1007 532 1072 ἐκ
574 1011 685 1084 τῆς
728 1008 887 1086 ἐμοῦ
932 1010 1216 1085 κτητικῆς
1261 1007 1686 1086 ςυγκείμενον.
3095 1026 3128 1075 5

627 1110 812 1193 Πάςῃ
868 1114 1082 1191 γενικῇ
1142 1112 1350 1188 κτῆςιν
1407 1108 1796 1192 ςημαινούςῃ
1847 1110 2019 1173 πᾶςα
2063 1113 2293 1173 πτῶςις
2331 1091 2493 1186 μετὰ
2538 1110 2780 1173 παντὸς
2826 1111 3060 1185 γένους

462 1213 560 1275 καὶ
606 1210 872 1291 ἀριθμοῦ
918 1204 1442 1294 ἐπιφέρεται,’τῇ
1487 1213 1557 1275 δὲ
1602 1210 1879 1290 ἐμαυτοῦ
1925 1209 2163 1274 οὔποτε
2210 1211 2428 1274 εὐθεῖα
2473 1212 2891 1275 ςυντάςςεται.
2981 1213 3057 1276 τὸ

461 1312 517 1377 δ’
559 1311 763 1376 αἴτιον
808 1315 1166 1390 προῦπτον.
1270 1312 1335 1376 αἱ
1385 1313 1508 1391 γὰρ
1555 1313 1841 1377 ςύνθετοι
1885 1317 2019 1375 τῶν
2066 1311 2485 1391 ἀντωνυμιῶν
2532 1312 2824 1389 ἰςόζυγον
2871 1313 3056 1378 άπαι-

385 1423 428 1477 Β
462 1418 637 1478 τοῦςι
684 1413 876 1493 ῥῆμα,
924 1412 991 1476 αἵ
1032 1433 1101 1477 τε
1147 1412 1384 1477 εὐθεῖαι
1430 1413 1502 1480 ἐν
1545 1413 1734 1496 τρίτῳ
1780 1412 2114 1497 προςώπῳ
2158 1414 2505 1490 νοούμεναι
2562 1415 2642 1478 τὰ
2686 1413 2932 1493 ῥήματα
2969 1414 3056 1479 εἰς

460 1515 656 1580 αὑτὰς
687 1515 1074 1590 ἐπάγονται,
1120 1514 1329 1579 Δίων
1373 1517 1822 1593 περιπατεῖ,
1872 1513 2284 1593 (ωκράτης
2315 1515 2781 1591 διαλέγεται.
2855 1518 3054 1596 ςαφὲς
3098 1536 3156 1580 ιο

459 1617 555 1682 ὅτι
619 1617 699 1680 οὐ
766 1618 1121 1696 ςυςτήςεται
1187 1615 1225 1693 ἡ
1283 1616 1544 1693 τοιαύτη
1618 1616 1905 1707 ςύνταξις
1971 1623 2104 1681 τῶν
2167 1615 2464 1694 ῥημάτιον
2531 1615 2610 1679 οὐ
2678 1619 3054 1695 δυναμένων

461 1722 864 1798 προςχωρεῑν
921 1718 1071 1783 οὔτε
1128 1725 1204 1801 τῇ
1262 1718 1477 1800 εὐθείᾳ
1533 1719 1636 1781 διὰ
1690 1720 1807 1796 τὴν
1864 1717 2476 1799 άντανακλωμένην,
2535 1716 2682 1782 οὔτε
2734 1724 2810 1801 τῇ
2863 1717 3054 1783 ἀντα-

459 1822 836 1903 νακλωμένῃ
883 1821 988 1885 διὰ
1031 1821 1148 1899 τὴν
1194 1819 1465 1884 εὐθεῖαν.
1565 1818 1726 1883 Ἐςτι
1783 1820 2002 1897 μέντοι
2058 1819 2271 1897 εὑρεῖν
2329 1818 2563 1897 φράςιν
2607 1821 2761 1897 μετὰ
2803 1825 3054 1898 γενικῆς

455 1923 557 1985 καὶ
601 1921 877 2004 εὐθείας,
923 1922 1080 1987 ὅταν
1124 1922 1200 1986 τὸ
1247 1920 1413 1999 ῥῆμα
1458 1920 1671 1998 μηκέτι
1717 1921 2003 2001 μάχηται.
2091 1921 2354 1999 πρώτου
2399 1921 2523 1997 γὰρ
2571 1922 2872 1986 καθεςτὸς
2917 1923 3055 2000 μετ’

378 2031 419 2085 C
455 2022 700 2088 εὐθείας
765 2023 1246 2105 ςυνταγήςεται,
1313 2022 1470 2086 ὅταν
1534 2020 1800 2100 ὕπαρξιν
1864 2022 2127 2103 ςημαίνῃ
2193 2023 2266 2086 τὸ
2333 2020 2526 2100 ῥῆμα,
2599 2024 2710 2100 τῆς
2778 2023 3053 2099 ἐμαυτοῦ
3095 2043 3155 2090 15

454 2123 802 2190 ἀκωλύτως
846 2125 946 2188 καὶ
991 2124 1185 2201 αὐτῆς
1230 2123 1638 2201 ἐπιζητούςης
1686 2122 1852 2203 ῥῆμα
1896 2125 2163 2203 πρώτου
2195 2124 2550 2201 προςώπου
2580 2122 2651 2189 ἐν
2681 2129 2774 2206 τῷ
2820 2124 3051 2200 ἐμαυ-

452 2229 592 2290 τοῦ
637 2226 793 2302 εἰμι
839 2226 1325 2307 ςύμβουλος,·
1363 2226 1700 2304 ἐμαυτοῦ
1746 2225 1896 2304 εἰμι
1943 2226 2404 2303 κατήγορος.

624 2326 877 2391 Εὐθείας
902 2327 1155 2407 ἀμοιρεῖ
1178 2327 1216 2405 ἡ
1239 2327 1621 2405 προκειμένη
1647 2329 1863 2405 γενική
1879 2345 1892 2359 ·
1919 2326 1997 2391 οὐ
2020 2328 2145 2405 γὰρ
2170 2327 2224 2390 εἰ
2245 2325 2413 2391 ἅπαξ
2437 2326 2707 2405 εἴρηται,
2733 2327 2832 2391 καὶ
2854 2331 3051 2390 ταῦτα

452 2428 581 2493 ὑπὸ
611 2432 883 2509 κωμικῆς
914 2428 1161 2500 ἀδείας,
1206 2428 1294 2491 ὡς
1338 2428 1409 2491 ἐν
1445 2428 1783 2494 Μετοίκοις
1812 2430 2173 2493 Πλάτωνος
2218 2426 2324 2509 (fr.
2356 2425 2417 2489 11
2456 2426 2810 2511 Meineke),
2854 2433 3048 2492 τοῦτο

451 2532 666 2596 κανών
711 2529 835 2593 ἐςτι
880 2534 991 2608 τῆς
1022 2529 1177 2593 κατὰ
1209 2529 1400 2607 φύειν
1433 2523 1681 2594 εύθείαὲ
1710 2530 2069 2608 ςιγηθείςης.
2141 2529 2327 2593 Πᾶςα
2357 2529 2626 2602 πλάγιος
2658 2529 2872 2613 εὐθείᾳ
2905 2550 3045 2594 ςυν·
3085 2546 3151 2594 20

284 2644 416 2696 ΒΘΑ
452 2632 736 2695 τάςςεται
777 2630 1110 2711 μετάβαςίν
1153 2649 1295 2695 τινα
1325 2632 1678 2709 προςώπου
1710 2632 1815 2696 ἐπὶ
1845 2631 2196 2710 πρόςωπον
2228 2632 2535 2708 δηλοῦςα,
2583 2630 2714 2709 ἐμὲ
2743 2631 3048 2696 Διονύ-

588 2765 804 2823 Anava.
876 2770 907 2818 6
946 2763 1081 2818 Cum
1129 2768 1375 2831 ἐμαυτοῦ
1428 2783 1709 2834 nunquam
1747 2764 2126 2820 nominativus
2161 2763 2504 2818 construitur
2539 2767 2762 2834 praeter
2797 2762 3046 2820 nomina-

453 2833 635 2886 tivum
674 2833 892 2901 primae
927 2848 1230 2911 personae,
1275 2833 1374 2900 qui
1416 2832 1474 2886 in
1510 2834 1685 2887 verbo
1721 2833 1879 2887 latet.
1951 2832 2092 2886 Nam
2132 2834 2197 2885 ut
2240 2833 2486 2910 ἐμαυτοῦ
2523 2833 2757 2887 verbum
2798 2833 3048 2888 eiusdem

453 2916 726 2968 personae
782 2901 1045 2969 requirit,
1100 2900 1136 2953 i.
1190 2917 1238 2954 e.
1286 2901 1528 2969 primae,
1583 2902 1666 2955 ita
1712 2917 1949 2965 nomen,
2002 2900 2049 2954 si
2103 2902 2451 2954 nommatavo
2505 2901 2762 2969 ponitur,
2817 2902 3046 2955 tertiam

455 2968 615 3022 verbi
652 2984 948 3037 personam
987 2968 1260 3037 exposcit;
1299 2968 1494 3036 itaque
1520 2963 1668 3022 inter
1692 2986 1750 3022 se
1776 2969 2050 3057 pugnant.
2110 2967 2307 3021 Potest
2329 2969 2518 3021 tamen
2543 2969 2927 3024 nominativus
2950 2985 3046 3022 no-

453 3036 618 3088 minis
656 3035 953 3100 accedere,
989 3035 1037 3088 si
1074 3037 1219 3089 εῖναι
1257 3038 1491 3090 verbum
1530 3042 1629 3093 est.
1672 3066 1731 3076 —
1774 3041 1835 3089 18
1879 3038 2134 3102 Εμαυτοῦ
2173 3034 2522 3089 nominativo
2559 3051 2688 3091 casu
2727 3037 2906 3099 careia
2942 3053 3047 3091 nec

454 3105 675 3156 mirum.
739 3103 886 3155 Nam
921 3101 1175 3157 reflexivi
1211 3102 1291 3156 ibi
1326 3107 1639 3172 ponuntur,
1679 3104 1773 3157 ubi
1811 3105 1959 3157 actio
1997 3120 2027 3156 e
2065 3102 2415 3155 nominativo
2453 3120 2723 3157 emanans
2762 3103 2833 3157 ad
2858 3104 3044 3173 ipsum

451 3169 780 3229 reflectitur.
856 3170 995 3225 Cum
1031 3169 1312 3224 reflexivis
1349 3171 1523 3239 igitur
1558 3172 1789 3225 verbum
1831 3171 2082 3225 eiusdem
2121 3186 2391 3238 personae
2429 3174 2782 3224 construatur
2818 3187 3043 3226 necesse

452 3240 568 3303 est,
607 3254 719 3307 quo
755 3236 1130 3292 nominativus
1167 3239 1511 3305 continetur3
1550 3255 1616 3293 eo
1651 3238 1827 3309 igitur
1861 3237 2130 3292 reflexiva
2162 3253 2274 3290 non
2310 3237 2583 3307 indigent.

584 3355 814 3409 Tam-nr.
860 3362 923 3409 21
951 3354 1119 3413 Prisc.
1150 3355 1306 3422 XIII,
1332 3363 1396 3410 23
1422 3375 1477 3426 p.
1509 3362 1598 3423 15,
1625 3362 1655 3408 6
1692 3355 1861 3411 Hertz
1908 3355 2333 3410 Nominativnm
2366 3363 2548 3410 autem
2585 3357 2707 3409 ideo
2743 3373 2856 3410 non
2889 3358 3044 3411 habet

449 3424 545 3476 hoc
574 3439 875 3490 pronomen
910 3424 995 3487 (id
1020 3429 1096 3478 est
1131 3424 1244 3477 ‘sni
1266 3425 1374 3479 sibi
1395 3441 1450 3479 se
1474 3442 1511 3479 a
1533 3429 1650 3490 se'),
1689 3426 1824 3492 quia
1859 3441 2066 3478 neccsse
2101 3430 2205 3486 est,
2244 3424 2467 3491 qnando
2492 3419 2554 3478 τὸ
2584 3419 2844 3478 ‘s‘avtoiae’
2870 3426 3043 3493 siqni-

447 3493 577 3557 ticat
613 3498 725 3545 tam
760 3492 1030 3546 actionem
1066 3507 1231 3558 qnam
1258 3494 1601 3559 passionem,
1635 3493 1700 3545 in
1736 3494 1923 3546 eadem
1961 3492 2201 3560 intelleyi
2232 3507 2486 3570 persona.
2544 3509 2657 3545 non
2680 3493 2844 3546 aliter
2867 3494 3045 3561 ἐρίων

442 3564 618 3626 potest
646 3559 896 3626 proferri
928 3560 1004 3620 is,
1040 3561 1101 3611 in
1139 3575 1296 3626 quem
1331 3560 1554 3628 aliquid
1588 3561 1804 3629 ayitur,
1854 3560 1967 3612 nisi
1996 3576 2097 3626 per
2133 3559 2377 3626 obliquos
2412 3575 2583 3618 casus.
2666 3561 2844 3612 evenit
2881 3562 3044 3626 enim,

448 3632 511 3679 at
544 3644 582 3679 a
616 3627 978 3680 nominativis
1022 3632 1181 3680 actus
1218 3629 1619 3695 proficiscentes
1661 3628 1739 3681 ad
1773 3628 2020 3695 obliquos
2062 3628 2176 3680 sive
2219 3628 2285 3679 in
2318 3627 2649 3681 transitione
2678 3643 3043 3693 personarum

450 3694 841 3764 intellegantur
892 3694 1004 3748 sive
1048 3696 1111 3748 in
1155 3711 1273 3749 nna
1316 3696 1609 3763 eademque
1645 3711 1901 3762 persona.
1987 3696 2053 3748 in
2096 3696 2460 3755 transitione.
2516 3700 2577 3748 ut
2626 3696 3044 3762 ‘Aristophanes

447 3761 838 3817 Aristarchum
875 3762 1089 3824 docuit,
1138 3777 1230 3829 eqo
1276 3767 1328 3816 te
1361 3763 1653 3827 honoravi,
1697 3768 1761 3816 tu
1796 3763 1933 3815 mihi
1969 3762 2224 3826 dimisum
2259 3769 2309 3815 et
2350 3779 2453 3830 per
2484 3764 2601 3815 sola
2638 3778 2846 3831 quoque
2880 3764 3043 3818 verba

448 3830 824 3883 nominativus
858 3830 1199 3898 intelleyitnr
1234 3835 1285 3883 et
1317 3831 1526 3884 transit
1560 3846 1757 3884 rursus
1790 3829 1867 3883 ad
1904 3829 2146 3898 obliquos
2182 3829 2340 3885 ‘dedi
2373 3830 2495 3894 tibi,
2529 3831 2796 3884 honoravi
2832 3837 2923 3884 te’.
2978 3832 3043 3885 in

446 3913 565 3949 ima
609 3912 821 3964 qnoque
865 3896 1156 3964 eademqne
1191 3913 1434 3965 persona
1476 3898 1576 3951 hoc
1620 3897 1765 3951 idem
1803 3898 1904 3965 fit,
1956 3903 2022 3952 ut
2077 3898 2364 3952 ‘Phemius
2413 3915 2468 3951 se
2522 3898 2746 3962 docuit‘,
2808 3899 3043 3953 docendi

447 3965 593 4018 enim
627 3966 888 4019 tramitte
922 3980 1035 4018 non
1070 3965 1146 4018 ad
1180 3965 1412 4019 alteram
1447 3966 1511 4033 fit
1545 3981 1862 4033 personam,
1896 3964 1993 4019 sed
2027 3965 2309 4031 adipsum
2334 3965 2624 4018 Pheminm
2647 3966 3041 4044 reciprocatur,

448 4031 629 4084 ‘Aia-‘c
677 4048 733 4086 se
788 4032 1112 4097 interfecit’‚
1165 4049 1388 4087 rursum
1441 4034 1585 4086 enim
1639 4033 1958 4098 ‘interfecit’
2014 4032 2091 4085 ad
2143 4034 2324 4099 ipsum
2375 4033 2602 4086 Aiacem
2653 4038 3040 4100 reciprocatur.

447 4098 522 4154 id.
549 4098 709 4162 XIII,
734 4105 800 4153 28
831 4116 887 4168 p.
915 4106 1005 4166 19,
1033 4107 1063 4153 9
1095 4099 1264 4153 Hertz
1300 4100 1381 4154 Et
1415 4101 1726 4165 sciendum,
1763 4100 1934 4167 qaod,
1973 4100 2223 4166 quociens
2257 4102 2353 4155 hoc
2383 4115 2681 4167 pronomen
2704 4101 3040 4167 reciprocum

448 4171 552 4231 est,
588 4167 829 4221 eiusdem
858 4183 1127 4234 personae
1160 4168 1379 4221 verbum
1413 4169 1571 4222 habet
1605 4169 1951 4222 convenienti
1973 4168 2131 4221 casui
2154 4169 2511 4230 adiunctum,
2549 4173 2614 4220 nt
2637 4169 2752 4220 ‘sai
2774 4169 3039 4234 meminit,

444 4234 554 4287 sibi
586 4234 802 4302 placet’.
859 4240 910 4288 et
945 4236 1303 4300 manifestum
1339 4241 1439 4296 est,
1483 4236 1630 4304 quod
1665 4236 1958 4289 adiunctio
1992 4235 2142 4288 verb-i
2176 4237 2287 4289 vim
2321 4236 2477 4289 habet
2512 4236 2845 4289 nominativi
2881 4253 3040 4291 casus

445 4318 569 4355 cum
604 4302 820 4356 actione
853 4303 1064 4370 aliqua.
1121 4303 1172 4357 si
1208 4303 1383 4371 iyitur
1414 4304 1758 4370 pronominis
1792 4319 2005 4382 quoque
2038 4303 2414 4358 huiuscemodi
2446 4303 2908 4371 siqnificationem
2943 4305 3037 4357 ha·

445 4369 648 4432 bentis,
689 4370 791 4423 hoc
836 4376 911 4423 est
956 4371 1019 4423 in
1053 4385 1109 4424 se
1142 4371 1503 4436 recurrentis,
1539 4386 1720 4438 ponas
1764 4371 2170 4425 nominativum
2207 4377 2256 4424 et
2293 4388 2414 4425 cum
2450 4386 2510 4425 eo
2543 4371 2762 4424 verbum
2797 4372 3040 4425 eiusdem

435 4452 733 4504 personae,
780 4442 943 4491 erunt
987 4438 1098 4491 dno
1142 4438 1490 4493 nominativi.
1577 4437 1688 4491 dno
1730 4443 1915 4492 autem
1957 4439 2292 4493 nominativi
2325 4455 2424 4506 per
2456 4454 2536 4501 se,
2589 4438 2685 4492 ubi
2720 4443 2771 4492 et
2808 4440 2952 4493 actio
2989 4445 3039 4494 et

435 4504 629 4572 passio
662 4504 1002 4570 ostenditur,
1038 4506 1302 4573 coniungi
1336 4521 1449 4559 non
1474 4510 1738 4573 possunt,
1777 4521 1824 4558 e.
1864 4523 1918 4573 q.
1955 4524 1996 4562 s.

580 4621 778 4676 Discn.
820 4640 1015 4677 sempr.
1088 4628 1136 4678 2.
1172 4625 1379 4677 δοῦλον
1416 4624 1480 4689 b,
1520 4627 1726 4678 δουλου
1764 4626 1806 4678 Α
1839 4628 1848 4688 Ι
1881 4640 2028 4679 εςτιν
2065 4626 2107 4678 Α
2140 4626 2149 4690 Ι
2189 4633 2236 4680 3.
2274 4626 2470 4679 ἔπαιςα
2510 4623 2600 4677 Ab
2636 4623 2695 4676 in
2730 4622 2842 4678 ind.
2880 4641 3034 4677 men-

445 4690 662 4757 dorum,
692 4692 885 4744 ἔπειςα
909 4690 943 4742 b
969 4688 1026 4742 in
1051 4691 1214 4744 textu
1246 4703 1253 4753 ι
1286 4698 1331 4744 7.
1357 4693 1682 4759 ἐπιφέρεται
1709 4692 1772 4757 b,
1800 4694 2212 4758 επιφαινεταιΑ
2246 4694 2255 4758 Ι
2285 4698 2331 4749 8.
2347 4698 2645 4758 προῦπτον
2659 4690 3035 4756 RSchneider,

445 4760 746 4824 προῦπτον
787 4758 821 4810 b
851 4757 863 4818 Ι
891 4763 1041 4811 8-9.
1079 4774 1405 4813 απαιτουςιν
1443 4761 1485 4813 Α
1517 4763 1527 4824 Ι
1563 4765 1639 4813 11.
1676 4761 1997 4825 ςυςτήςεται
2034 4760 2096 4816 b.
2135 4776 2389 4826 ςτηςεται
2427 4761 2469 4813 Α
2512 4761 2517 4826 Ι
2564 4765 2641 4812 12).
2684 4766 3037 4827 προςχωρεῑν

443 4825 510 4890 b,
546 4841 873 4891 προχωρειν
897 4826 939 4878 Α
982 4834 989 4883 1
1033 4831 1245 4880 12—13.
1270 4832 1342 4895 τῇ
1380 4827 1860 4896 ἀντανακλωμένῃ
1885 4828 1949 4893 b,
1986 4844 2095 4896 την
2119 4832 2638 4896 αντανακλωμενην
2664 4829 2706 4881 Α
2740 4837 2746 4890 ι
2780 4833 2862 4883 13.
2890 4844 3037 4882 εςτιν

443 4894 490 4947 Α
521 4899 529 4960 Ι
561 4900 643 4948 16.
678 4895 975 4948 ακολυτως
1013 4895 1057 4947 Α
1087 4899 1096 4960 Ι
1126 4901 1206 4952 20.
1246 4910 1394 4948 εςτιν
1419 4897 1461 4949 Α
