<?xml version="1.0" encoding="UTF-8"?>
<!DOCTYPE html PUBLIC "-//W3C//DTD XHTML 1.0 Transitional//EN"
    "http://www.w3.org/TR/xhtml1/DTD/xhtml1-transitional.dtd">
<html xmlns="http://www.w3.org/1999/xhtml" xml:lang="en" lang="en">
 <head>
  <title>
</title>
<meta http-equiv="Content-Type" content="text/html;charset=utf-8" />
  <meta name='ocr-system' content='tesseract 3.04.00' />
  <meta name='ocr-capabilities' content='ocr_page ocr_carea ocr_par ocr_line ocrx_word'/>
</head>
<body>
  <div class='ocr_page' id='page_1' title='image "./grammaticigraec00unkngoog_0015.png"; bbox 0 0 3738 5530; ppageno 0'>
   <div class='ocr_carea' id='block_1_1' title="bbox 1651 367 3165 429">
    <p class='ocr_par' dir='ltr' id='par_1_1' title="bbox 1651 367 3165 429">
     <span class='ocr_line' id='line_1_1' title="bbox 1651 367 3165 429; baseline 0.004 -6"><span class='ocrx_word' id='word_1_1' title='bbox 1651 372 2076 426; x_wconf 77' lang='lat' dir='ltr'>PRAEFATIO.</span> <span class='ocrx_word' id='word_1_2' title='bbox 3087 367 3165 429; x_wconf 80' lang='lat' dir='ltr'>IX</span> 
     </span>
    </p>
   </div>
   <div class='ocr_carea' id='block_1_2' title="bbox 570 538 3177 4905">
    <p class='ocr_par' dir='ltr' id='par_1_2' title="bbox 570 538 3166 1439">
     <span class='ocr_line' id='line_1_2' title="bbox 571 538 3166 630; baseline -0.003 -19"><span class='ocrx_word' id='word_1_3' title='bbox 571 549 850 630; x_wconf 85' lang='lat' dir='ltr'>partem,</span> <span class='ocrx_word' id='word_1_4' title='bbox 918 564 1106 628; x_wconf 89' lang='lat' dir='ltr'>quam</span> <span class='ocrx_word' id='word_1_5' title='bbox 1151 542 1228 607; x_wconf 84' lang='lat' dir='ltr'>ad</span> <span class='ocrx_word' id='word_1_6' title='bbox 1277 541 1473 620; x_wconf 78' lang='lat' dir='ltr'>libros</span> <span class='ocrx_word' id='word_1_7' title='bbox 1533 542 1611 606; x_wconf 90' lang='lat' dir='ltr'>de</span> <span class='ocrx_word' id='word_1_8' title='bbox 1657 541 2137 606; x_wconf 87' lang='lat' dir='ltr'>constructione</span> <span class='ocrx_word' id='word_1_9' title='bbox 2194 542 2520 625; x_wconf 83' lang='lat' dir='ltr'>pertinere</span> <span class='ocrx_word' id='word_1_10' title='bbox 2566 538 2979 623; x_wconf 82' lang='lat' dir='ltr'><strong>sagacissime</strong></span> <span class='ocrx_word' id='word_1_11' title='bbox 3023 561 3166 624; x_wconf 90' lang='lat' dir='ltr'>per-</span> 
     </span>
     <span class='ocr_line' id='line_1_3' title="bbox 570 640 3163 732; baseline -0.003 -20"><span class='ocrx_word' id='word_1_12' title='bbox 570 650 890 732; x_wconf 82' lang='lat' dir='ltr'>spexerat,</span> <span class='ocrx_word' id='word_1_13' title='bbox 932 646 1001 710; x_wconf 92' lang='lat' dir='ltr'>in</span> <span class='ocrx_word' id='word_1_14' title='bbox 1033 645 1250 709; x_wconf 85' lang='lat' dir='ltr'>codice</span> <span class='ocrx_word' id='word_1_15' title='bbox 1280 644 1427 709; x_wconf 91' lang='lat' dir='ltr'>sede</span> <span class='ocrx_word' id='word_1_16' title='bbox 1458 646 1698 708; x_wconf 85' lang='lat' dir='ltr'>motam</span> <span class='ocrx_word' id='word_1_17' title='bbox 1731 664 1869 707; x_wconf 89' lang='lat' dir='ltr'>esse</span> <span class='ocrx_word' id='word_1_18' title='bbox 1899 641 2000 728; x_wconf 89' lang='lat' dir='ltr'>(ut</span> <span class='ocrx_word' id='word_1_19' title='bbox 2029 643 2157 706; x_wconf 89' lang='lat' dir='ltr'>iam</span> <span class='ocrx_word' id='word_1_20' title='bbox 2189 640 2513 707; x_wconf 87' lang='lat' dir='ltr'>GDronke</span> <span class='ocrx_word' id='word_1_21' title='bbox 2544 642 2610 705; x_wconf 91' lang='lat' dir='ltr'>in</span> <span class='ocrx_word' id='word_1_22' title='bbox 2643 642 2805 707; x_wconf 90' lang='lat' dir='ltr'>Mus.</span> <span class='ocrx_word' id='word_1_23' title='bbox 2838 641 3040 707; x_wconf 76' lang='lat' dir='ltr'>[then.</span> <span class='ocrx_word' id='word_1_24' title='bbox 3071 641 3163 706; x_wconf 91' lang='lat' dir='ltr'>IX</span> 
     </span>
     <span class='ocr_line' id='line_1_4' title="bbox 570 742 3166 834; baseline -0.003 -20"><span class='ocrx_word' id='word_1_25' title='bbox 570 773 634 834; x_wconf 93' lang='lat' dir='ltr'>p.</span> <span class='ocrx_word' id='word_1_26' title='bbox 679 750 806 814; x_wconf 90' lang='grc'><strong>603</strong></span> <span class='ocrx_word' id='word_1_27' title='bbox 850 748 1209 832; x_wconf 87' lang='lat' dir='ltr'>suspicatus</span> <span class='ocrx_word' id='word_1_28' title='bbox 1253 750 1368 829; x_wconf 88' lang='lat' dir='ltr'>est,</span> <span class='ocrx_word' id='word_1_29' title='bbox 1416 744 1696 830; x_wconf 82' lang='lat' dir='ltr'>EEgger</span> <span class='ocrx_word' id='word_1_30' title='bbox 1739 744 1951 828; x_wconf 85' lang='lat' dir='ltr'>Apoll.</span> <span class='ocrx_word' id='word_1_31' title='bbox 1999 742 2189 827; x_wconf 89' lang='lat' dir='ltr'>Dysc.</span> <span class='ocrx_word' id='word_1_32' title='bbox 2235 766 2299 827; x_wconf 90' lang='lat' dir='ltr'>p.</span> <span class='ocrx_word' id='word_1_33' title='bbox 2344 745 2421 808; x_wconf 95' lang='grc'><strong>21</strong></span> <span class='ocrx_word' id='word_1_34' title='bbox 2470 744 2764 828; x_wconf 86' lang='lat' dir='ltr'>inspecto</span> <span class='ocrx_word' id='word_1_35' title='bbox 2811 743 3027 808; x_wconf 89' lang='lat' dir='ltr'>codice</span> <span class='ocrx_word' id='word_1_36' title='bbox 3071 744 3166 807; x_wconf 92' lang='lat' dir='ltr'>in-</span> 
     </span>
     <span class='ocr_line' id='line_1_5' title="bbox 573 845 3163 934; baseline -0.002 -19"><span class='ocrx_word' id='word_1_37' title='bbox 573 850 859 934; x_wconf 87' lang='lat' dir='ltr'>dicavit).</span> <span class='ocrx_word' id='word_1_38' title='bbox 961 849 1125 914; x_wconf 89' lang='lat' dir='ltr'>Nam</span> <span class='ocrx_word' id='word_1_39' title='bbox 1196 870 1271 912; x_wconf 88' lang='lat' dir='ltr'>ea</span> <span class='ocrx_word' id='word_1_40' title='bbox 1341 869 1530 931; x_wconf 87' lang='lat' dir='ltr'>quam</span> <span class='ocrx_word' id='word_1_41' title='bbox 1594 846 1876 912; x_wconf 86' lang='lat' dir='ltr'>seiunxit</span> <span class='ocrx_word' id='word_1_42' title='bbox 1931 845 2248 932; x_wconf 87' lang='lat' dir='ltr'>particula</span> <span class='ocrx_word' id='word_1_43' title='bbox 2306 847 2394 930; x_wconf 90' lang='lat' dir='ltr'>(p.</span> <span class='ocrx_word' id='word_1_44' title='bbox 2454 846 2610 929; x_wconf 85' lang='lat'>614,</span> <span class='ocrx_word' id='word_1_45' title='bbox 2669 845 3008 910; x_wconf 86' lang='grc'><strong>26-625</strong></span> <span class='ocrx_word' id='word_1_46' title='bbox 3066 845 3163 910; x_wconf 91' lang='lat' dir='ltr'>ed.</span> 
     </span>
     <span class='ocr_line' id='line_1_6' title="bbox 575 947 3166 1038; baseline -0.001 -22"><span class='ocrx_word' id='word_1_47' title='bbox 575 950 804 1038; x_wconf 85' lang='lat' dir='ltr'>Bekk.)</span> <span class='ocrx_word' id='word_1_48' title='bbox 848 953 917 1015; x_wconf 91' lang='lat' dir='ltr'>in</span> <span class='ocrx_word' id='word_1_49' title='bbox 964 951 1177 1015; x_wconf 89' lang='lat' dir='ltr'>codice</span> <span class='ocrx_word' id='word_1_50' title='bbox 1222 950 1506 1033; x_wconf 75' lang='lat' dir='ltr'>pertinet</span> <span class='ocrx_word' id='word_1_51' title='bbox 1549 971 1584 1012; x_wconf 89' lang='lat' dir='ltr'>a</span> <span class='ocrx_word' id='word_1_52' title='bbox 1614 948 1724 1013; x_wconf 90' lang='lat' dir='ltr'>fol.</span> <span class='ocrx_word' id='word_1_53' title='bbox 1764 950 1887 1014; x_wconf 83' lang='lat'>179</span> <span class='ocrx_word' id='word_1_54' title='bbox 1931 970 2091 1013; x_wconf 72' lang='lat' dir='ltr'>vers.</span> <span class='ocrx_word' id='word_1_55' title='bbox 2138 949 2302 1012; x_wconf 87' lang='lat' dir='ltr'>med.</span> <span class='ocrx_word' id='word_1_56' title='bbox 2349 947 2427 1012; x_wconf 91' lang='lat' dir='ltr'>ad</span> <span class='ocrx_word' id='word_1_57' title='bbox 2472 947 2582 1013; x_wconf 84' lang='lat' dir='ltr'>fol.</span> <span class='ocrx_word' id='word_1_58' title='bbox 2623 947 2741 1011; x_wconf 87' lang='grc'>183</span> <span class='ocrx_word' id='word_1_59' title='bbox 2787 967 2973 1030; x_wconf 64' lang='lat' dir='ltr'>vers„</span> <span class='ocrx_word' id='word_1_60' title='bbox 3022 969 3166 1013; x_wconf 88' lang='lat' dir='ltr'>cum</span> 
     </span>
     <span class='ocr_line' id='line_1_7' title="bbox 572 1048 3162 1137; baseline -0.002 -19"><span class='ocrx_word' id='word_1_61' title='bbox 572 1058 815 1137; x_wconf 79' lang='lat' dir='ltr'><strong>septem</strong></span> <span class='ocrx_word' id='word_1_62' title='bbox 880 1052 993 1117; x_wconf 91' lang='lat' dir='ltr'>illa</span> <span class='ocrx_word' id='word_1_63' title='bbox 1054 1074 1215 1136; x_wconf 87' lang='lat' dir='ltr'>quae</span> <span class='ocrx_word' id='word_1_64' title='bbox 1271 1051 1675 1136; x_wconf 78' lang='lat' dir='ltr'><strong>transposuit</strong></span> <span class='ocrx_word' id='word_1_65' title='bbox 1730 1050 2094 1135; x_wconf 55' lang='lat' dir='ltr'>bibliopeffl</span> <span class='ocrx_word' id='word_1_66' title='bbox 2150 1049 2308 1114; x_wconf 86' lang='lat' dir='ltr'>folia</span> <span class='ocrx_word' id='word_1_67' title='bbox 2369 1049 2505 1132; x_wconf 87' lang='lat' dir='ltr'>(fol.</span> <span class='ocrx_word' id='word_1_68' title='bbox 2569 1048 2922 1113; x_wconf 78' lang='lat'><strong>177-183</strong></span> <span class='ocrx_word' id='word_1_69' title='bbox 2976 1048 3162 1131; x_wconf 89' lang='lat' dir='ltr'>incl.)</span> 
     </span>
     <span class='ocr_line' id='line_1_8' title="bbox 572 1149 3164 1237; baseline -0.002 -17"><span class='ocrx_word' id='word_1_70' title='bbox 572 1155 865 1220; x_wconf 78' lang='lat' dir='ltr'>editionis</span> <span class='ocrx_word' id='word_1_71' title='bbox 924 1154 1358 1220; x_wconf 84' lang='lat' dir='ltr'>Bekkerianae</span> <span class='ocrx_word' id='word_1_72' title='bbox 1416 1152 1782 1237; x_wconf 79' lang='lat' dir='ltr'>compleant</span> <span class='ocrx_word' id='word_1_73' title='bbox 1837 1174 1985 1237; x_wconf 88' lang='lat' dir='ltr'>pag.</span> <span class='ocrx_word' id='word_1_74' title='bbox 2034 1152 2190 1235; x_wconf 84' lang='grc'><strong>607,</strong></span> <span class='ocrx_word' id='word_1_75' title='bbox 2236 1152 2319 1217; x_wconf 85' lang='grc'>33</span> <span class='ocrx_word' id='word_1_76' title='bbox 2361 1153 2589 1232; x_wconf 79' lang='grc' dir='ltr'>τηλόεε</span> <span class='ocrx_word' id='word_1_77' title='bbox 2624 1162 2701 1198; x_wconf 58' lang='lat' dir='ltr'>ss-</span> <span class='ocrx_word' id='word_1_78' title='bbox 2731 1149 2877 1215; x_wconf 81' lang='grc'><strong>625.</strong></span> <span class='ocrx_word' id='word_1_79' title='bbox 2980 1150 3164 1215; x_wconf 86' lang='lat' dir='ltr'>Adde</span> 
     </span>
     <span class='ocr_line' id='line_1_9' title="bbox 574 1251 3163 1342; baseline -0.002 -21"><span class='ocrx_word' id='word_1_80' title='bbox 574 1258 736 1342; x_wconf 92' lang='lat' dir='ltr'>quod</span> <span class='ocrx_word' id='word_1_81' title='bbox 782 1258 850 1321; x_wconf 91' lang='lat' dir='ltr'>in</span> <span class='ocrx_word' id='word_1_82' title='bbox 896 1261 1179 1322; x_wconf 87' lang='lat' dir='ltr'>extrema</span> <span class='ocrx_word' id='word_1_83' title='bbox 1223 1256 1372 1321; x_wconf 84' lang='lat' dir='ltr'>libri</span> <span class='ocrx_word' id='word_1_84' title='bbox 1415 1255 1493 1319; x_wconf 89' lang='lat' dir='ltr'>de</span> <span class='ocrx_word' id='word_1_85' title='bbox 1525 1254 1845 1320; x_wconf 83' lang='lat' dir='ltr'>adverbiis</span> <span class='ocrx_word' id='word_1_86' title='bbox 1889 1254 2131 1339; x_wconf 88' lang='lat' dir='ltr'>pagina</span> <span class='ocrx_word' id='word_1_87' title='bbox 2158 1253 2321 1318; x_wconf 88' lang='lat' dir='ltr'>haec</span> <span class='ocrx_word' id='word_1_88' title='bbox 2367 1256 2463 1317; x_wconf 83' lang='lat' dir='ltr'>est</span> <span class='ocrx_word' id='word_1_89' title='bbox 2505 1251 2893 1337; x_wconf 76' lang='lat' dir='ltr'>subscriptio</span> <span class='ocrx_word' id='word_1_90' title='bbox 2937 1254 3163 1319; x_wconf 83' lang='grc' dir='ltr'>Ἀπολ-</span> 
     </span>
     <span class='ocr_line' id='line_1_10' title="bbox 572 1359 2636 1439; baseline -0.004 -13"><span class='ocrx_word' id='word_1_91' title='bbox 572 1361 812 1427; x_wconf 82' lang='grc' dir='ltr'>λωνίου</span> <span class='ocrx_word' id='word_1_92' title='bbox 855 1362 1003 1439; x_wconf 84' lang='grc' dir='ltr'>περὶ</span> <span class='ocrx_word' id='word_1_93' title='bbox 1047 1359 1514 1439; x_wconf 86' lang='grc' dir='ltr'>ἐπιρρημάτων.</span> <span class='ocrx_word' id='word_1_94' title='bbox 2317 1396 2352 1413; x_wconf 35' lang='grc' dir='ltr'>ω</span> <span class='ocrx_word' id='word_1_95' title='bbox 2632 1372 2636 1377; x_wconf 80' lang='lat'><strong>·</strong></span> 
     </span>
    </p>

    <p class='ocr_par' dir='ltr' id='par_1_3' title="bbox 572 1456 3177 2463">
     <span class='ocr_line' id='line_1_11' title="bbox 737 1456 3166 1545; baseline -0.002 -20"><span class='ocrx_word' id='word_1_96' title='bbox 737 1461 835 1526; x_wconf 84' lang='lat' dir='ltr'>Ea</span> <span class='ocrx_word' id='word_1_97' title='bbox 879 1460 1079 1545; x_wconf 85' lang='lat' dir='ltr'>igitur</span> <span class='ocrx_word' id='word_1_98' title='bbox 1122 1463 1222 1524; x_wconf 90' lang='lat' dir='ltr'>est</span> <span class='ocrx_word' id='word_1_99' title='bbox 1266 1459 1502 1524; x_wconf 89' lang='lat' dir='ltr'>codicis</span> <span class='ocrx_word' id='word_1_100' title='bbox 1546 1460 1873 1541; x_wconf 89' lang='lat' dir='ltr'>condicio,</span> <span class='ocrx_word' id='word_1_101' title='bbox 1933 1463 2007 1523; x_wconf 90' lang='lat' dir='ltr'>ut</span> <span class='ocrx_word' id='word_1_102' title='bbox 2049 1458 2325 1545; x_wconf 91' lang='lat' dir='ltr'>primum</span> <span class='ocrx_word' id='word_1_103' title='bbox 2368 1456 2579 1521; x_wconf 90' lang='lat' dir='ltr'>locum</span> <span class='ocrx_word' id='word_1_104' title='bbox 2625 1459 2943 1541; x_wconf 81' lang='lat' dir='ltr'>occupent</span> <span class='ocrx_word' id='word_1_105' title='bbox 2985 1460 3166 1541; x_wconf 88' lang='lat' dir='ltr'>quat-</span> 
     </span>
     <span class='ocr_line' id='line_1_12' title="bbox 572 1557 3165 1648; baseline -0.002 -20"><span class='ocrx_word' id='word_1_106' title='bbox 572 1569 716 1628; x_wconf 88' lang='lat' dir='ltr'>tuor</span> <span class='ocrx_word' id='word_1_107' title='bbox 768 1564 878 1648; x_wconf 89' lang='lat' dir='ltr'>qui</span> <span class='ocrx_word' id='word_1_108' title='bbox 934 1565 1087 1626; x_wconf 90' lang='lat' dir='ltr'>sunt</span> <span class='ocrx_word' id='word_1_109' title='bbox 1146 1561 1223 1627; x_wconf 89' lang='lat' dir='ltr'>de</span> <span class='ocrx_word' id='word_1_110' title='bbox 1268 1563 1527 1646; x_wconf 78' lang='lat' dir='ltr'>syntaxi</span> <span class='ocrx_word' id='word_1_111' title='bbox 1570 1561 1747 1644; x_wconf 87' lang='lat' dir='ltr'>libri,</span> <span class='ocrx_word' id='word_1_112' title='bbox 1790 1560 1904 1625; x_wconf 89' lang='lat' dir='ltr'>fol.</span> <span class='ocrx_word' id='word_1_113' title='bbox 1948 1561 2120 1625; x_wconf 75' lang='lat'><strong>2¹·--</strong></span> <span class='ocrx_word' id='word_1_114' title='bbox 2146 1560 2284 1643; x_wconf 76' lang='lat' dir='ltr'>92r3</span> <span class='ocrx_word' id='word_1_115' title='bbox 2338 1563 2487 1643; x_wconf 88' lang='lat' dir='ltr'>post</span> <span class='ocrx_word' id='word_1_116' title='bbox 2542 1557 2832 1622; x_wconf 81' lang='lat' dir='ltr'>ultimam</span> <span class='ocrx_word' id='word_1_117' title='bbox 2877 1558 3165 1642; x_wconf 80' lang='lat' dir='ltr'>syntaxis</span> 
     </span>
     <span class='ocr_line' id='line_1_13' title="bbox 576 1652 3177 1748; baseline -0.002 -17"><span class='ocrx_word' id='word_1_118' title='bbox 576 1687 787 1731; x_wconf 89' lang='lat' dir='ltr'>vocem</span> <span class='ocrx_word' id='word_1_119' title='bbox 844 1663 1132 1748; x_wconf 88' lang='lat' dir='ltr'>sequitur</span> <span class='ocrx_word' id='word_1_120' title='bbox 1187 1663 1514 1727; x_wconf 86' lang='lat' dir='ltr'>exordium</span> <span class='ocrx_word' id='word_1_121' title='bbox 1569 1661 1717 1727; x_wconf 89' lang='lat' dir='ltr'>libri</span> <span class='ocrx_word' id='word_1_122' title='bbox 1776 1662 1853 1726; x_wconf 89' lang='lat' dir='ltr'>de</span> <span class='ocrx_word' id='word_1_123' title='bbox 1900 1662 2348 1727; x_wconf 90' lang='lat' dir='ltr'>coniunctione</span> <span class='ocrx_word' id='word_1_124' title='bbox 2401 1681 2600 1744; x_wconf 90' lang='lat' dir='ltr'>usque</span> <span class='ocrx_word' id='word_1_125' title='bbox 2657 1659 2737 1723; x_wconf 87' lang='lat' dir='ltr'>ad</span> <span class='ocrx_word' id='word_1_126' title='bbox 2782 1682 2844 1744; x_wconf 90' lang='lat' dir='ltr'>p.</span> <span class='ocrx_word' id='word_1_127' title='bbox 2892 1659 3038 1743; x_wconf 82' lang='lat'>214,</span> <span class='ocrx_word' id='word_1_128' title='bbox 3082 1652 3177 1725; x_wconf 84' lang='grc'>26</span> 
     </span>
     <span class='ocr_line' id='line_1_14' title="bbox 575 1761 3163 1850; baseline -0.002 -18"><span class='ocrx_word' id='word_1_129' title='bbox 575 1789 854 1849; x_wconf 85' lang='grc' dir='ltr'><strong>γραμμα,</strong></span> <span class='ocrx_word' id='word_1_130' title='bbox 913 1765 1082 1850; x_wconf 90' lang='lat' dir='ltr'>quod</span> <span class='ocrx_word' id='word_1_131' title='bbox 1139 1765 1471 1829; x_wconf 91' lang='lat' dir='ltr'>dimidium</span> <span class='ocrx_word' id='word_1_132' title='bbox 1528 1764 1664 1828; x_wconf 87' lang='lat' dir='ltr'>fere</span> <span class='ocrx_word' id='word_1_133' title='bbox 1718 1763 1828 1828; x_wconf 83' lang='lat' dir='ltr'>fol.</span> <span class='ocrx_word' id='word_1_134' title='bbox 1878 1764 2017 1845; x_wconf 57' lang='lat'>92⁸,</span> <span class='ocrx_word' id='word_1_135' title='bbox 2078 1763 2186 1827; x_wconf 83' lang='lat' dir='ltr'>fol.</span> <span class='ocrx_word' id='word_1_136' title='bbox 2234 1762 2347 1827; x_wconf 65' lang='lat' dir='ltr'>92v</span> <span class='ocrx_word' id='word_1_137' title='bbox 2401 1764 2467 1826; x_wconf 90' lang='lat' dir='ltr'>et</span> <span class='ocrx_word' id='word_1_138' title='bbox 2525 1761 2855 1826; x_wconf 90' lang='lat' dir='ltr'>dimidium</span> <span class='ocrx_word' id='word_1_139' title='bbox 2899 1761 3010 1825; x_wconf 87' lang='lat' dir='ltr'>fol.</span> <span class='ocrx_word' id='word_1_140' title='bbox 3057 1763 3163 1827; x_wconf 76' lang='grc' dir='ltr'>93ΙΓ</span> 
     </span>
     <span class='ocr_line' id='line_1_15' title="bbox 576 1863 3164 1954; baseline -0.003 -20"><span class='ocrx_word' id='word_1_141' title='bbox 576 1869 883 1954; x_wconf 78' lang='lat' dir='ltr'>coinplet3</span> <span class='ocrx_word' id='word_1_142' title='bbox 948 1866 1194 1951; x_wconf 87' lang='lat' dir='ltr'>reliqua</span> <span class='ocrx_word' id='word_1_143' title='bbox 1251 1865 1392 1929; x_wconf 91' lang='lat' dir='ltr'>folii</span> <span class='ocrx_word' id='word_1_144' title='bbox 1436 1865 1518 1929; x_wconf 85' lang='lat'>93</span> <span class='ocrx_word' id='word_1_145' title='bbox 1574 1886 1724 1950; x_wconf 89' lang='lat' dir='ltr'>pars</span> <span class='ocrx_word' id='word_1_146' title='bbox 1781 1869 1846 1930; x_wconf 91' lang='lat' dir='ltr'>et</span> <span class='ocrx_word' id='word_1_147' title='bbox 1887 1869 2094 1930; x_wconf 84' lang='lat' dir='ltr'>totum</span> <span class='ocrx_word' id='word_1_148' title='bbox 2140 1863 2366 1928; x_wconf 79' lang='lat' dir='ltr'>solium</span> <span class='ocrx_word' id='word_1_149' title='bbox 2409 1864 2495 1928; x_wconf 84' lang='lat'>94</span> <span class='ocrx_word' id='word_1_150' title='bbox 2545 1884 2815 1928; x_wconf 82' lang='lat' dir='ltr'>vacuum</span> <span class='ocrx_word' id='word_1_151' title='bbox 2871 1863 3164 1929; x_wconf 88' lang='lat' dir='ltr'>relictum</span> 
     </span>
     <span class='ocr_line' id='line_1_16' title="bbox 574 1965 3169 2052; baseline -0.003 -15"><span class='ocrx_word' id='word_1_152' title='bbox 574 1976 686 2037; x_wconf 89' lang='lat' dir='ltr'>est.</span> <span class='ocrx_word' id='word_1_153' title='bbox 774 1969 1065 2034; x_wconf 84' lang='lat' dir='ltr'>Pertinet</span> <span class='ocrx_word' id='word_1_154' title='bbox 1107 1966 1320 2032; x_wconf 80' lang='lat' dir='ltr'>a&#39;utem</span> <span class='ocrx_word' id='word_1_155' title='bbox 1364 1967 1558 2052; x_wconf 91' lang='lat' dir='ltr'>liber,</span> <span class='ocrx_word' id='word_1_156' title='bbox 1606 1968 1714 2050; x_wconf 90' lang='lat' dir='ltr'>qui</span> <span class='ocrx_word' id='word_1_157' title='bbox 1746 1970 1844 2032; x_wconf 90' lang='lat' dir='ltr'>est</span> <span class='ocrx_word' id='word_1_158' title='bbox 1883 1966 1962 2031; x_wconf 81' lang='lat' dir='ltr'>de</span> <span class='ocrx_word' id='word_1_159' title='bbox 1992 1967 2478 2049; x_wconf 89' lang='lat' dir='ltr'>coniunctione,</span> <span class='ocrx_word' id='word_1_160' title='bbox 2524 1986 2723 2048; x_wconf 89' lang='lat' dir='ltr'>usque</span> <span class='ocrx_word' id='word_1_161' title='bbox 2753 1965 2833 2029; x_wconf 90' lang='lat' dir='ltr'>ad</span> <span class='ocrx_word' id='word_1_162' title='bbox 2864 1966 2975 2030; x_wconf 90' lang='lat' dir='ltr'>fol.</span> <span class='ocrx_word' id='word_1_163' title='bbox 3017 1966 3169 2030; x_wconf 54' lang='lat'><strong>113*-</strong></span> 
     </span>
     <span class='ocr_line' id='line_1_17' title="bbox 573 2068 3164 2155; baseline -0.002 -17"><span class='ocrx_word' id='word_1_164' title='bbox 573 2077 755 2151; x_wconf 82' lang='lat' dir='ltr'>extr.‚</span> <span class='ocrx_word' id='word_1_165' title='bbox 798 2075 871 2137; x_wconf 91' lang='lat' dir='ltr'>ut</span> <span class='ocrx_word' id='word_1_166' title='bbox 899 2073 1152 2155; x_wconf 85' lang='lat' dir='ltr'>praeter</span> <span class='ocrx_word' id='word_1_167' title='bbox 1184 2069 1543 2153; x_wconf 84' lang='lat' dir='ltr'>exordium,</span> <span class='ocrx_word' id='word_1_168' title='bbox 1589 2070 1667 2134; x_wconf 91' lang='lat' dir='ltr'>de</span> <span class='ocrx_word' id='word_1_169' title='bbox 1696 2090 1819 2152; x_wconf 90' lang='lat' dir='ltr'>quo</span> <span class='ocrx_word' id='word_1_170' title='bbox 1848 2068 2040 2133; x_wconf 89' lang='lat' dir='ltr'>modo</span> <span class='ocrx_word' id='word_1_171' title='bbox 2073 2068 2380 2150; x_wconf 80' lang='lat' dir='ltr'>diximuS,</span> <span class='ocrx_word' id='word_1_172' title='bbox 2418 2068 2591 2133; x_wconf 86' lang='lat' dir='ltr'>foliis</span> <span class='ocrx_word' id='word_1_173' title='bbox 2626 2068 2708 2132; x_wconf 85' lang='lat'>19</span> <span class='ocrx_word' id='word_1_174' title='bbox 2738 2068 3164 2134; x_wconf 89' lang='lat' dir='ltr'>contineatur.</span> 
     </span>
     <span class='ocr_line' id='line_1_18' title="bbox 573 2168 3166 2259; baseline -0 -19"><span class='ocrx_word' id='word_1_175' title='bbox 573 2174 995 2259; x_wconf 86' lang='lat' dir='ltr'>Subiungitur</span> <span class='ocrx_word' id='word_1_176' title='bbox 1055 2172 1507 2237; x_wconf 86' lang='lat' dir='ltr'>commentatio</span> <span class='ocrx_word' id='word_1_177' title='bbox 1566 2171 1645 2236; x_wconf 91' lang='lat' dir='ltr'>de</span> <span class='ocrx_word' id='word_1_178' title='bbox 1702 2171 2049 2255; x_wconf 82' lang='lat' dir='ltr'>adverbiis,</span> <span class='ocrx_word' id='word_1_179' title='bbox 2116 2170 2186 2234; x_wconf 89' lang='lat' dir='ltr'>in</span> <span class='ocrx_word' id='word_1_180' title='bbox 2239 2169 2414 2235; x_wconf 88' lang='lat' dir='ltr'>foliis</span> <span class='ocrx_word' id='word_1_181' title='bbox 2458 2169 2545 2235; x_wconf 83' lang='lat'>39</span> <span class='ocrx_word' id='word_1_182' title='bbox 2598 2168 2990 2253; x_wconf 78' lang='lat' dir='ltr'>conscripta,</span> <span class='ocrx_word' id='word_1_183' title='bbox 3052 2169 3166 2239; x_wconf 87' lang='lat' dir='ltr'>fol.</span> 
     </span>
     <span class='ocr_line' id='line_1_19' title="bbox 584 2266 3163 2356; baseline -0.002 -16"><span class='ocrx_word' id='word_1_184' title='bbox 584 2277 827 2340; x_wconf 73' lang='lat' dir='ltr'>114r—</span> <span class='ocrx_word' id='word_1_185' title='bbox 853 2275 1003 2339; x_wconf 77' lang='lat' dir='ltr'>145v</span> <span class='ocrx_word' id='word_1_186' title='bbox 1048 2278 1113 2338; x_wconf 89' lang='lat' dir='ltr'>et</span> <span class='ocrx_word' id='word_1_187' title='bbox 1155 2274 1267 2338; x_wconf 92' lang='lat' dir='ltr'>fol.</span> <span class='ocrx_word' id='word_1_188' title='bbox 1319 2273 1760 2338; x_wconf 68' lang='lat' dir='ltr'>177r—183v.</span> <span class='ocrx_word' id='word_1_189' title='bbox 1848 2271 2159 2348; x_wconf 84' lang='lat' dir='ltr'>Quartum</span> <span class='ocrx_word' id='word_1_190' title='bbox 2206 2275 2480 2356; x_wconf 88' lang='lat' dir='ltr'>occupat</span> <span class='ocrx_word' id='word_1_191' title='bbox 2523 2271 2732 2335; x_wconf 91' lang='lat' dir='ltr'>locum</span> <span class='ocrx_word' id='word_1_192' title='bbox 2777 2266 3041 2355; x_wconf 83' lang='lat' dir='ltr'>scriptio</span> <span class='ocrx_word' id='word_1_193' title='bbox 3086 2271 3163 2336; x_wconf 90' lang='lat' dir='ltr'>de</span> 
     </span>
     <span class='ocr_line' id='line_1_20' title="bbox 576 2373 3170 2463; baseline -0.002 -21"><span class='ocrx_word' id='word_1_194' title='bbox 576 2378 977 2463; x_wconf 87' lang='lat' dir='ltr'>pronomine,</span> <span class='ocrx_word' id='word_1_195' title='bbox 1025 2397 1214 2460; x_wconf 91' lang='lat' dir='ltr'>quam</span> <span class='ocrx_word' id='word_1_196' title='bbox 1259 2375 1418 2440; x_wconf 85' lang='lat' dir='ltr'>folia</span> <span class='ocrx_word' id='word_1_197' title='bbox 1460 2375 1545 2438; x_wconf 89' lang='grc'>42</span> <span class='ocrx_word' id='word_1_198' title='bbox 1589 2373 2103 2459; x_wconf 89' lang='lat' dir='ltr'>complectuntur</span> <span class='ocrx_word' id='word_1_199' title='bbox 2147 2373 2287 2461; x_wconf 85' lang='lat' dir='ltr'>(fol.</span> <span class='ocrx_word' id='word_1_200' title='bbox 2339 2374 2478 2457; x_wconf 87' lang='grc'><strong>184,</strong></span> <span class='ocrx_word' id='word_1_201' title='bbox 2529 2373 2776 2437; x_wconf 67' lang='grc'><strong>146’-</strong></span> <span class='ocrx_word' id='word_1_202' title='bbox 2805 2373 2974 2455; x_wconf 51' lang='lat'>1765</span> <span class='ocrx_word' id='word_1_203' title='bbox 3024 2373 3170 2437; x_wconf 75' lang='lat' dir='ltr'>185r</span> 
     </span>
    </p>

    <p class='ocr_par' dir='ltr' id='par_1_4' title="bbox 572 2575 3167 2866">
     <span class='ocr_line' id='line_1_21' title="bbox 744 2575 3166 2658; baseline -0.002 -12"><span class='ocrx_word' id='word_1_204' title='bbox 744 2580 915 2657; x_wconf 83' lang='lat' dir='ltr'>Quot</span> <span class='ocrx_word' id='word_1_205' title='bbox 957 2601 1188 2645; x_wconf 85' lang='lat' dir='ltr'>manus</span> <span class='ocrx_word' id='word_1_206' title='bbox 1242 2580 1416 2644; x_wconf 89' lang='lat' dir='ltr'>hunc</span> <span class='ocrx_word' id='word_1_207' title='bbox 1473 2577 1753 2644; x_wconf 90' lang='lat' dir='ltr'>codicem</span> <span class='ocrx_word' id='word_1_208' title='bbox 1798 2578 2230 2658; x_wconf 84' lang='lat' dir='ltr'>exaraverint,</span> <span class='ocrx_word' id='word_1_209' title='bbox 2290 2598 2434 2641; x_wconf 90' lang='lat' dir='ltr'>cum</span> <span class='ocrx_word' id='word_1_210' title='bbox 2490 2597 2524 2640; x_wconf 91' lang='lat' dir='ltr'>e</span> <span class='ocrx_word' id='word_1_211' title='bbox 2573 2575 2843 2657; x_wconf 83' lang='lat' dir='ltr'>Bekkeri</span> <span class='ocrx_word' id='word_1_212' title='bbox 2903 2575 3166 2640; x_wconf 86' lang='lat' dir='ltr'>adnota-</span> 
     </span>
     <span class='ocr_line' id='line_1_22' title="bbox 572 2674 3167 2770; baseline -0.003 -20"><span class='ocrx_word' id='word_1_213' title='bbox 572 2674 748 2751; x_wconf 85' lang='lat' dir='ltr'>tione</span> <span class='ocrx_word' id='word_1_214' title='bbox 793 2684 1092 2770; x_wconf 86' lang='lat' dir='ltr'>cognosci</span> <span class='ocrx_word' id='word_1_215' title='bbox 1137 2683 1400 2748; x_wconf 91' lang='lat' dir='ltr'>omnino</span> <span class='ocrx_word' id='word_1_216' title='bbox 1443 2703 1574 2745; x_wconf 90' lang='lat' dir='ltr'>non</span> <span class='ocrx_word' id='word_1_217' title='bbox 1622 2680 1853 2765; x_wconf 88' lang='lat' dir='ltr'>possit,</span> <span class='ocrx_word' id='word_1_218' title='bbox 1919 2679 2149 2744; x_wconf 89' lang='lat' dir='ltr'>mirum</span> <span class='ocrx_word' id='word_1_219' title='bbox 2195 2699 2328 2743; x_wconf 88' lang='lat' dir='ltr'>non</span> <span class='ocrx_word' id='word_1_220' title='bbox 2372 2681 2470 2742; x_wconf 89' lang='lat' dir='ltr'>est</span> <span class='ocrx_word' id='word_1_221' title='bbox 2525 2677 2606 2741; x_wconf 91' lang='lat' dir='ltr'>ab</span> <span class='ocrx_word' id='word_1_222' title='bbox 2650 2698 2727 2741; x_wconf 90' lang='lat' dir='ltr'>eo</span> <span class='ocrx_word' id='word_1_223' title='bbox 2771 2678 2840 2742; x_wconf 91' lang='lat' dir='ltr'>in</span> <span class='ocrx_word' id='word_1_224' title='bbox 2886 2699 3167 2743; x_wconf 91' lang='lat' dir='ltr'>errorem</span> 
     </span>
     <span class='ocr_line' id='line_1_23' title="bbox 572 2779 2453 2866; baseline -0.003 -15"><span class='ocrx_word' id='word_1_225' title='bbox 572 2788 903 2852; x_wconf 86' lang='lat' dir='ltr'>inductum</span> <span class='ocrx_word' id='word_1_226' title='bbox 948 2807 1085 2851; x_wconf 88' lang='lat' dir='ltr'>esse</span> <span class='ocrx_word' id='word_1_227' title='bbox 1131 2785 1491 2851; x_wconf 89' lang='lat' dir='ltr'>Dronkium</span> <span class='ocrx_word' id='word_1_228' title='bbox 1541 2783 1732 2866; x_wconf 88' lang='lat' dir='ltr'>(Mus.</span> <span class='ocrx_word' id='word_1_229' title='bbox 1779 2782 1987 2846; x_wconf 86' lang='lat' dir='ltr'>Rhen.</span> <span class='ocrx_word' id='word_1_230' title='bbox 2033 2779 2129 2844; x_wconf 90' lang='lat' dir='ltr'>IX</span> <span class='ocrx_word' id='word_1_231' title='bbox 2170 2804 2236 2865; x_wconf 88' lang='lat' dir='ltr'>p.</span> <span class='ocrx_word' id='word_1_232' title='bbox 2278 2781 2453 2862; x_wconf 78' lang='lat'>592).</span> 
     </span>
    </p>

    <p class='ocr_par' dir='ltr' id='par_1_5' title="bbox 572 2881 3174 4905">
     <span class='ocr_line' id='line_1_24' title="bbox 743 2881 3168 2973; baseline -0.002 -20"><span class='ocrx_word' id='word_1_233' title='bbox 743 2887 839 2953; x_wconf 84' lang='lat' dir='ltr'>Ac</span> <span class='ocrx_word' id='word_1_234' title='bbox 867 2888 1143 2972; x_wconf 90' lang='lat' dir='ltr'>primum</span> <span class='ocrx_word' id='word_1_235' title='bbox 1176 2887 1431 2973; x_wconf 90' lang='lat' dir='ltr'>quidem</span> <span class='ocrx_word' id='word_1_236' title='bbox 1463 2887 1585 2952; x_wconf 91' lang='lat' dir='ltr'>hoc</span> <span class='ocrx_word' id='word_1_237' title='bbox 1615 2888 1903 2967; x_wconf 87' lang='lat' dir='ltr'>constat,</span> <span class='ocrx_word' id='word_1_238' title='bbox 1950 2905 2080 2947; x_wconf 90' lang='lat' dir='ltr'>non</span> <span class='ocrx_word' id='word_1_239' title='bbox 2121 2886 2333 2947; x_wconf 86' lang='lat' dir='ltr'>totum</span> <span class='ocrx_word' id='word_1_240' title='bbox 2361 2881 2597 2946; x_wconf 85' lang='lat' dir='ltr'>librum</span> <span class='ocrx_word' id='word_1_241' title='bbox 2640 2883 2722 2947; x_wconf 89' lang='lat' dir='ltr'>ab</span> <span class='ocrx_word' id='word_1_242' title='bbox 2763 2904 2889 2947; x_wconf 90' lang='lat' dir='ltr'>una</span> <span class='ocrx_word' id='word_1_243' title='bbox 2919 2883 3168 2947; x_wconf 85' lang='lat' dir='ltr'>eadem-</span> 
     </span>
     <span class='ocr_line' id='line_1_25' title="bbox 573 2985 3168 3075; baseline -0.003 -20"><span class='ocrx_word' id='word_1_244' title='bbox 573 3013 694 3075; x_wconf 89' lang='lat' dir='ltr'>que</span> <span class='ocrx_word' id='word_1_245' title='bbox 738 3012 932 3059; x_wconf 85' lang='lat' dir='ltr'>manu</span> <span class='ocrx_word' id='word_1_246' title='bbox 975 2992 1187 3053; x_wconf 90' lang='lat' dir='ltr'>ortum</span> <span class='ocrx_word' id='word_1_247' title='bbox 1232 3010 1401 3071; x_wconf 88' lang='lat' dir='ltr'>esse,</span> <span class='ocrx_word' id='word_1_248' title='bbox 1448 2988 1558 3053; x_wconf 87' lang='lat' dir='ltr'>sed</span> <span class='ocrx_word' id='word_1_249' title='bbox 1603 3008 1766 3071; x_wconf 86' lang='lat' dir='ltr'>quae</span> <span class='ocrx_word' id='word_1_250' title='bbox 1796 2988 2043 3070; x_wconf 86' lang='lat' dir='ltr'>septem</span> <span class='ocrx_word' id='word_1_251' title='bbox 2086 2986 2375 3049; x_wconf 85' lang='lat' dir='ltr'>exaravit</span> <span class='ocrx_word' id='word_1_252' title='bbox 2414 2985 2602 3067; x_wconf 88' lang='lat' dir='ltr'>folia,</span> <span class='ocrx_word' id='word_1_253' title='bbox 2648 2985 2881 3069; x_wconf 88' lang='lat' dir='ltr'>quibus</span> <span class='ocrx_word' id='word_1_254' title='bbox 2911 2985 3168 3049; x_wconf 88' lang='lat' dir='ltr'>initium</span> 
     </span>
     <span class='ocr_line' id='line_1_26' title="bbox 573 3085 3167 3176; baseline -0.002 -22"><span class='ocrx_word' id='word_1_255' title='bbox 573 3093 863 3176; x_wconf 84' lang='lat' dir='ltr'>syntaxis</span> <span class='ocrx_word' id='word_1_256' title='bbox 909 3091 1305 3174; x_wconf 86' lang='lat' dir='ltr'>continetur,</span> <span class='ocrx_word' id='word_1_257' title='bbox 1363 3090 1677 3154; x_wconf 89' lang='lat' dir='ltr'>diversam</span> <span class='ocrx_word' id='word_1_258' title='bbox 1724 3109 1862 3152; x_wconf 92' lang='lat' dir='ltr'>esse</span> <span class='ocrx_word' id='word_1_259' title='bbox 1907 3087 1988 3150; x_wconf 91' lang='lat' dir='ltr'>ab</span> <span class='ocrx_word' id='word_1_260' title='bbox 2035 3109 2138 3173; x_wconf 89' lang='lat' dir='ltr'>ea,</span> <span class='ocrx_word' id='word_1_261' title='bbox 2196 3108 2365 3172; x_wconf 42' lang='lat' dir='ltr'>quae·</span> <span class='ocrx_word' id='word_1_262' title='bbox 2415 3091 2626 3152; x_wconf 87' lang='lat' dir='ltr'>cetera</span> <span class='ocrx_word' id='word_1_263' title='bbox 2670 3085 3013 3170; x_wconf 89' lang='lat' dir='ltr'>descripsit</span> <span class='ocrx_word' id='word_1_264' title='bbox 3055 3086 3167 3171; x_wconf 86' lang='lat' dir='ltr'>(cf.</span> 
     </span>
     <span class='ocr_line' id='line_1_27' title="bbox 573 3189 3163 3278; baseline -0.002 -21"><span class='ocrx_word' id='word_1_265' title='bbox 573 3193 833 3257; x_wconf 86' lang='lat' dir='ltr'>Bekker</span> <span class='ocrx_word' id='word_1_266' title='bbox 881 3193 961 3257; x_wconf 88' lang='lat' dir='ltr'>ad</span> <span class='ocrx_word' id='word_1_267' title='bbox 1008 3196 1177 3277; x_wconf 83' lang='lat' dir='ltr'>synt.</span> <span class='ocrx_word' id='word_1_268' title='bbox 1223 3215 1282 3277; x_wconf 90' lang='lat' dir='ltr'>p.</span> <span class='ocrx_word' id='word_1_269' title='bbox 1327 3194 1515 3278; x_wconf 84' lang='lat'><strong>347);</strong></span> <span class='ocrx_word' id='word_1_270' title='bbox 1583 3191 1812 3256; x_wconf 90' lang='lat' dir='ltr'>deinde</span> <span class='ocrx_word' id='word_1_271' title='bbox 1869 3189 2195 3255; x_wconf 87' lang='lat' dir='ltr'>exordium</span> <span class='ocrx_word' id='word_1_272' title='bbox 2252 3189 2397 3252; x_wconf 89' lang='lat' dir='ltr'>libri</span> <span class='ocrx_word' id='word_1_273' title='bbox 2457 3189 2534 3253; x_wconf 90' lang='lat' dir='ltr'>de</span> <span class='ocrx_word' id='word_1_274' title='bbox 2581 3189 3027 3253; x_wconf 86' lang='lat' dir='ltr'>coniunctione</span> <span class='ocrx_word' id='word_1_275' title='bbox 3074 3189 3163 3272; x_wconf 92' lang='lat' dir='ltr'>(p.</span> 
     </span>
     <span class='ocr_line' id='line_1_28' title="bbox 572 3291 3169 3377; baseline -0.001 -20"><span class='ocrx_word' id='word_1_276' title='bbox 572 3295 717 3377; x_wconf 89' lang='grc'><strong>213,</strong></span> <span class='ocrx_word' id='word_1_277' title='bbox 752 3296 996 3360; x_wconf 86' lang='grc' dir='ltr'><strong>1·ΤΟΥ</strong></span> <span class='ocrx_word' id='word_1_278' title='bbox 1040 3296 1315 3361; x_wconf 88' lang='grc' dir='ltr'>ΑΥΤΟΥ</span> <span class='ocrx_word' id='word_1_279' title='bbox 1363 3335 1438 3344; x_wconf 89' lang='grc'>-</span> <span class='ocrx_word' id='word_1_280' title='bbox 1486 3293 1630 3372; x_wconf 89' lang='grc'><strong>214,</strong></span> <span class='ocrx_word' id='word_1_281' title='bbox 1676 3292 1761 3357; x_wconf 90' lang='grc'>26</span> <span class='ocrx_word' id='word_1_282' title='bbox 1815 3296 2098 3374; x_wconf 85' lang='grc' dir='ltr'>γραμμα)</span> <span class='ocrx_word' id='word_1_283' title='bbox 2156 3312 2308 3354; x_wconf 91' lang='lat' dir='ltr'>num</span> <span class='ocrx_word' id='word_1_284' title='bbox 2363 3292 2444 3355; x_wconf 91' lang='lat' dir='ltr'>ab</span> <span class='ocrx_word' id='word_1_285' title='bbox 2499 3291 2717 3355; x_wconf 87' lang='lat' dir='ltr'>eadem</span> <span class='ocrx_word' id='word_1_286' title='bbox 2773 3312 2968 3354; x_wconf 86' lang='lat' dir='ltr'>manu</span> <span class='ocrx_word' id='word_1_287' title='bbox 3022 3312 3169 3375; x_wconf 87' lang='lat' dir='ltr'>pro·</span> 
     </span>
     <span class='ocr_line' id='line_1_29' title="bbox 572 3391 3168 3482; baseline -0.002 -22"><span class='ocrx_word' id='word_1_288' title='bbox 572 3395 811 3460; x_wconf 88' lang='lat' dir='ltr'>fectum</span> <span class='ocrx_word' id='word_1_289' title='bbox 868 3398 957 3461; x_wconf 88' lang='lat' dir='ltr'>sit</span> <span class='ocrx_word' id='word_1_290' title='bbox 1013 3399 1204 3482; x_wconf 90' lang='lat' dir='ltr'>atque</span> <span class='ocrx_word' id='word_1_291' title='bbox 1259 3398 1505 3480; x_wconf 86' lang='lat' dir='ltr'>septem</span> <span class='ocrx_word' id='word_1_292' title='bbox 1566 3393 1678 3458; x_wconf 85' lang='lat' dir='ltr'>illa</span> <span class='ocrx_word' id='word_1_293' title='bbox 1720 3394 1912 3478; x_wconf 87' lang='lat' dir='ltr'>folia,</span> <span class='ocrx_word' id='word_1_294' title='bbox 1978 3393 2239 3458; x_wconf 89' lang='lat' dir='ltr'>dubium</span> <span class='ocrx_word' id='word_1_295' title='bbox 2284 3396 2409 3477; x_wconf 83' lang='lat' dir='ltr'>est3</span> <span class='ocrx_word' id='word_1_296' title='bbox 2464 3414 2614 3457; x_wconf 89' lang='lat' dir='ltr'>nam</span> <span class='ocrx_word' id='word_1_297' title='bbox 2676 3395 2748 3457; x_wconf 93' lang='lat' dir='ltr'>ut</span> <span class='ocrx_word' id='word_1_298' title='bbox 2792 3413 2912 3476; x_wconf 90' lang='lat' dir='ltr'>ego</span> <span class='ocrx_word' id='word_1_299' title='bbox 2966 3391 3032 3455; x_wconf 89' lang='lat' dir='ltr'>id</span> <span class='ocrx_word' id='word_1_300' title='bbox 3075 3393 3168 3456; x_wconf 86' lang='lat' dir='ltr'>ita</span> 
     </span>
     <span class='ocr_line' id='line_1_30' title="bbox 574 3493 3167 3581; baseline -0.002 -21"><span class='ocrx_word' id='word_1_301' title='bbox 574 3519 711 3561; x_wconf 91' lang='lat' dir='ltr'>esse</span> <span class='ocrx_word' id='word_1_302' title='bbox 754 3498 912 3561; x_wconf 86' lang='lat' dir='ltr'>mihi</span> <span class='ocrx_word' id='word_1_303' title='bbox 958 3498 1276 3581; x_wconf 85' lang='lat' dir='ltr'>persuasi,</span> <span class='ocrx_word' id='word_1_304' title='bbox 1323 3497 1415 3561; x_wconf 88' lang='lat' dir='ltr'>ita</span> <span class='ocrx_word' id='word_1_305' title='bbox 1457 3495 1725 3561; x_wconf 85' lang='lat' dir='ltr'>Carolus</span> <span class='ocrx_word' id='word_1_306' title='bbox 1771 3495 2251 3580; x_wconf 81' lang='lat' dir='ltr'>Zangemeister</span> <span class='ocrx_word' id='word_1_307' title='bbox 2295 3516 2473 3558; x_wconf 88' lang='lat' dir='ltr'>meus</span> <span class='ocrx_word' id='word_1_308' title='bbox 2484 3545 2501 3578; x_wconf 92' lang='lat'>,</span> <span class='ocrx_word' id='word_1_309' title='bbox 2554 3494 2898 3559; x_wconf 86' lang='lat' dir='ltr'>acerrimus</span> <span class='ocrx_word' id='word_1_310' title='bbox 2942 3493 3167 3558; x_wconf 89' lang='lat' dir='ltr'>harum</span> 
     </span>
     <span class='ocr_line' id='line_1_31' title="bbox 574 3596 3174 3685; baseline -0.001 -22"><span class='ocrx_word' id='word_1_311' title='bbox 574 3620 785 3663; x_wconf 91' lang='lat' dir='ltr'>rerum</span> <span class='ocrx_word' id='word_1_312' title='bbox 831 3600 1281 3685; x_wconf 87' lang='lat' dir='ltr'>investigator,</span> <span class='ocrx_word' id='word_1_313' title='bbox 1336 3598 1728 3663; x_wconf 87' lang='lat' dir='ltr'>simillimam</span> <span class='ocrx_word' id='word_1_314' title='bbox 1787 3597 1957 3662; x_wconf 87' lang='lat' dir='ltr'>hanc</span> <span class='ocrx_word' id='word_1_315' title='bbox 2011 3596 2265 3680; x_wconf 88' lang='lat' dir='ltr'>quidem</span> <span class='ocrx_word' id='word_1_316' title='bbox 2325 3596 2420 3660; x_wconf 92' lang='lat' dir='ltr'>illi</span> <span class='ocrx_word' id='word_1_317' title='bbox 2475 3618 2683 3680; x_wconf 91' lang='lat' dir='ltr'>neque</span> <span class='ocrx_word' id='word_1_318' title='bbox 2727 3597 3174 3684; x_wconf 63' lang='lat' dir='ltr'>recentiorem,</span> 
     </span>
     <span class='ocr_line' id='line_1_32' title="bbox 574 3697 3166 3783; baseline -0.002 -18"><span class='ocrx_word' id='word_1_319' title='bbox 574 3701 688 3765; x_wconf 90' lang='lat' dir='ltr'>sed</span> <span class='ocrx_word' id='word_1_320' title='bbox 732 3722 861 3765; x_wconf 91' lang='lat' dir='ltr'>non</span> <span class='ocrx_word' id='word_1_321' title='bbox 918 3701 1185 3765; x_wconf 89' lang='lat' dir='ltr'>eandem</span> <span class='ocrx_word' id='word_1_322' title='bbox 1246 3722 1382 3765; x_wconf 88' lang='lat' dir='ltr'>esse</span> <span class='ocrx_word' id='word_1_323' title='bbox 1424 3703 1719 3765; x_wconf 86' lang='lat' dir='ltr'>testatur.</span> <span class='ocrx_word' id='word_1_324' title='bbox 1826 3697 2006 3774; x_wconf 83' lang='lat' dir='ltr'>Quae</span> <span class='ocrx_word' id='word_1_325' title='bbox 2060 3719 2161 3762; x_wconf 90' lang='lat' dir='ltr'>res</span> <span class='ocrx_word' id='word_1_326' title='bbox 2217 3700 2538 3783; x_wconf 89' lang='lat' dir='ltr'>utcunque</span> <span class='ocrx_word' id='word_1_327' title='bbox 2597 3719 2734 3762; x_wconf 91' lang='lat' dir='ltr'>sese</span> <span class='ocrx_word' id='word_1_328' title='bbox 2785 3697 3012 3762; x_wconf 89' lang='lat' dir='ltr'>habet:</span> <span class='ocrx_word' id='word_1_329' title='bbox 3059 3719 3166 3762; x_wconf 86' lang='lat' dir='ltr'>eas</span> 
     </span>
     <span class='ocr_line' id='line_1_33' title="bbox 575 3799 3169 3887; baseline -0 -20"><span class='ocrx_word' id='word_1_330' title='bbox 575 3825 832 3887; x_wconf 87' lang='lat' dir='ltr'>manus,</span> <span class='ocrx_word' id='word_1_331' title='bbox 879 3803 954 3867; x_wconf 80' lang='lat' dir='ltr'>(le</span> <span class='ocrx_word' id='word_1_332' title='bbox 999 3804 1228 3887; x_wconf 83' lang='lat' dir='ltr'>quibus</span> <span class='ocrx_word' id='word_1_333' title='bbox 1282 3802 1471 3866; x_wconf 90' lang='lat' dir='ltr'>modo</span> <span class='ocrx_word' id='word_1_334' title='bbox 1528 3801 1963 3886; x_wconf 79' lang='lat' dir='ltr'>exposuimuS,</span> <span class='ocrx_word' id='word_1_335' title='bbox 2022 3800 2325 3884; x_wconf 86' lang='lat' dir='ltr'>quoniam</span> <span class='ocrx_word' id='word_1_336' title='bbox 2381 3802 2447 3863; x_wconf 86' lang='lat' dir='ltr'>et</span> <span class='ocrx_word' id='word_1_337' title='bbox 2489 3799 2970 3883; x_wconf 86' lang='lat' dir='ltr'>antiquissimae</span> <span class='ocrx_word' id='word_1_338' title='bbox 3015 3806 3169 3866; x_wconf 89' lang='lat' dir='ltr'>sunt</span> 
     </span>
     <span class='ocr_line' id='line_1_34' title="bbox 574 3901 3169 3989; baseline 0 -22"><span class='ocrx_word' id='word_1_339' title='bbox 574 3908 641 3967; x_wconf 89' lang='lat' dir='ltr'>et</span> <span class='ocrx_word' id='word_1_340' title='bbox 693 3926 771 3967; x_wconf 82' lang='lat' dir='ltr'>ex</span> <span class='ocrx_word' id='word_1_341' title='bbox 824 3925 952 3989; x_wconf 78' lang='lat' dir='ltr'>uno</span> <span class='ocrx_word' id='word_1_342' title='bbox 1009 3904 1353 3989; x_wconf 89' lang='lat' dir='ltr'>eodemque</span> <span class='ocrx_word' id='word_1_343' title='bbox 1397 3904 1745 3987; x_wconf 89' lang='lat' dir='ltr'>archetypo</span> <span class='ocrx_word' id='word_1_344' title='bbox 1791 3924 1908 3966; x_wconf 87' lang='lat' dir='ltr'>sua</span> <span class='ocrx_word' id='word_1_345' title='bbox 1963 3901 2309 3985; x_wconf 87' lang='lat' dir='ltr'>sumpsisse</span> <span class='ocrx_word' id='word_1_346' title='bbox 2353 3901 2678 3983; x_wconf 86' lang='lat' dir='ltr'>videntur,</span> <span class='ocrx_word' id='word_1_347' title='bbox 2743 3923 2870 3965; x_wconf 91' lang='lat' dir='ltr'>uno</span> <span class='ocrx_word' id='word_1_348' title='bbox 2912 3904 3169 3984; x_wconf 76' lang='lat' dir='ltr'>primae</span> 
     </span>
     <span class='ocr_line' id='line_1_35' title="bbox 572 4003 3167 4089; baseline -0 -20"><span class='ocrx_word' id='word_1_349' title='bbox 572 4005 835 4070; x_wconf 90' lang='lat' dir='ltr'>nomine</span> <span class='ocrx_word' id='word_1_350' title='bbox 879 4005 1363 4089; x_wconf 89' lang='lat' dir='ltr'>complectimur</span> <span class='ocrx_word' id='word_1_351' title='bbox 1405 4008 1471 4068; x_wconf 89' lang='lat' dir='ltr'>et</span> <span class='ocrx_word' id='word_1_352' title='bbox 1503 4009 1589 4086; x_wconf 91' lang='lat' dir='ltr'>A,</span> <span class='ocrx_word' id='word_1_353' title='bbox 1638 4003 1734 4069; x_wconf 90' lang='lat' dir='ltr'>vel</span> <span class='ocrx_word' id='word_1_354' title='bbox 1779 4004 2141 4089; x_wconf 90' lang='lat' dir='ltr'>ubicunque</span> <span class='ocrx_word' id='word_1_355' title='bbox 2183 4003 2412 4067; x_wconf 89' lang='lat' dir='ltr'>ceteris</span> <span class='ocrx_word' id='word_1_356' title='bbox 2444 4006 2885 4087; x_wconf 90' lang='lat' dir='ltr'>opponuntur,</span> <span class='ocrx_word' id='word_1_357' title='bbox 2933 4004 3017 4067; x_wconf 85' lang='lat' dir='ltr'>A¹</span> <span class='ocrx_word' id='word_1_358' title='bbox 3066 4003 3167 4068; x_wconf 88' lang='lat' dir='ltr'>lit-</span> 
     </span>
     <span class='ocr_line' id='line_1_36' title="bbox 574 4104 3163 4192; baseline -0 -21"><span class='ocrx_word' id='word_1_359' title='bbox 574 4111 714 4171; x_wconf 86' lang='lat' dir='ltr'>tera</span> <span class='ocrx_word' id='word_1_360' title='bbox 758 4106 1190 4192; x_wconf 87' lang='lat' dir='ltr'>designamus.</span> <span class='ocrx_word' id='word_1_361' title='bbox 1246 4145 1315 4155; x_wconf 94' lang='lat'>—</span> <span class='ocrx_word' id='word_1_362' title='bbox 1363 4106 1582 4171; x_wconf 89' lang='lat' dir='ltr'>Prima</span> <span class='ocrx_word' id='word_1_363' title='bbox 1625 4105 1824 4190; x_wconf 87' lang='lat' dir='ltr'>igitur</span> <span class='ocrx_word' id='word_1_364' title='bbox 1868 4127 2095 4170; x_wconf 89' lang='lat' dir='ltr'>manus</span> <span class='ocrx_word' id='word_1_365' title='bbox 2140 4127 2282 4169; x_wconf 90' lang='lat' dir='ltr'>cum</span> <span class='ocrx_word' id='word_1_366' title='bbox 2314 4109 2379 4170; x_wconf 92' lang='lat' dir='ltr'>et</span> <span class='ocrx_word' id='word_1_367' title='bbox 2414 4109 2709 4170; x_wconf 86' lang='lat' dir='ltr'>accurate</span> <span class='ocrx_word' id='word_1_368' title='bbox 2754 4104 3163 4190; x_wconf 85' lang='lat' dir='ltr'>descripsisse</span> 
     </span>
     <span class='ocr_line' id='line_1_37' title="bbox 574 4206 3169 4304; baseline 0 -32"><span class='ocrx_word' id='word_1_369' title='bbox 574 4209 990 4304; x_wconf 78' lang='lat' dir='ltr'>archetypum</span> <span class='ocrx_word' id='word_1_370' title='bbox 1034 4231 1153 4274; x_wconf 92' lang='lat' dir='ltr'>nec</span> <span class='ocrx_word' id='word_1_371' title='bbox 1198 4208 1543 4293; x_wconf 90' lang='lat' dir='ltr'>quidquam</span> <span class='ocrx_word' id='word_1_372' title='bbox 1587 4208 1877 4273; x_wconf 87' lang='lat' dir='ltr'>consulto</span> <span class='ocrx_word' id='word_1_373' title='bbox 1920 4208 2360 4272; x_wconf 86' lang='lat' dir='ltr'>immutavisse</span> <span class='ocrx_word' id='word_1_374' title='bbox 2401 4228 2523 4272; x_wconf 90' lang='lat' dir='ltr'>nec</span> <span class='ocrx_word' id='word_1_375' title='bbox 2568 4206 2645 4271; x_wconf 91' lang='lat' dir='ltr'>de</span> <span class='ocrx_word' id='word_1_376' title='bbox 2689 4229 2804 4272; x_wconf 86' lang='lat' dir='ltr'>suo</span> <span class='ocrx_word' id='word_1_377' title='bbox 2850 4207 3169 4272; x_wconf 86' lang='lat' dir='ltr'>addidisse</span> 
     </span>
     <span class='ocr_line' id='line_1_38' title="bbox 573 4304 3170 4395; baseline 0 -21"><span class='ocrx_word' id='word_1_378' title='bbox 573 4309 900 4395; x_wconf 87' lang='lat' dir='ltr'>videatur,</span> <span class='ocrx_word' id='word_1_379' title='bbox 947 4304 1193 4375; x_wconf 85' lang='lat' dir='ltr'>summa</span> <span class='ocrx_word' id='word_1_380' title='bbox 1238 4312 1373 4375; x_wconf 89' lang='lat' dir='ltr'>eius</span> <span class='ocrx_word' id='word_1_381' title='bbox 1419 4315 1517 4376; x_wconf 89' lang='lat' dir='ltr'>est</span> <span class='ocrx_word' id='word_1_382' title='bbox 1561 4311 1930 4376; x_wconf 86' lang='lat' dir='ltr'>auctoritas.</span> <span class='ocrx_word' id='word_1_383' title='bbox 2019 4307 2245 4374; x_wconf 78' lang='lat' dir='ltr'>Paucis</span> <span class='ocrx_word' id='word_1_384' title='bbox 2290 4308 2476 4392; x_wconf 87' lang='lat' dir='ltr'>locis,</span> <span class='ocrx_word' id='word_1_385' title='bbox 2527 4330 2689 4393; x_wconf 90' lang='lat' dir='ltr'>quae</span> <span class='ocrx_word' id='word_1_386' title='bbox 2719 4310 3053 4390; x_wconf 88' lang='lat' dir='ltr'>omiserat,</span> <span class='ocrx_word' id='word_1_387' title='bbox 3099 4309 3170 4374; x_wconf 90' lang='lat' dir='ltr'>in</span> 
     </span>
     <span class='ocr_line' id='line_1_39' title="bbox 574 4411 3165 4496; baseline 0 -21"><span class='ocrx_word' id='word_1_388' title='bbox 574 4412 869 4496; x_wconf 85' lang='lat' dir='ltr'>margine</span> <span class='ocrx_word' id='word_1_389' title='bbox 912 4413 1178 4495; x_wconf 88' lang='lat' dir='ltr'>adiecit,</span> <span class='ocrx_word' id='word_1_390' title='bbox 1234 4416 1308 4477; x_wconf 94' lang='lat' dir='ltr'>ut</span> <span class='ocrx_word' id='word_1_391' title='bbox 1352 4411 1493 4480; x_wconf 87' lang='lat' dir='ltr'>adv.</span> <span class='ocrx_word' id='word_1_392' title='bbox 1546 4412 1687 4491; x_wconf 83' lang='lat'>156,</span> <span class='ocrx_word' id='word_1_393' title='bbox 1721 4412 1798 4496; x_wconf 81' lang='lat'>23</span> <span class='ocrx_word' id='word_1_394' title='bbox 1858 4411 2021 4477; x_wconf 90' lang='lat' dir='ltr'>coni.</span> <span class='ocrx_word' id='word_1_395' title='bbox 2067 4412 2209 4489; x_wconf 86' lang='grc'><strong>253,</strong></span> <span class='ocrx_word' id='word_1_396' title='bbox 2242 4412 2356 4493; x_wconf 66' lang='grc'><strong>233</strong></span> <span class='ocrx_word' id='word_1_397' title='bbox 2411 4415 2582 4494; x_wconf 88' lang='lat' dir='ltr'>synt.</span> <span class='ocrx_word' id='word_1_398' title='bbox 2635 4411 2774 4494; x_wconf 87' lang='grc'><strong>161,</strong></span> <span class='ocrx_word' id='word_1_399' title='bbox 2810 4414 2867 4493; x_wconf 90' lang='grc'><strong>1,</strong></span> <span class='ocrx_word' id='word_1_400' title='bbox 2925 4411 3071 4491; x_wconf 88' lang='grc'><strong>203,</strong></span> <span class='ocrx_word' id='word_1_401' title='bbox 3102 4413 3165 4496; x_wconf 87' lang='grc'><strong>3,</strong></span> 
     </span>
     <span class='ocr_line' id='line_1_40' title="bbox 574 4512 3166 4599; baseline 0 -23"><span class='ocrx_word' id='word_1_402' title='bbox 574 4513 724 4594; x_wconf 85' lang='grc'><strong>248,</strong></span> <span class='ocrx_word' id='word_1_403' title='bbox 760 4513 818 4596; x_wconf 92' lang='grc'>8,</span> <span class='ocrx_word' id='word_1_404' title='bbox 875 4513 1022 4597; x_wconf 87' lang='grc'><strong>300,</strong></span> <span class='ocrx_word' id='word_1_405' title='bbox 1056 4514 1096 4578; x_wconf 99' lang='grc'><strong>8</strong></span> <span class='ocrx_word' id='word_1_406' title='bbox 1126 4514 1187 4579; x_wconf 91' lang='lat' dir='ltr'>b.</span> <span class='ocrx_word' id='word_1_407' title='bbox 1277 4512 1399 4579; x_wconf 85' lang='lat' dir='ltr'>Est</span> <span class='ocrx_word' id='word_1_408' title='bbox 1441 4514 1552 4578; x_wconf 90' lang='lat' dir='ltr'>ubi</span> <span class='ocrx_word' id='word_1_409' title='bbox 1595 4517 1975 4599; x_wconf 85' lang='lat' dir='ltr'>argumenta</span> <span class='ocrx_word' id='word_1_410' title='bbox 2017 4514 2122 4577; x_wconf 85' lang='lat' dir='ltr'>vel</span> <span class='ocrx_word' id='word_1_411' title='bbox 2167 4514 2738 4596; x_wconf 84' lang='lat' dir='ltr'>interpretamenta</span> <span class='ocrx_word' id='word_1_412' title='bbox 2783 4514 3166 4597; x_wconf 81' lang='lat' dir='ltr'>appinxerit,</span> 
     </span>
     <span class='ocr_line' id='line_1_41' title="bbox 577 4614 3168 4701; baseline 0.001 -25"><span class='ocrx_word' id='word_1_413' title='bbox 577 4614 675 4677; x_wconf 83' lang='lat' dir='ltr'>ita</span> <span class='ocrx_word' id='word_1_414' title='bbox 715 4617 965 4695; x_wconf 88' lang='lat' dir='ltr'>tamen,</span> <span class='ocrx_word' id='word_1_415' title='bbox 1011 4619 1085 4679; x_wconf 90' lang='lat' dir='ltr'>ut</span> <span class='ocrx_word' id='word_1_416' title='bbox 1127 4615 1345 4679; x_wconf 83' lang='lat' dir='ltr'>addito</span> <span class='ocrx_word' id='word_1_417' title='bbox 1388 4617 1715 4682; x_wconf 80' lang='grc' dir='ltr'>τουτέετιν</span> <span class='ocrx_word' id='word_1_418' title='bbox 1758 4615 1901 4701; x_wconf 87' lang='lat' dir='ltr'>ipsa</span> <span class='ocrx_word' id='word_1_419' title='bbox 1943 4614 2349 4700; x_wconf 89' lang='lat' dir='ltr'>plerumque,</span> <span class='ocrx_word' id='word_1_420' title='bbox 2395 4614 2565 4679; x_wconf 91' lang='lat' dir='ltr'>unde</span> <span class='ocrx_word' id='word_1_421' title='bbox 2611 4617 2754 4679; x_wconf 81' lang='lat' dir='ltr'>orta</span> <span class='ocrx_word' id='word_1_422' title='bbox 2797 4617 3029 4695; x_wconf 88' lang='lat' dir='ltr'>essent,</span> <span class='ocrx_word' id='word_1_423' title='bbox 3074 4615 3168 4678; x_wconf 89' lang='lat' dir='ltr'>in-</span> 
     </span>
     <span class='ocr_line' id='line_1_42' title="bbox 579 4714 3169 4802; baseline 0.002 -25"><span class='ocrx_word' id='word_1_424' title='bbox 579 4714 840 4780; x_wconf 87' lang='lat' dir='ltr'>dicaret.</span> <span class='ocrx_word' id='word_1_425' title='bbox 928 4715 1125 4781; x_wconf 85' lang='lat' dir='ltr'>Cuius</span> <span class='ocrx_word' id='word_1_426' title='bbox 1180 4717 1437 4802; x_wconf 84' lang='lat' dir='ltr'>generis</span> <span class='ocrx_word' id='word_1_427' title='bbox 1481 4718 1637 4784; x_wconf 86' lang='lat' dir='ltr'>haec</span> <span class='ocrx_word' id='word_1_428' title='bbox 1682 4723 1865 4783; x_wconf 88' lang='lat' dir='ltr'>sunt:</span> <span class='ocrx_word' id='word_1_429' title='bbox 1927 4738 2111 4802; x_wconf 91' lang='lat' dir='ltr'>pron.</span> <span class='ocrx_word' id='word_1_430' title='bbox 2159 4717 2261 4799; x_wconf 84' lang='lat'>31,</span> <span class='ocrx_word' id='word_1_431' title='bbox 2299 4717 2406 4797; x_wconf 83' lang='lat'>113</span> <span class='ocrx_word' id='word_1_432' title='bbox 2463 4718 2564 4797; x_wconf 84' lang='lat'>32,</span> <span class='ocrx_word' id='word_1_433' title='bbox 2603 4719 2715 4801; x_wconf 79' lang='lat'>143</span> <span class='ocrx_word' id='word_1_434' title='bbox 2770 4717 2874 4799; x_wconf 89' lang='grc'>96,</span> <span class='ocrx_word' id='word_1_435' title='bbox 2904 4717 2977 4802; x_wconf 83' lang='lat'>53</span> <span class='ocrx_word' id='word_1_436' title='bbox 3023 4717 3169 4782; x_wconf 84' lang='lat' dir='ltr'>adv.</span> 
     </span>
     <span class='ocr_line' id='line_1_43' title="bbox 592 4815 3168 4905; baseline 0.002 -28"><span class='ocrx_word' id='word_1_437' title='bbox 592 4815 866 4900; x_wconf 80' lang='lat'>127,13;</span> <span class='ocrx_word' id='word_1_438' title='bbox 920 4817 1056 4902; x_wconf 82' lang='grc'><strong>172,</strong></span> <span class='ocrx_word' id='word_1_439' title='bbox 1096 4819 1201 4905; x_wconf 75' lang='lat'>143</span> <span class='ocrx_word' id='word_1_440' title='bbox 1255 4820 1393 4903; x_wconf 82' lang='lat'>185,</span> <span class='ocrx_word' id='word_1_441' title='bbox 1414 4820 1530 4905; x_wconf 81' lang='lat'>323</span> <span class='ocrx_word' id='word_1_442' title='bbox 1578 4819 1738 4885; x_wconf 91' lang='lat' dir='ltr'>coni.</span> <span class='ocrx_word' id='word_1_443' title='bbox 1771 4819 1919 4901; x_wconf 92' lang='grc'><strong>218,</strong></span> <span class='ocrx_word' id='word_1_444' title='bbox 1950 4818 2061 4898; x_wconf 80' lang='grc'><strong>16;</strong></span> <span class='ocrx_word' id='word_1_445' title='bbox 2107 4816 2349 4902; x_wconf 78' lang='grc'><strong>245,8;</strong></span> <span class='ocrx_word' id='word_1_446' title='bbox 2395 4821 2671 4903; x_wconf 82' lang='grc'><strong>251,24.</strong></span> <span class='ocrx_word' id='word_1_447' title='bbox 2747 4818 2922 4895; x_wconf 84' lang='lat' dir='ltr'>Quae</span> <span class='ocrx_word' id='word_1_448' title='bbox 2953 4820 3168 4885; x_wconf 69' lang='lat' dir='ltr'>amnia</span> 
     </span>
    </p>
   </div>
  </div>
 </body>
</html>
