3738 5530
655 350 741 416 36
829 349 1272 407 Commentarius
1301 350 1527 406 criticus
1556 354 1614 405 et
1641 350 1960 420 exegeticus
1988 350 2049 404 in
2075 349 2364 421 Apollonii
2393 349 2621 420 Dyscoli
2650 352 2862 421 scripta
2888 351 3125 438 minora,

652 523 810 580 terat
856 521 967 598 Ap.
1017 520 1348 580 accuratius
1402 518 1595 578 dicere
1652 514 1943 590 λέγουςιν
2000 515 2061 580 οἱ
2110 514 2439 594 ἄνθρωποι
2485 516 2524 594 ἢ
2574 516 2848 595 λέγομεν
2894 516 3096 594 ἡμεῖς,
3162 521 3264 581 sed

651 610 798 670 haec
843 630 912 669 ex
957 629 1119 670 more
1165 609 1485 684 contraxit3
1532 608 1607 667 ad
1659 611 1715 682 7,
1738 610 1836 668 28.

833 701 916 758 In
958 699 1406 774 pronominibus
1459 715 1594 757 vero
1649 701 1817 758 tertia
1869 715 2133 773 persona
2187 699 2508 774 complures
2559 700 2731 760 habet
2779 700 3030 773 formas,
3093 700 3267 774 idque

653 807 774 849 non
809 791 936 848 sine
969 791 1196 848 ratione
1301 787 1464 847 Nam
1507 791 1574 846 ut
1616 806 1793 862 super
1838 791 2056 848 ceteras
2100 790 2382 847 orationis
2414 793 2622 862 partes
2656 805 2948 863 personas
2991 789 3266 862 definitas

654 879 865 938 habent
896 879 1272 953 pronomina,
1317 878 1403 937 ita
1450 880 1622 936 etiam
1666 879 1732 936 in
1777 879 1960 937 tertiis
2006 894 2205 936 eorum
2238 880 2511 951 peremis
2556 879 2767 952 qwibus
2810 879 2984 938 rebus
3018 880 3169 937 inter
3203 896 3266 938 se

653 968 930 1042 differant
990 970 1260 1027 accurate
1324 983 1658 1041 &pressum
1714 971 1823 1026 est:
1886 963 2053 1026 velut
2105 984 2293 1040 prope
2347 967 2549 1027 adesse
2603 968 2855 1041 aliquem
2913 968 3267 1027 demonstrat

653 1052 912 1128 οὗτος,
996 1058 1199 1116 adesse
1270 1056 1524 1131 aliquem
1595 1056 1905 1115 distantem
1978 1051 2304 1126 ἐκεῖνος,
2380 1057 2669 1116 absentem
2742 1058 2964 1117 indicat
3035 1052 3264 1117 αὐτός

656 1148 757 1221 18,
780 1148 966 1206 2-9,
1060 1144 1147 1204 Cf.
1194 1163 1360 1222 pron.
1412 1147 1514 1220 60,
1538 1146 1620 1206 20
1649 1163 1733 1221 sq.
1828 1143 2020 1204 Schol.
2068 1143 2178 1203 AG
2227 1147 2432 1219 907‚3
2462 1163 2547 1221 sq.
2639 1145 2813 1205 MRh.
2860 1146 2969 1205 XX
3009 1147 3153 1206 387.

827 1235 1006 1295 Prisc.
1036 1233 1153 1293 XII
1185 1237 1217 1293 1
1259 1256 1315 1312 p.
1349 1235 1496 1309 577,
1522 1236 1627 1293 14:
1684 1235 1992 1311 quaeritur
2044 1237 2273 1307 tamen,
2329 1252 2432 1292 cur
2487 1235 2684 1311 prima
2730 1236 2968 1311 quidem
3012 1254 3265 1313 persona

652 1328 713 1384 et
757 1325 1014 1384 secunda
1059 1325 1294 1403 singula
1339 1322 1600 1383 habeant
1644 1326 1997 1400 pronomina
2013 1369 2028 1397 ,
2074 1325 2316 1382 tertiam
2359 1342 2499 1384 vero
2546 1342 2646 1383 sex
2691 1324 2957 1385 diversae
3002 1325 3268 1384 indicent

653 1413 867 1474 voces?
931 1414 1007 1473 ad
1062 1413 1221 1490 quod
1276 1413 1775 1490 respondendum,
1840 1412 2000 1489 quod
2051 1415 2248 1489 prima
2302 1412 2540 1489 quidem
2597 1417 2658 1473 et
2702 1415 2958 1474 secunda
3011 1432 3267 1492 persona

649 1502 782 1563 ideo
837 1523 957 1563 non
1003 1507 1179 1582 egent
1224 1502 1472 1562 diversis
1520 1502 1789 1576 vocibus,
1843 1503 1988 1578 quia
2041 1520 2272 1579 semper
2325 1505 2664 1579 praesentes
2711 1504 2868 1563 inter
2911 1522 2974 1563 se
3018 1507 3160 1562 sunt
3204 1505 3267 1563 et

649 1592 1168 1666 demonstrativae,
1213 1593 1397 1651 tertia
1440 1611 1579 1652 vero
1625 1609 1880 1669 persona
1915 1591 2091 1650 modo
2128 1590 2598 1651 demonstrativa
2634 1596 2739 1668 est,
2786 1595 2855 1652 ut
2892 1586 3035 1652 ‘hic’
3083 1587 3265 1668 ‘iste',

649 1683 825 1742 modo
870 1682 1143 1756 relativa,
1188 1686 1259 1740 ut
1303 1675 1402 1741 ‘is’
1449 1675 1645 1758 ‘ipse’,
1689 1681 1865 1741 modo
1911 1698 2188 1757 praesens
2233 1681 2428 1756 iuxta,
2487 1684 2558 1740 ut
2604 1675 2785 1756 ‘iste’,
2830 1682 3005 1742 modo
3054 1683 3263 1742 absens

650 1772 745 1831 vel
791 1773 968 1851 longe
1013 1773 1229 1848 posita,
1275 1773 1344 1830 ut
1389 1764 1556 1829 ‘ine'.
1631 1772 1683 1829 si
1729 1770 1887 1829 enim
1932 1787 2109 1848 super
2144 1789 2345 1829 omnes
2383 1770 2533 1830 alias
2569 1774 2769 1847 partes
2807 1774 3094 1832 orationis
3130 1771 3266 1831 finit

647 1879 930 1937 personas
993 1879 1319 1938 pronomen
1335 1904 1351 1934 ‚
1413 1859 1740 1919 rectissime
1806 1860 2118 1919 tertiarum
2183 1878 2417 1937 quoque
2480 1879 2866 1937 personarum
2930 1861 3264 1921 differentia

650 1951 924 2011 distincte
970 1951 1286 2029 profertur,
1332 1968 1484 2025 quae
1534 1950 1821 2026 plurimas
1867 1949 2049 2009 habet
2093 1948 2486 2010 diversitates.

832 2042 934 2115 18,
954 2042 991 2100 3
1060 2033 1212 2098 ‘Hoc
1267 2058 1502 2115 quoque
1555 2038 1837 2098 vitiatum
1893 2041 1978 2098 sic
2032 2040 2260 2117 corrige
2304 2034 2343 2112 ἥ
2392 2054 2461 2099 τε
2518 2035 2777 2101 ἐκεῖνος.
2867 2039 2964 2099 Ad
3018 2060 3142 2100 rem
3188 2039 3260 2099 cf.

649 2130 723 2189 de
768 2132 924 2205 synt.
976 2130 1122 2203 104,
1144 2129 1243 2187 28.
1335 2127 1618 2188 Priscian.
1655 2128 1774 2187 XII
1816 2148 1875 2205 p.
1918 2122 2089 2188 933.’
2177 2128 2216 2187 b
2263 2128 2326 2186 in
2373 2147 2495 2187 var.
2543 2129 2673 2188 lect.
2768 2123 2962 2199 ‘Quod
3008 2148 3128 2189 non
3173 2131 3263 2189 in-

649 2219 887 2297 telligo:
953 2213 1011 2278 εἴ
1055 2233 1128 2290 γε
1185 2210 1287 2301 (sc.
1337 2209 1477 2299 εἰςὶ)
1534 2236 1744 2278 sanum
1799 2220 1915 2277 est:
1978 2217 2273 2293 siquidem
2317 2212 2561 2278 ἐκεῖνος
2606 2213 2721 2279 ὅδε
2766 2218 2997 2296 reliqua
3042 2219 3105 2278 in
3150 2236 3263 2278 usu

648 2303 810 2369 sunt’
859 2307 982 2367 ska
1017 2307 1049 2366 I
1089 2309 1143 2365 7.
1234 2307 1326 2367 Ne
1369 2307 1482 2366 hoc
1526 2307 1767 2384 quidem
1813 2308 2209 2367 necessarium
2253 2308 2345 2366 est
2390 2301 2502 2369 είςί
2545 2311 2744 2368 mente
2782 2310 3082 2383 asciscere,
3129 2326 3263 2368 cum

649 2393 1179 2473 ἑςχηματίςθηςαν
1225 2399 1463 2473 praesto
1510 2397 1603 2456 sit.

830 2488 990 2563 18,ss
1059 2482 1244 2546 δείξει
1309 2484 1424 2560 μὲν
1484 2481 1573 2547 ὡς
1632 2480 1901 2556 ἐκεῖνος,
1967 2479 2244 2565 ἀπουςίᾳ
2303 2483 2375 2546 δὲ
2436 2482 2525 2546 ὡς
2586 2481 2807 2558 αὐτός,
2873 2483 2976 2547 καὶ
3037 2481 3127 2546 ἔτι
3189 2482 3262 2546 ἐν

647 2571 1041 2655 διαςτήματι]
1099 2570 1392 2653 ‘Apparet
1445 2574 1818 2635 scribendum
1878 2593 2002 2634 esse
2050 2571 2235 2638 δείξει
2284 2573 2398 2649 μὲν
2445 2571 2534 2634 ὡς
2581 2569 2799 2647 οὗτος,
2867 2570 3142 2655 ἀπουςίᾳ
3187 2573 3260 2635 δὲ

649 2662 736 2726 ὡς
800 2662 1021 2737 αὐτός,
1086 2662 1190 2725 καὶ
1254 2659 1344 2725 ἔτι
1402 2660 1472 2724 ἐν
1527 2661 1894 2739 διαςτήματι
1960 2657 2064 2746 (sc.
2113 2656 2331 2745 δείξει)
2397 2659 2485 2724 ὡς
2544 2660 2803 2726 ἐκεῖνος.
2907 2663 3262 2744 Cogitabam

648 2755 970 2834 aliquando
1017 2755 1089 2815 de
1137 2754 1257 2814 alia
1303 2753 1740 2829 emendatione,
1803 2756 1873 2813 ut
1927 2752 2280 2815 scriberetur
2335 2747 2643 2834 ἀναφορᾷ
2688 2752 2761 2816 δὲ
2809 2750 2910 2833 (ἐν
2956 2749 3260 2834 ἀπουςίᾳ)

647 2842 736 2907 ὡς
782 2842 995 2917 αὐτός,
1042 2845 1144 2904 sed
1189 2847 1258 2903 ut
1303 2865 1361 2921 p.
1404 2843 1561 2903 28Α
1609 2838 1818 2923 [immo
1869 2843 2028 2905 29Α
2066 2871 2150 2892 --
2193 2846 2295 2919 24,
2316 2840 2517 2924 3-4]
2568 2838 2873 2920 ἀναφορὰ
2919 2845 3261 2922 oppositum

647 2937 739 2994 est
801 2930 1097 3008 ἐγγύτητι
1159 2937 1220 2993 et
1282 2930 1679 3007 διαςτήματι,
1745 2935 1829 2992 sic
1883 2933 1938 2991 h.
1986 2934 2023 2992 l.
2082 2928 2357 2993 ἀπουςία
2419 2936 2618 3010 potest
2680 2928 2986 3012 <op>poni
3045 2930 3259 2995 δείξειε

647 3043 799 3101 quae
846 3024 1004 3082 enim
1049 3042 1169 3083 non
1216 3023 1449 3098 adsunt,
1494 3023 1815 3082 monstrari
1859 3025 2178 3099 nequeunt.
2273 3021 2371 3081 Sic
2409 3043 2466 3100 p.
2510 3024 2590 3084 25
2610 3022 2666 3081 A
2713 3016 2828 3105 (=
2870 3026 2972 3098 21,
2993 3015 3062 3105 6)
3109 3017 3261 3084 οὔτε

648 3109 728 3173 τὰ
772 3109 978 3187 τρίτα,
1036 3108 1176 3173 ἐπεὶ
1219 3108 1258 3186 ἢ
1309 3105 1567 3172 ἄπεςτιν
1613 3105 2027 3186 ἀναφορικῶς
2075 3109 2396 3187 λεγόμενα
2429 3143 2519 3155 —
2554 3109 2593 3186 ἢ
2640 3109 2957 3173 δείκνυται
3005 3109 3076 3173 ἐν
3121 3113 3258 3173 δια-

648 3197 879 3274 ςτάςει,
946 3197 1035 3262 ὡς
1092 3196 1163 3261 ἐν
1217 3202 1309 3281 τῷ
1370 3194 1562 3262 οὗτος
1623 3197 1892 3272 ἐκεῖνος,
1957 3198 2060 3259 ubi
2106 3195 2299 3261 οὗτος
2346 3201 2827 3279 expungendum,
2891 3206 2952 3262 et
2995 3222 3052 3279 p.
3092 3203 3175 3261 46
3207 3201 3259 3260 Β

648 3284 762 3374 (-=
795 3293 898 3365 37,
921 3282 1032 3371 21)
1098 3286 1252 3351 οὐδὲ
1313 3285 1435 3365 γὰρ
1497 3285 1622 3350 ἔςτι
1683 3286 1786 3349 καὶ
1848 3284 1951 3349 ἐπὶ
2011 3286 2264 3350 τούτων
2329 3282 2433 3373 (sc.
2494 3290 2627 3350 τῶν
2686 3288 2848 3351 κατὰ
2907 3287 2983 3351 τὸ
3043 3287 3259 3365 τρίτον

645 3377 1047 3441 ἀδιαςτόλων
1085 3371 1344 3460 γένους)
1385 3374 1611 3451 λέγειν,
1659 3374 1748 3439 ὡς
1775 3375 1815 3453 ἡ
1844 3378 2034 3439 δεῖξις
2070 3375 2147 3439 τὸ
2185 3376 2373 3450 γένος
2413 3375 2749 3453 ἐξηγεῖται·
2799 3374 3062 3441 ἄπεςτι
3102 3375 3258 3454 γάρ;

644 3473 775 3530 tum
840 3489 1041 3530 eorum
1107 3487 1230 3529 esse
1294 3463 1639 3544 ἀναφοράν
1704 3468 2051 3529 ostenditur.
2145 3467 2488 3528 Subiectum
2552 3472 2752 3530 autem
2811 3469 2977 3531 verbi
3038 3464 3257 3530 ἄπεςτι

644 3559 1000 3637 pronomina
1057 3562 1197 3618 sunt
1241 3560 1375 3618 tert.
1421 3576 1600 3636 pers:
1656 3577 1789 3617 cum
1845 3559 2004 3616 enim
2048 3575 2166 3632 res,
2230 3557 2302 3616 de
2359 3558 2573 3635 quibus
2626 3578 2951 3636 pronomen
2996 3560 3259 3637 ponitur,

645 3649 739 3709 vel
786 3667 972 3726 prope
1017 3648 1139 3708 sint
1182 3648 1277 3707 vel
1324 3647 1538 3724 absint,
1583 3647 1939 3725 pronomina
1983 3648 2118 3723 ipsa
2155 3649 2249 3707 vel
2286 3647 2491 3708 adesse
2528 3648 2806 3707 dicuntur
2841 3650 2938 3710 vel
2973 3650 3258 3708 remotius

646 3738 883 3798 distare.
967 3738 1039 3797 cf.
1091 3736 1318 3796 25AB
1383 3730 1498 3818 (=
1542 3740 1619 3795 21
1626 3729 1911 3818 ,6-11)
1977 3732 2136 3797 καθὸ
2184 3732 2506 3810 πληςιάζει
2571 3755 2647 3798 sc.
2703 3734 2742 3812 ἡ
2801 3733 3021 3810 οὗτος,
3092 3737 3258 3797 26Α

646 3820 760 3909 (--
803 3829 905 3902 21,
928 3818 1038 3907 23)
1086 3823 1286 3887 πέλας
1333 3823 1405 3887 δέ
1445 3822 1569 3887 ἐςτι
1607 3821 1683 3885 τὸ
1722 3819 1931 3886 οὗτος.
2012 3826 2165 3885 72Β
2213 3818 2326 3907 (=
2359 3819 2597 3908 57,10)
2644 3823 2683 3901 ἡ
2723 3825 2838 3901 μὲν
2877 3823 3000 3902 γὰρ
3038 3826 3254 3901 πληςι-

646 3913 778 3979 άζει
825 3912 987 3976 κατὰ
1033 3913 1150 3990 τὴν
1197 3915 1391 3976 δεῖξιν
1439 3908 1543 3997 (sc.
1592 3907 1813 3995 οὗτος)
1860 3946 1950 3956 -
1993 3911 2033 3989 ἡ
2081 3912 2153 3975 δὲ
2201 3907 2305 3998 (sc.
2355 3908 2627 3997 ἐκεῖνος)
2674 3912 2955 3977 πάντοτε
3004 3912 3075 3976 ἐν
3120 3916 3255 3977 δια-

644 4000 928 4081 ςτήματι’
975 4005 1098 4064 Ska
1141 4005 1173 4064 I
1214 4007 1269 4064 7.
1343 4004 1493 4063 Mihi
1539 4003 1779 4081 quidem
1816 4006 2044 4064 certum
2080 4007 2140 4063 et
2176 4004 2550 4082 exploratum
2590 4009 2681 4066 est
2707 4005 3077 4066 Priscianum
3111 4006 3258 4066 haec

644 4096 885 4174 legisse.
950 4090 1138 4156 δείξει
1186 4092 1301 4169 μὲν
1347 4090 1454 4154 ὡς
1481 4088 1761 4173 (οὗτος)
1809 4089 2077 4165 ἐκεῖνος,
2127 4088 2486 4174 ἀναφορᾷ
2531 4093 2604 4155 δὲ
2653 4088 2864 4177 (etiam
2909 4095 3188 4175 Egenolff
3226 4095 3258 4153 Ι

645 4177 802 4265 840)
850 4182 939 4245 ὡς
987 4181 1207 4255 αὐτός,
1271 4180 1372 4244 καὶ
1417 4178 1508 4243 ἔτι
1569 4177 1684 4260 <ἐν
1731 4181 1846 4258 μὲν
1895 4177 2190 4257 ἐγγύτητι
2239 4180 2329 4244 ὡς
2375 4177 2637 4264 οὗτος>,
2687 4180 2758 4246 ἐν
2803 4180 2961 4264 <δὲ>
3005 4181 3255 4259 διαςτή-

643 4291 788 4350 ματι
834 4269 967 4354 (ὡς
1014 4268 1316 4353 ἑκεῖνος>.
1407 4271 1606 4349 Atque
1651 4271 1814 4345 haec,
1859 4272 1922 4331 ni
1966 4273 2164 4346 fallor,
2210 4274 2470 4351 genuina
2513 4272 2821 4349 Apollonii
2865 4275 3048 4334 verba
3091 4276 3258 4349 sunt3

641 4382 876 4424 necesse
924 4364 1082 4422 enim
1128 4366 1218 4422 est
1262 4362 1522 4439 primum
1569 4357 1879 4421 δεικτικὰς
1926 4365 1987 4420 et
2032 4355 2433 4437 ἀναφορικὰς
2479 4364 2729 4441 seiungi,
2774 4362 2986 4423 deinde
3031 4364 3254 4424 δεικτι-

641 4450 755 4514 κὰς
811 4472 963 4530 quae
1019 4448 1090 4512 ἐν
1147 4447 1441 4525 ἐγγύτητι
1498 4450 1727 4528 aliquid
1780 4452 2121 4509 monstrant
2176 4450 2248 4510 ab
2305 4453 2387 4511 eis
2435 4471 2588 4529 quae
2634 4453 2957 4513 ostendunt
3004 4449 3073 4513 ἐν
3120 4453 3254 4513 δια-

641 4539 918 4617 ςτήματι.
1011 4542 1141 4601 Iam
1185 4560 1429 4620 pergere
1473 4540 1738 4601 traditur
1774 4538 1916 4616 Ap.:
1960 4535 2037 4600 τὸ
2077 4537 2192 4613 μὲν
2228 4536 2352 4614 γὰρ
2390 4534 2584 4602 οὗτος
2622 4537 2939 4616 ἐγγύτητα
2974 4538 3255 4617 ςημαίνει

642 4629 1023 4707 προςώπου,
1090 4627 1165 4691 τὸ
1226 4628 1297 4691 δὲ
1359 4626 1602 4690 ἐκεῖνος
1662 4624 1984 4702 διάςτημα.
2094 4628 2257 4700 Quae
2313 4633 2523 4691 sanato
2569 4631 2626 4690 h.
2673 4631 2711 4689 1.
2758 4648 2999 4709 prorsus
3054 4650 3255 4708 super-

641 4740 904 4781 vacanea
948 4724 1119 4795 suntg
1164 4721 1418 4780 fortasse
1462 4721 1602 4796 post
1647 4718 2046 4793 corruptelam
2091 4717 2300 4795 pedem
2343 4720 2690 4779 intulerunt.
2783 4721 2996 4781 Matth.
3034 4720 3096 4779 Π
3126 4721 3254 4781 633

640 4809 787 4869 haec
831 4812 1138 4887 proponit:
1184 4806 1371 4871 δείξει
1418 4806 1533 4883 μὲν
1580 4805 1670 4869 ὡς
1716 4801 1909 4868 οὗτος
1956 4803 2057 4867 καὶ
2104 4803 2195 4867 ἔτι
2243 4804 2314 4868 ἐν
2362 4806 2728 4884 διαςτήματι
2791 4805 2923 4888 (ὡς
2971 4805 3258 4889 ἐκεῖνος>

643 4895 748 4976 (τὸ
787 4897 902 4973 μὲν
939 4896 1061 4973 γὰρ
1101 4892 1292 4959 οὗτος
1329 4894 1647 4971 ἐγγύτητα
1685 4892 1963 4971 ςημαίνει
2001 4894 2369 4971 προςώπου,
2407 4895 2485 4959 τὸ
2523 4896 2595 4959 δὲ
2625 4894 2869 4960 ἐκεῖνος
2896 4894 3256 4976 διάςτημα),

642 4983 919 5066 ἀπουςίᾳ
941 4986 1014 5048 δὲ
1038 4983 1126 5048 ὡς
1150 4983 1362 5048 αὐτός.
1409 4986 1572 5055 Quae
1596 5005 1701 5045 cur
1722 4987 1917 5046 minus
1940 4986 2233 5063 placeant,
2259 5006 2328 5046 ex
2351 4989 2436 5048 eis
2462 5007 2612 5065 quae
2637 5007 2817 5065 supra
2840 4989 2964 5048 dixi
2987 4992 3253 5067 apparet.
