3738 5530
1097 283 1617 335 PERSONALIVM
1651 284 2097 337 NOMINATIVI
2135 283 2591 336 SINGVLARJS.
3051 284 3136 349 55

715 489 805 553 Τὸ
848 482 1038 567 τῦνη
1086 487 1524 565 ὠλιγωρῆςθαί
1568 507 1743 569 φαςι,
1790 488 1979 551 «καθὸ
2023 488 2213 553 τείνει
2255 487 2330 552 τὸ
2378 488 2446 547 U·
2496 485 2549 551 εἰ
2588 488 2710 567 γὰρ
2744 488 2872 564 ἐγώ
2903 489 3136 573 ἐγώνη,

546 594 664 654 τοῦ
707 589 907 654 αὐτοῦ
951 588 1194 668 χρόνου
1240 589 1586 671 μένοντος,
1633 589 1882 672 χρῆ<ν>
1927 589 2029 653 καὶ
2073 587 2202 653 ἀπὸ
2248 595 2364 654 τοῦ
2393 588 2469 652 τῦ
2498 588 2709 669 τύνη».
2795 589 2868 655 Τί
2896 593 3022 669 γὰρ
3054 592 3134 657 οὐ

547 694 793 770 μᾶλλον
849 693 925 757 τὸ
981 691 1056 755 τύ
1114 691 1504 769 παραλόγως
1562 689 1904 769 ςυνεςτάλη
1957 691 2120 769 ἤπερ
2173 691 2248 754 τὸ
2306 692 2466 772 τύνη
2516 691 2802 771 ἐξετάθη;
2862 691 3015 757 ἴςως
3061 695 3133 758 δὲ

547 794 648 859 καὶ
691 794 757 858 αἱ
798 795 903 858 διὰ
946 796 1063 857 τοῦ
1106 798 1191 871 νη
1233 791 1505 858 τείνουςι
1559 793 1675 871 τὴν
1720 793 2246 871 παραλήγουςαν·
2285 793 2448 869 ,ἰδοὺ
2499 794 2624 872 γὰρ
2680 794 2781 857 καὶ
2840 793 2973 859 ἀπὸ
3017 798 3135 858 τοῦ

468 906 511 962 C
549 895 683 976 ἐμίν
728 893 912 975 ἐμίνη
955 895 1058 959 καὶ
1102 896 1200 960 τίν
1244 892 1413 974 τίνη.
1496 893 1648 958 ἴςως
1694 895 1765 959 δὲ
1810 894 1913 958 καὶ
1955 900 2047 977 τῷ
2093 892 2260 972 Βῦνη
2305 895 2407 960 καὶ
2449 890 2607 974 μΰνη
2656 896 3133 975 ςυνεξέδραμεν.
3171 914 3202 963 5

716 998 986 1061 Βοιωτοὶ
1027 997 1169 1061 τού
1214 996 1316 1060 καὶ
1359 997 1548 1061 τούν
1594 996 1695 1059 καὶ
1737 995 1998 1071 τούγα.

714 1098 780 1161 Ἵ.
870 1098 1121 1177 Ταύτην
1168 1097 1230 1163 οἱ
1273 1097 1387 1176 μέν
1433 1116 1587 1178 φαςι
1629 1096 2043 1180 παράλογον,
2099 1097 2197 1162 ὅτι
2244 1098 2324 1162 οὐ
2368 1100 2474 1162 διὰ
2516 1101 2632 1162 τοῦ
2678 1103 2747 1161 fi·
2807 1097 3132 1182 «ἀποβολῇ

547 1199 667 1277 γὰρ
721 1203 838 1263 τοῦ
892 1200 929 1262 ἰ
971 1200 1085 1264 τὰς
1128 1200 1286 1264 κατὰ
1330 1201 1405 1264 τὸ
1450 1198 1666 1277 τρίτον
1712 1198 2182 1276 ἀποτελεῖςθαι,
2240 1203 2352 1264 coi)
2397 1197 2512 1281 οὗ,
2573 1199 2677 1264 ςός
2721 1199 2841 1265 ὅς.»
2943 1201 3006 1264 οἱ
3061 1202 3133 1265 δὲ

547 1298 1019 1381 εἰςηγηςάμενοι
1072 1302 1185 1366 τὰς
1240 1301 1399 1365 κατὰ
1452 1301 1527 1364 τὸ
1583 1298 1800 1378 τρίτον
1854 1297 2387 1378 ὀρθοτονηθείςας
2453 1300 2958 1366 ἀντανακλᾶςθαι
3022 1302 3132 1366 οὐ-

374 1416 513 1470 ‘10A
547 1400 774 1466 δ’ὅλως
833 1403 989 1483 φαςὶ
1031 1403 1106 1468 τὸ
1161 1406 1364 1481 ςχῆμα
1408 1405 1728 1480 ςυςτῆναι·
1790 1400 1874 1464 «εἰ
1926 1403 2050 1480 γὰρ
2111 1401 2324 1480 μόνως
2378 1401 2847 1484 ὀρθοτονεῖται,
2914 1404 3132 1469 καθότι
3173 1419 3236 1467 ιο

549 1502 823 1585 εὐθείας,
870 1508 1072 1581 δῆλον
1118 1504 1207 1569 ὡς
1253 1502 1340 1568 εἰς
1387 1503 1692 1568 ςύνθετον
1737 1502 2315 1585 μεταληφθήςεται,
2362 1503 2523 1583 ὅπερ
2555 1504 2945 1582 ἀςύςτατον,
2991 1505 3127 1569 ςύν-

548 1610 734 1669 θετον
780 1604 1035 1669 εὐθεῖαν
1079 1604 1425 1681 γενέςθαι.»
1482 1641 1565 1652 -—
1622 1604 1813 1669 Ἀλλὰ
1856 1605 2022 1683 πρὸς
2066 1606 2181 1684 μὲν
2227 1606 2380 1670 τοὺς
2422 1607 2541 1684 τὴν
2584 1607 2845 1687 γραφὴν
2889 1626 3131 1687 μεμφο·

547 1706 780 1787 μένους
839 1705 1053 1771 ἐκεῖνο
1108 1707 1188 1770 ἂν
1247 1704 1564 1790 εἴποιμεν,
1629 1705 1718 1769 ὡς
1771 1705 1809 1784 ἡ
1855 1705 2182 1787 ἀφαίρεςις
2236 1711 2355 1772 τοῦ
2407 1710 2443 1770 ἰ
2497 1707 2657 1771 κατὰ
2709 1707 2910 1785 τρίτα,
2943 1707 3129 1785 ἔςτιν,

546 1806 640 1888 (εἰ
701 1807 766 1872 αἱ
820 1808 979 1872 κατὰ
1032 1808 1107 1872 τὸ
1166 1808 1469 1886 δεύτερον
1524 1810 1660 1871 ταῖς
1714 1808 1875 1871 κατὰ
1927 1809 2002 1872 τὸ
2058 1811 2325 1886 πρῶτον
2382 1808 3130 1892 ὁμοιοκαταληκτοῦςιν,>

548 1910 765 1987 ἐμέθεν
829 1909 1006 1974 ςέθεν
1073 1909 1250 1992 ἕθεν,
1308 1910 1416 1988 ἐμέ
1467 1909 1533 1971 ςέ
1587 1909 1645 1973 ἕ·
1702 1910 1740 1988 ἡ
1793 1911 1865 1973 δὲ
1922 1908 1993 1973 ςύ
2046 1915 2124 1992 τῇ
2181 1910 2308 1986 ἐγώ
2366 1909 2489 1988 οὐχ
2532 1906 3127 1989 ὁμοιοκαταληκτεῖ·
3171 1929 3232 1979 15

548 2011 664 2076 οὐκ
727 2010 852 2090 ἄρα
909 2013 1012 2075 καὶ
1066 2012 1224 2075 κατὰ
1274 2011 1350 2074 τὸ
1407 2010 1624 2089 τρίτον
1682 2010 2338 2090 ὁμοιοκαταληκτήςει.
2451 2011 2727 2076 πιθανὸν
2786 2015 2948 2087 γοῦν
3004 2010 3129 2077 ἐςτι

512 2112 744 2193 ’φάναι
790 2112 920 2194 ὅτι,
965 2112 1019 2177 εἰ
1060 2114 1136 2176 τὸ
1182 2112 1487 2190 δεύτερον
1532 2112 1696 2189 πρὸς
1739 2112 1814 2175 τὸ
1860 2112 1990 2194 πρὸ
2037 2111 2236 2175 αὑτοῦ
2281 2112 2605 2194 διήλλαξε,
2650 2111 2751 2175 καὶ
2793 2112 2869 2176 τὸ
2912 2113 3127 2190 τρίτον

464 2226 511 2279 Β
548 2215 708 2292 πρὸς
753 2214 828 2278 τὸ
873 2214 1001 2292 πρὸ
1047 2212 1248 2277 αὑτοῦ
1293 2212 1627 2278 διαλλάξει.
1674 2248 1755 2257 -
1798 2212 1980 2290 Πρὸς
2025 2212 2097 2275 δὲ
2125 2212 2278 2276 τοὺς
2311 2212 2660 2278 ἀςύςτατον
2692 2213 3129 2293 ἡγηςαμένους

545 2317 832 2391 λεκτέον,
898 2313 995 2379 ὅτι
1048 2313 1248 2394 μάτην
1305 2312 1633 2392 ὑπέλαβον
1688 2314 1804 2392 τὴν
1868 2317 2004 2378 τῶν
2069 2313 2303 2392 τρίτων
2369 2313 2786 2392 ὀρθοτόνηςιν
2854 2313 3126 2379 ἀντανα·

543 2417 817 2494 κλαςμὸν
874 2415 1192 2495 ἀπαιτεῖν,
1244 2413 1374 2489 εἴγε
1429 2414 1708 2479 ἐντελῶς
1763 2413 1926 2493 ὑπὲρ
1984 2415 2222 2479 τούτου
2277 2417 2669 2494 προείρηται.
2717 2452 2800 2464 -
2855 2414 3125 2481 Ἀξιοπι-
3162 2434 3229 2483 20

542 2518 834 2597 ςτότερός
875 2538 945 2582 τε
990 2515 1028 2581 ὁ
1075 2516 1409 2596 (οφοκλῆς
1454 2516 1719 2596 μάρτυς,
1767 2515 2163 2595 χρηςάμενος
2207 2515 2278 2580 ἐν
2323 2515 2656 2598 Οἰνομάῳ·

791 2619 830 2697 ἡ
877 2621 990 2699 μὲν
1040 2618 1130 2682 ὡς
1168 2619 1198 2681 ι
1239 2617 1506 2682 θάςςον’
1508 2617 1610 2701 ,ἡ
1656 2615 1805 2681 δ’ὡς
1855 2637 1874 2679 ι
1916 2616 2086 2681 τέκοι
2129 2620 2332 2682 παῖδα
2373 2616 2479 2701 (fr.
2524 2616 2652 2680 418
2696 2614 3016 2702 Dindorf)

540 2721 639 2785 καὶ
682 2722 756 2786 τὸ
801 2720 1140 2801 Ὁμηρικὸν
1186 2720 1346 2785 ἔνιοι
1391 2719 1496 2783 διὰ
1538 2721 1656 2783 τοῦ
1701 2720 1722 2782 ἰ
1764 2719 2137 2800 γράφοντες
2180 2719 2675 2803 προςπνέουςιν,

1203 2820 1565 2895 ἐναλίγκιον
1612 2819 1702 2884 ὡς
1740 2819 1770 2882 ‘i
1813 2818 2028 2884 ἅπαςα
2068 2817 2148 2904 (Χ
2193 2818 2380 2902 410),

460 2935 503 2990 C
538 2923 947 3003 ἐκδεχόμενοι
988 2926 1065 2988 τὸ
1101 2922 1299 3006 αὐτή,
1344 2924 1384 3000 ἡ
1427 2924 1631 2985 Ἴλιος.
1707 2921 1847 2985 ἀλλ’
1893 2920 1947 2984 εἰ
1991 2921 2094 2986 καὶ
2136 2924 2436 2987 ἐνταυθοῖ
2477 2923 2593 2988 τὸν
2637 2921 2697 2987 εἴ
2741 2914 3122 2989 ςυναπτικὸν
3159 2941 3225 2990 25

540 3025 886 3105 ςύνδεςμον
944 3027 982 3105 ἡ
1039 3026 1266 3104 φράςις
1320 3023 1624 3107 ἐπιζητεῖ,
1680 3022 1755 3086 τὸ
1803 3022 2032 3101 ἰωροί
2088 3024 2265 3102 παρὰ
2308 3024 2609 3088 Ἀττικοῖς
2654 3024 2965 3103 ὁμολογεῖ
3005 3027 3122 3105 τὴν

607 3325 625 3334 “
669 3310 885 3362 Aaou.
969 3316 990 3362 1
1032 3310 1097 3363 In
1132 3305 1272 3377 τύνη
1310 3308 1718 3377 paenultimam
1753 3307 2014 3377 produci,
2062 3325 2188 3361 cum
2223 3310 2292 3362 τύ
2338 3308 2510 3362 breve
2547 3308 2645 3374 sit,
2691 3327 2806 3363 non
2848 3311 2937 3364 est
2969 3313 3122 3379 quod

535 3393 767 3451 mireris.
848 3393 997 3447 Nam
1041 3395 1142 3447 aut
1184 3399 1252 3462 ῦῆ
1300 3394 1481 3447 exitus
1525 3392 1957 3446 antecedentem
2002 3392 2276 3461 syllabam
2321 3391 2550 3462 longam
2584 3393 2797 3459 reddit,
2846 3396 2947 3449 aut
2978 3395 3122 3450 illud

536 3478 774 3532 aliorum
818 3478 1083 3531 similium
1126 3478 1446 3547 analogiam
1490 3478 1744 3530 secutum
1791 3478 1893 3531 est.
1945 3507 2011 3516 —
2065 3482 2096 3529 7
2130 3478 2173 3532 Ἵ
2211 3476 2450 3530 formam
2494 3477 2842 3546 vituperant,
2889 3495 3022 3533 nam
3058 3481 3124 3534 ut

536 3579 603 3615 ex
638 3568 736 3617 ςοῡ
785 3563 885 3628 οὗ,
920 3561 1003 3615 ita
1036 3578 1105 3616 ex
1140 3564 1205 3617 ςύ
1252 3565 1285 3616 ὕ
1324 3561 1445 3615 fieri
1491 3560 1818 3629 oportuisse.
1893 3559 1972 3614 At
2001 3559 2140 3614 haec
2181 3560 2273 3614 lex
2314 3577 2428 3614 non
2468 3560 2625 3615 valet
2662 3562 2770 3616 nisi
2815 3564 3001 3631 prima
3039 3581 3125 3618 se-

534 3646 831 3714 cundaque
878 3647 1116 3701 eandem
1158 3645 1614 3701 terminationem
1649 3644 1878 3700 habent.
1923 3675 1986 3685 -
2032 3644 2149 3698 Alii
2189 3645 2213 3698 ἴ
2258 3645 2493 3713 propter
2526 3647 2820 3699 accentum
2855 3647 3124 3716 reiciunt3

535 3746 668 3804 nam
704 3731 973 3798 quoniam
1007 3731 1391 3784 nominativus
1427 3728 1522 3794 sit,
1570 3730 1820 3783 erectum
1864 3731 2064 3783 tonum
2098 3729 2337 3795 habere,
2384 3730 2577 3797 itaque
2613 3729 2944 3784 reflexivum
2981 3749 3118 3801 esse3

534 3813 805 3867 reflexiva
850 3831 985 3868 vero
1020 3815 1369 3868 nominativo
1405 3829 1611 3867 carere.
1684 3815 1762 3868 At
1794 3831 1967 3883 supra
2007 3813 2276 3880 diximuS,
2322 3813 2794 3867 orthotonumena
2836 3814 2916 3882 (in
2949 3816 3122 3871 tertia

531 3899 795 3966 persona)
840 3913 954 3951 non
990 3915 1166 3967 usque
1201 3898 1597 3952 reflexivorum
1633 3897 1749 3952 vim
1784 3898 2013 3957 habere.
2082 3897 2390 3952 Praeterea
2428 3897 2450 3951 ἵ
2492 3899 2552 3951 et
2591 3898 2924 3967 scriptorum
2965 3899 3119 3955 testi-

531 3979 737 4036 moniis
771 3982 1134 4036 confirmatur
1168 3983 1229 4036 et
1260 3983 1319 4035 in
1356 3980 1677 4050 compositis
1712 3983 1967 4051 apparet.

668 4252 863 4306 Doecn.
901 4272 1096 4307 sempr.
1172 4259 1217 4305 1.
1258 4257 1630 4321 ολιγορειςθαι
1667 4254 1737 4319 Α,
1785 4255 2166 4321 ὠλιγορῆςθαι
2200 4253 2237 4306 b
2291 4254 2301 4323 Ι
2353 4269 2525 4320 φαςιν
2562 4253 2604 4307 Α
2660 4253 2669 4318 Ι
2720 4259 2768 4307 2.
2805 4259 2949 4321 χρῆν
2981 4255 3019 4308 b
3055 4256 3116 4309 in

528 4353 647 4395 var.
685 4337 843 4404 lect,
890 4341 995 4406 χρὴ
1033 4339 1075 4391 Α
1115 4338 1174 4391 et
1208 4337 1244 4391 b
1282 4337 1339 4390 in
1378 4338 1538 4391 textu
1597 4339 1606 4404 Ι
1652 4353 1710 4390 τι
1745 4353 1853 4404 γαρ
1893 4341 1964 4403 Α,
2010 4338 2065 4391 τί
2100 4339 2160 4391 δὲ
2195 4337 2232 4390 b
2286 4340 2295 4404 Ι
2348 4343 2396 4394 5.
2434 4339 2646 4405 καὶτῷ
2682 4337 2748 4405 b,
2786 4355 2881 4392 και
2914 4355 2982 4393 το
3019 4342 3112 4409 ΑΙ

528 4427 579 4475 ’1.
621 4420 916 4490 inscriptio
951 4421 1178 4476 maiusc.
1219 4438 1349 4488 περι
1386 4438 1488 4489 της
1527 4438 1570 4488 ι,
1608 4419 1813 4475 deinde
1849 4437 2066 4488 ταυτην
2091 4424 2133 4476 Α
2175 4423 2186 4489 Ι
2224 4439 2394 4489 φαςιν
2420 4423 2462 4475 Α
2501 4429 2513 4482 Ι
2556 4426 2637 4480 14.
2661 4420 2710 4475 εἰ
2735 4424 2792 4476 αἱ
2825 4453 2892 4461 -
2927 4425 3116 4489 ὁμοιο-

528 4509 984 4573 καταληκτοῡςιν
1018 4505 1217 4559 inserit
1248 4504 1617 4558 RSkrzeozka
1653 4507 1663 4571 Ι
1706 4509 1783 4559 15.
1821 4510 2272 4574 ομοκαταληκτει
2306 4507 2348 4560 Α
2390 4510 2400 4572 Ι
2442 4510 2524 4561 16.
2551 4509 2823 4560 πειθανον
2860 4508 2902 4560 Α
2936 4514 2947 4575 1
2974 4513 3115 4572 γοῦν

525 4590 594 4657 b,
631 4606 737 4643 ουν
775 4590 820 4643 Α
875 4594 885 4656 Ι
938 4606 1088 4644 εςτιν
1124 4592 1166 4645 Α
1215 4594 1225 4656 Ι
1275 4595 1355 4643 17.
1394 4592 1692 4657 διηλλαξεν
1728 4591 1770 4644 Α
1812 4590 1823 4654 Ι
1864 4595 1948 4644 20.
1985 4592 2119 4660 εἴγε]
2158 4589 2377 4645 ‘Malim
2413 4591 2577 4654 ὥςγε’
2616 4589 2652 4643 b
2687 4588 2746 4642 in
2783 4606 2898 4644 var.
2933 4591 3065 4650 lect.
3103 4591 3114 4660 Ι

524 4679 611 4726 22.
650 4672 905 4727 restituit
936 4674 1077 4728 haec
1113 4673 1417 4740 GDindorf,
1458 4689 1509 4728 ει
1548 4691 1651 4740 μεν
1688 4691 1821 4728 ωςει
1858 4678 2100 4730 θαςςονα
2138 4678 2304 4732 ειδως
2340 4688 2555 4728 ειτεκοι
2592 4676 2764 4731 παιδςι
2799 4676 2841 4729 Α
2875 4677 2884 4748 Ι
2914 4681 2995 4732 25.
3021 4679 3113 4731 καὶ

522 4759 585 4827 b,
624 4775 731 4812 καν
770 4759 812 4812 Α
