3738 5530
1058 368 1182 436 [DE
1220 368 1580 422 Euswro‘r
1614 371 1710 421 m·
1746 370 1993 423 A‘r‘roz
2025 368 2619 437 PRONOMINIBVS.]
3017 368 3137 432 115

546 576 800 657 πλαγίῳ
866 577 1268 661 νοουμένην,
1333 576 1437 643 καὶ
1499 578 1658 642 κατὰ
1710 581 1907 643 τοῦτο
1965 577 2158 643 οὐδὲν
2215 576 2482 642 κωλύςει
2539 578 2642 641 καὶ
2696 580 2812 656 τὴν
2868 576 3138 654 ἐμαυτός

546 681 841 755 ςυςτῆναι
887 678 955 742 ἐκ
998 680 1276 756 πλαγίου
1320 681 1423 744 καὶ
1466 679 1743 763 εὐθείας,
1800 680 2078 760 φαίημεν
2135 678 2215 745 ἂν
2261 680 2358 745 ὅτι
2403 680 2442 758 ἡ
2489 679 2973 758 ἀντιπαράθεςις
3019 678 3140 743 οὐκ

545 779 710 845 ἔςτιν
768 780 977 859 ὁμοία.
1074 781 1284 847 έκεῖνο
1341 784 1456 860 μὲν
1507 782 1633 860 γὰρ
1678 781 1745 848 ἐξ
1789 780 2039 845 εὐθείας
2081 782 2182 845 καὶ
2225 780 2503 855 πλαγίου
2549 783 2911 864 ςυνέςτηκε,
2967 782 3138 856 λέγω

545 883 627 960 δὴ
672 883 747 946 τὸ
794 880 1098 960 ἀλλήλων
1144 883 1244 948 καὶ
1289 884 1645 966 ἀλλήλους,
1700 885 1802 947 καὶ
1846 883 1966 949 οὐκ
2011 886 2179 950 ἔςτιν
2226 883 2427 948 αὐτοῦ
2472 883 2510 960 ἡ
2557 884 2806 951 εὐθεῖα·
2851 881 2972 947 δύο
3017 882 3140 959 γὰρ

469 992 517 1047 C
556 983 822 1067 εὐθεῖαι,
870 983 959 1047 ὡς
1003 984 1279 1065 ἔφαμεν,
1326 986 1483 1065 μετὰ
1528 985 1808 1064 ῥήματος
1854 984 2184 1051 ἀςύςτατοί
2229 985 2380 1050 εἰςιν
2428 985 2517 1050 ὡς
2559 985 2810 1067 <πρὸς>
2856 984 3137 1064 διάβαςιν
3174 990 3206 1038 5

545 1088 879 1165 δραςτικὴν
922 1089 1041 1150 τοῦ
1085 1105 1154 1150 τε
1196 1090 1483 1166 δρῶντος
1530 1087 1632 1151 καὶ
1674 1092 1793 1152 τοῦ
1837 1087 2195 1167 δρωμένου.
2295 1087 2401 1151 ἐπὶ
2443 1088 2658 1166 μέντοι
2703 1090 2820 1151 τοῦ
2865 1084 3136 1164 ἑμαυτός

546 1187 1055 1267 ἀντεςτραμμένη
1098 1188 1138 1267 ἡ
1185 1188 1495 1254 ςύνθεςις·
1543 1189 1822 1265 πλάγιον
1864 1191 1992 1268 γὰρ
2037 1189 2140 1255 καὶ
2182 1188 2437 1254 εὐθεῖαν
2483 1190 2876 1269 ἐπινοοῦμεν
2922 1206 3136 1253 ςυντε-

498 1339 507 1347 .
545 1290 859 1369 θειμένην.
2181 1310 2194 1320 ·

719 1393 828 1456 Καὶ
872 1393 1119 1469 ἐγίνετο
1161 1392 1240 1458 τὸ
1285 1396 1487 1473 ςχῆμα
1531 1392 1815 1461 ἄκλιτον.
1905 1394 2055 1459 οὔτε
2098 1396 2223 1473 γὰρ
2267 1396 2427 1460 κατὰ
2470 1395 2546 1459 τὸ
2589 1395 2777 1460 τέλος
2820 1394 3134 1460 κλίνεςθαι

544 1492 860 1573 ἠδύνατο,
917 1495 1056 1560 ἐπεὶ
1109 1497 1266 1575 μετὰ
1322 1496 1601 1577 ῥήματος
1654 1496 1694 1575 ἡ
1752 1497 2038 1563 ςύνταξις
2093 1500 2205 1575 τῆς
2272 1496 2521 1563 εὐθείας
2588 1496 2748 1562 οὖςα
2813 1495 3129 1562 οὐδέποτε
3176 1501 3234 1548 ¹0

541 1596 815 1671 πλάγιον
873 1595 1284 1680 ἀναδέχεται,
1340 1599 1531 1677 χωρὶς
1585 1598 1640 1662 εἰ
1693 1600 1775 1677 μὴ
1832 1597 1936 1662 ἐπὶ
1977 1602 2109 1663 τῶν
2155 1598 2670 1679 ςεςημειωμένων
2715 1599 3134 1679 ςυμβαμάτων

318 1711 430 1763 147
456 1708 511 1756 A
546 1698 647 1762 καὶ
689 1699 1283 1780 παραςυμβαμάτων
1327 1701 1505 1778 παρὰ
1547 1703 1683 1765 τοῖς
1729 1698 2062 1776 (τωικοῖς,
2110 1699 2280 1776 λέγω
2325 1702 2398 1765 δὲ
2441 1706 2557 1766 τοῦ
2600 1695 2774 1779 μ’έλει
2818 1702 2922 1765 καὶ
2951 1720 3133 1778 μετα-

543 1800 744 1879 μέλει·
801 1800 950 1866 οὔτε
1006 1802 1131 1880 μὴν
1187 1802 1347 1866 κατὰ
1400 1802 1475 1866 τὸ
1528 1800 1733 1881 ἄρχον
1792 1802 1987 1881 μέρος
2038 1804 2153 1879 τῆς
2208 1802 2584 1879 ςυνθέςεως,
2640 1803 2778 1868 ἐπεὶ
2832 1802 2999 1867 ἅπαξ
3057 1800 3137 1865 τὰ

547 1902 955 1980 ςυντιθέμενα
998 1900 1221 1967 ἄκλιτά
1265 1902 1449 1970 ἐςτιν.
1548 1902 1603 1967 εἰ
1660 1901 1779 1968 οὖν
1838 1902 1958 1968 οὐκ
2003 1902 2135 1983 ἔχει
2177 1903 2217 1982 ἡ
2263 1903 2534 1983 ἐμαυτός
2576 1906 2833 1983 γενικὴν
2878 1904 2982 1968 καὶ
3023 1904 3136 1970 τὰς

542 2003 1093 2084 ὑπολειπομένας,
1162 2004 1303 2071 οὐδ’
1356 2005 1396 2083 ἡ
1453 2007 1668 2084 γενικὴ
1726 2005 1826 2070 καὶ
1881 2006 1946 2071 αἱ
2001 2005 2505 2085 ὑπολειπόμεναι
2560 2007 2805 2072 ἕξουςιν
2864 2006 3134 2071 εὐθεῖαν.
3177 2010 3239 2057 1⁶

542 2142 626 2154 -—
689 2112 828 2171 πῶς
890 2105 1009 2173 οὖν
1077 2106 1217 2187 οὐχὶ
1282 2107 1490 2187 βίαιον
1557 2108 1969 2188 τετριμμένον
2037 2109 2455 2188 ςχηματιςμὸν
2521 2110 2961 2186 παρώςαςθαι,
3035 2109 3137 2173 καὶ

545 2207 766 2288 ἀτριβῆ
828 2209 932 2272 καὶ
996 2207 1257 2274 ἄκλιτον
1321 2209 1419 2273 καὶ
1485 2209 1575 2273 ἔτι
1642 2208 2008 2289 ἀμφίβολον
2072 2209 2563 2288 παραδέξαςθαι;
2627 2211 2821 2274 πάλιν
2876 2211 3002 2288 γὰρ
3057 2210 3135 2274 τὸ

454 2314 504 2367 Β
546 2311 990 2387 ςυντιθέμενον
1034 2311 1228 2390 μέρος
1271 2314 1382 2390 τῆς
1427 2311 1777 2376 ςυνθέςεως
1822 2311 1860 2388 ἢ
1907 2310 2123 2389 γενική
2168 2309 2331 2375 ἐςτιν
2376 2312 2415 2388 ἢ
2460 2314 2678 2390 δοτικὴ
2722 2313 2762 2390 ἢ
2809 2311 3133 2391 αἰτιατική.

710 2412 879 2477 Ἀλλ’
918 2411 1070 2477 ἴςως
1113 2434 1204 2477 τις
1247 2412 1405 2493 φαίη
1417 2461 1436 2495 ,
1481 2415 1623 2478 πῶς
1666 2412 1787 2477 οὖν
1831 2413 1909 2478 τὸ
1939 2411 2241 2489 ἀλλήλων
2272 2412 2572 2488 κλίνεται;
2618 2412 2761 2476 Ὅτι
2792 2413 2858 2480 ἐξ
2889 2412 3135 2479 εὐθείας

542 2513 853 2589 ςύγκειται
898 2515 999 2578 καὶ
1042 2514 1344 2589 πλαγίου.
1445 2511 1584 2578 εἶτα
1638 2515 1864 2594 ςυνέβη
1910 2519 1986 2597 τῇ
2032 2514 2145 2591 μὲν
2192 2513 2336 2579 κατ’
2391 2512 2594 2592 ἀρχὴν
2652 2515 2928 2579 ςυνθέςει
2971 2516 3132 2579 κατὰ
3167 2515 3236 2565 20

542 2615 664 2679 δύο
706 2616 990 2695 τρόπους
1035 2617 1117 2696 μὴ
1163 2619 1490 2691 κινεῖςθαι,
1538 2616 1637 2681 καὶ
1680 2616 1901 2681 καθότι
1946 2616 2162 2681 εὐθεῖα
2207 2617 2320 2681 ςύν
2367 2614 2589 2695 ῥήματι
2634 2619 3131 2696 παραλαμβανο-

540 2717 726 2798 μένη,
770 2719 874 2783 καὶ
922 2717 1020 2784 ὅτι
1065 2721 1371 2796 ςυνῆπται
1417 2719 1578 2785 κατὰ
1627 2718 1944 2785 ςύνθεςιν·
1986 2719 2064 2784 τὸ
2111 2718 2272 2783 δ’έπὶ
2316 2718 2546 2784 τέλους
2584 2717 2894 2784 κλίνεςθαι
2939 2718 3131 2784 πάλιν

540 2821 698 2884 κατὰ
749 2821 900 2903 δύο,
957 2821 1056 2885 καὶ
1112 2822 1330 2886 καθότι
1387 2820 1492 2886 ἐπὶ
1544 2822 1776 2886 τέλους
1834 2820 2030 2898 ἐςτίν,
2089 2818 2254 2900 ὅπερ
2309 2822 2660 2898 παρέπεται
2713 2821 2906 2885 παντὶ
2962 2841 3131 2884 πτω-

536 2927 690 3006 τικῷ
743 2923 937 2986 κλίςιν
995 2921 1486 3007 ἀναδεχομένῳ,
1553 2924 1653 2989 καὶ
1718 2924 1935 2989 καθότι
2000 2926 2110 3000 τῆς
2172 2922 2417 2988 εὐθείας
2482 2922 2791 3003 μενούςης
2848 2922 3130 2988 ςυντάξει

465 3029 509 3082 c
550 3022 828 3103 ῥήματος
895 3024 1277 3103 κινούμενον
1342 3026 1419 3091 τὸ
1482 3025 1761 3101 πλάγιον
1829 3028 2062 3108 ςχῆμα,
2130 3025 2220 3090 ὡς
2284 3026 2451 3103 πρὸς
2513 3026 2628 3103 τὴν
2693 3024 2966 3090 διάθεςιν
3019 3027 3131 3102 τῆς
3168 3025 3234 3074 25

538 3125 813 3202 εὐθείας,
872 3125 1018 3203 ἐγώ
1074 3147 1195 3193 ςοι
1254 3127 1585 3206 δέδωκα,
1645 3127 1727 3191 ςύ
1782 3146 1868 3205 με
1924 3126 2260 3206 ἔτυψας,
2320 3125 2888 3206 Ἀριςτοφάνης
2934 3126 3128 3203 Ἀρί·

538 3246 884 3307 ςταρχον
930 3229 1313 3296 ἐδίδαξεν.

674 3413 886 3467 Anovn.
924 3420 955 3468 9
992 3413 1110 3468 Nec
1146 3413 1300 3468 flecti
1332 3417 1522 3483 posset
1554 3414 1656 3469 illa
1689 3414 1885 3468 forma.
1944 3412 2096 3468 Finis
2132 3414 2284 3467 enim
2318 3412 2611 3483 compositi
2648 3428 2761 3468 non
2787 3413 3126 3479 flecteretur,

538 3497 691 3565 quod
736 3502 883 3553 esset
923 3497 1260 3563 subiectum;
1299 3530 1363 3538 —
1407 3504 1466 3552 12
1502 3515 1685 3567 neque
1730 3499 1885 3569 prior
1929 3498 2222 3568 compositi
2266 3512 2425 3567 pars,
2471 3498 2737 3564 quoniam
2784 3514 2854 3552 ea
2901 3498 3127 3552 omnino

538 3596 653 3634 non
687 3581 949 3636 flectitur.
988 3613 1051 3621 —-
1093 3589 1152 3637 16
1192 3582 1387 3652 Itaque
1423 3585 1663 3649 ἑμαυτός
1701 3583 1797 3652 qui
1831 3599 1991 3637 casus
2027 3585 2199 3648 osseis,
2235 3598 2347 3635 non
2383 3584 2679 3642 constaret,
2718 3613 2783 3621 -—-
2825 3589 2885 3637 19
2922 3581 3131 3636 Contra.

539 3666 809 3733 ἀλλήλων
860 3665 1004 3721 nihil
1054 3667 1296 3737 impedit
1348 3667 1648 3736 quominus
1694 3666 1979 3733 flectatur3
2039 3683 2173 3720 nam
2227 3668 2382 3737 prior
2428 3668 2721 3737 compositi
2763 3683 2922 3735 pars,
2979 3682 3125 3734 quae

539 3753 737 3820 suapte
788 3754 993 3806 natura
1042 3768 1154 3806 non
1213 3751 1490 3818 variatur,
1559 3751 1943 3807 nominativus
1993 3754 2099 3818 θείη
2163 3753 2439 3822 posterior
2491 3754 2551 3807 et
2605 3754 2796 3822 potest
2851 3750 3004 3805 flecti
3071 3753 3131 3804 et

538 3834 811 3901 flectitur,
845 3838 1017 3906 prout
1050 3837 1312 3902 verbum,
1350 3852 1592 3905 quocum
1629 3831 1998 3904 consti-nituit,
2032 3836 2301 3907 postulat.

673 4006 854 4061 Discn.
890 4025 1087 4063 sempr.
1161 4013 1203 4064 1.
1241 4024 1333 4061 και
1367 4023 1475 4076 την
1512 4009 1582 4073 Α,
1620 4010 1728 4075 τὴν
1763 4009 1800 4062 b
1848 4010 1858 4074 Ι
1913 4016 1960 4063 3.
2001 4009 2205 4077 ἐκεῖνο]
2243 4008 2337 4061 fol.
2381 4014 2479 4062 194
2504 4025 2544 4064 r.
2601 4010 2609 4074 Ι
2663 4023 2997 4072 ςυνεςτηκεν
3034 4007 3077 4060 Α
3113 4007 3121 4072 1

537 4098 588 4146 5.
624 4093 703 4147 ὡς
739 4095 879 4161 πρὸς
914 4092 979 4158 b,
1019 4109 1099 4146 ως
1136 4094 1178 4146 Α
1221 4094 1228 4159 Ι
1272 4098 1317 4145 ’1.
1357 4108 1695 4160 επινοουμεν
1733 4096 1805 4158 Α,
1844 4098 2091 4161 νοοῦμεν
2124 4094 2161 4147 b
2193 4097 2202 4158 Ι
2247 4100 2323 4146 10.
2363 4095 2612 4162 ηδυνατο
2650 4094 2724 4156 Α,
2761 4091 2999 4144 ἐδύνατο
3034 4089 3071 4142 b
3114 4090 3121 4157 1

538 4194 575 4244 η
612 4179 741 4230 ante
777 4182 1029 4233 ςυνταξις
1064 4176 1157 4231 vix
1195 4174 1346 4231 cerni
1382 4179 1571 4244 potest
1607 4175 1664 4230 in
1690 4178 1733 4231 Α
1764 4184 1772 4237 Ι
1805 4195 1867 4231 ευ
1902 4177 1962 4231 in
1999 4182 2216 4234 ευθειας
2254 4178 2364 4232 alio
2401 4178 2718 4233 atramento
2745 4175 3079 4230 renovatum
3117 4175 3124 4241 Ι

545 4267 620 4318 11.
659 4263 1030 4329 ςυμβαμάτων
1065 4264 1156 4316 καὶ
1192 4262 1347 4315 delet
1382 4259 1819 4329 CEASchmidtu
1854 4269 1932 4318 18.
1961 4265 2359 4329 ςυντιθέμενον
2395 4262 2486 4318 Ab
2523 4263 2581 4315 in
2617 4261 2809 4325 textu,
2846 4258 3125 4312 ‘Fortasse

538 4349 611 4400 τὸ
647 4347 1091 4412 ςυναπτόμενον’
1128 4346 1165 4400 b
1200 4346 1259 4399 in
1297 4363 1417 4400 var.
1454 4345 1584 4402 lect.
1640 4349 1649 4415 Ι
1706 4354 1784 4402 19.
1821 4365 1951 4403 ιςως
1991 4351 2062 4416 Α,
2101 4349 2234 4404 ἷςως
2269 4349 2338 4401 ἂν
2375 4348 2411 4401 b
2465 4348 2475 4414 Ι
2528 4353 2610 4400 20.
2645 4362 2680 4399 τ
2716 4344 2772 4397 in
2813 4360 2954 4398 κατα
2991 4360 3060 4396 ex
3096 4347 3130 4396 θ

541 4431 677 4486 fecit
710 4434 786 4486 Ax
839 4436 849 4498 1
891 4438 975 4487 22.
1012 4433 1155 4486 δέπι
1194 4434 1262 4510 Α,
1301 4434 1371 4488 δὲ
1400 4435 1543 4487 κατὰ
1577 4433 1614 4486 b
1663 4436 1673 4501 1
1719 4438 1921 4490 τελους
1957 4436 2028 4495 Α,
2064 4435 2228 4488 τέλος
2264 4431 2300 4485 b
2353 4435 2363 4497 Ι
2416 4438 2495 4486 25.
2534 4449 2567 4484 ν
2601 4428 2756 4485 vocis
2791 4432 3035 4495 πλαγιον
3070 4431 3131 4483 in

543 4550 648 4587 ras.
675 4536 717 4588 Α
746 4538 757 4604 ι
787 4535 941 4588 vocis
966 4550 1145 4601 ςχημα
1179 4534 1374 4588 littera
1409 4553 1436 4591 ς
1471 4535 1529 4588 in
1566 4552 1789 4602 rasura,
1826 4555 1859 4603 χ
1896 4552 2006 4589 non
2043 4535 2115 4589 ab
2141 4538 2228 4603 A',
2263 4536 2329 4588 ut
2363 4532 2613 4599 videtur,
2649 4513 2721 4599 μ(ι
2746 4533 2955 4586 stricte
2982 4534 3129 4586 atra.-

544 4621 732 4674 mento
768 4621 839 4675 ab
876 4624 953 4677 Aa:
989 4621 1257 4690 scriptum
1295 4619 1354 4673 in
1392 4622 1435 4675 Α
1466 4624 1476 4690 Ι
1505 4627 1587 4676 26.
1623 4621 1845 4676 litteras
1880 4639 1959 4689 οφ
1993 4621 2053 4674 in
2089 4635 2465 4688 αριςτοφανης
2503 4636 2570 4673 ex
2607 4636 2677 4687 αρ
2712 4618 2849 4672 fecit
2881 4618 2961 4672 Ax
