3738 5530
260 804 431 857 114A

396 1412 444 1466 Β

392 2125 436 2181 C

1327 360 1859 434 'PERSONALIVM
1884 340 2182 432 nume.
2631 338 2653 359 ⁶
2964 377 3046 441 89

464 588 563 652 καὶ
609 588 680 653 ἐν
726 588 950 669 πρώτῃ
996 585 1086 667 (p.
1133 582 1216 647 28
1262 582 1454 666 Stoll)

721 688 1044 753 ἀςπαςίως
1087 686 1155 751 τέ
1202 706 1346 765 ςφω
1393 684 1549 762 ἄγεν
1595 683 1835 750 οἴκαδε.

638 792 850 855 Βίαιος
897 789 934 852 ὁ
980 787 1173 854 Ἰξίων
1218 788 1346 852 ἐςτὶ
1385 789 1502 865 τὴν
1547 791 1733 868 ςῷαῖ
1777 787 1876 851 καὶ
1920 786 2026 851 ἐπὶ
2069 786 2375 866 δευτέρου
2420 786 2689 869 τάςςων,

721 891 1070 972 ἀμφοτέρω
1113 892 1237 969 γὰρ
1283 895 1460 968 ςφῶε
1505 892 1682 968 φιλεῖ
1726 890 1808 973 (Η
1856 888 2000 954 280.
2053 890 2109 953 ’Κ
2151 886 2324 972 552),

455 993 636 1077 η«ἐπεὶ
676 994 781 1057 καὶ
823 993 862 1070 ἡ
907 999 1035 1057 νῶε
1080 992 1186 1055 διὰ
1227 994 1346 1056 τοῦ
1386 992 1440 1055 ἒ.
1489 1027 1571 1039 -
1616 992 1718 1056 καὶ
1760 992 1852 1056 ἔτι
1899 991 1988 1057 ὡς
2031 997 2108 1075 τῇ
2153 990 2296 1071 ςφώ
2342 990 2446 1055 ἐπὶ
2487 990 2703 1070 τρίτου
2733 991 3057 1074 νοουμένῃ

466 1096 542 1159 τὸ
584 1082 622 1159 ἒ
664 1094 1112 1174 προςέρχεται,
1160 1092 1332 1157 οὕτω
1375 1094 1478 1158 καὶ
1518 1098 1595 1176 τῇ
1640 1094 1800 1159 κατὰ
1842 1095 1919 1158 τὸ
1965 1092 2271 1171 δεύτερον
2316 1092 2511 1158 πάλιν
2555 1092 2880 1177 νοουμένῃ
2926 1092 3055 1158 Ἀτ-

3095 1002 3127 1049 5

469 1203 604 1281 τικῇ
648 1196 1118 1276 προςέρχεται».
1219 1193 1390 1259 Ἀλλ’
1431 1194 1581 1259 οὔτε
1626 1195 1665 1274 ἡ
1710 1196 1815 1259 διὰ
1857 1198 1975 1259 τοῦ
2019 1198 2056 1259 ἒ
2098 1199 2229 1260 νῶε
2282 1192 2783 1279 εὐπαράδεκτος,
2841 1195 3058 1260 καθότι
3109 1275 3117 1283 .

468 1296 868 1374 ςπανιωτάτη
887 1342 905 1375 ,
960 1294 1128 1361 ἅπαξ
1185 1315 1315 1360 που
1371 1296 1410 1374 ἢ
1465 1297 1559 1361 δὶς
1614 1294 1935 1377 εἰρημένη·
1992 1294 2143 1362 οὔτε
2197 1296 2236 1375 ἡ
2281 1297 2440 1361 κατὰ
2482 1296 2558 1360 τὸ
2603 1296 2817 1376 τρίτον
2862 1315 3058 1376 μονο-

482 1398 826 1479 ςύλλαβος,
890 1399 1050 1464 κατὰ
1117 1398 1235 1463 τὸν
1291 1396 1493 1463 αὐτὸν
1549 1398 1767 1474 λόγον.
1828 1431 1911 1444 -—
1976 1398 2141 1478 πρὸς
2199 1396 2296 1462 οἷς
2353 1396 2532 1462 οὐδὲ.
2574 1396 2613 1462 ὁ
2665 1396 3058 1477 χρηςάμενος

471 1499 980 1578 ἀξιοπιςτότερος
1036 1502 1170 1565 τῶν
1228 1501 1309 1579 μὴ
1365 1499 1791 1579 χρηςαμένων.
1849 1536 1932 1546 -
1988 1500 2160 1565 πάνυ
2206 1501 2277 1564 δὲ
2322 1498 2572 1582 εὔηθες,
2627 1503 2738 1578 τῆς
2761 1486 2940 1563 1κατὰ
2982 1499 3058 1563 τὸ

472 1606 734 1681 πρῶτον
779 1602 1132 1681 πρόςωπον
1178 1601 1265 1667 εἰς
1309 1604 1330 1666 ἰ
1376 1597 1723 1684 ληγούςης,
1779 1603 1860 1682 μὴ
1919 1600 2065 1680 οὐχὶ
2118 1602 2221 1665 καὶ
2271 1602 2387 1679 τὴν
2432 1601 2593 1666 κατὰ
2633 1601 2710 1665 τὸ
2753 1588 3059 1680 δεύτερον

472 1702 961 1795 παραδέχεςθαι.
1009 1740 1084 1749 -
1133 1704 1299 1784 πρὸς
1345 1702 1443 1769 οἷς
1486 1705 1587 1768 καὶ
1629 1702 1824 1768 πάλιν
1868 1703 2253 1781 πάμπολλος
2297 1703 2337 1781 ἡ
2382 1705 2617 1781 χρῆςις.
2665 1740 2748 1752 --
2790 1702 2947 1767 ποία
2990 1703 3062 1767 δὲ

476 1806 581 1868 καὶ
628 1803 904 1887 ἀνάγκη,
949 1803 1164 1883 ὀρθῶς
1209 1804 1478 1885 ἐχούςης
1519 1812 1634 1883 τῆς
1681 1807 1880 1888 ςφῶι,
1922 1805 2041 1882 τὴν
2089 1809 2265 1884 ςφῶε
2308 1804 2861 1887 παραλαμβάνειν;

646 1905 929 1987 Τρύφων
956 1904 1046 1991 (p.
1067 1905 1150 1969 28
1168 1904 1431 1991 Velsen)
1457 1906 2057 1984 ςυγκατατιθέμενος
2078 1912 2171 1990 τῷ
2196 1905 2414 1971 Ἰξίωνί
2443 1900 2595 1986 φηςι
2629 1907 2773 1985 «τὴν
2805 1905 2926 1986 ςφέ
2956 1905 3061 1970 ἀν-

476 2008 800 2087 τωνυμίαν
830 2008 976 2072 κατ’
998 2008 1324 2073 ἐπένθεςιν
1346 2012 1461 2073 τοῦ
1485 2011 1538 2071 ὦ
1560 2009 1781 2087 δυῖκὴν
1803 2008 2093 2085 γενέςθαι
2113 2012 2224 2086 τῆς
2248 2007 2444 2086 αὐτῆς
2467 2007 2803 2085 πτώςεως,
2848 2008 2950 2072 καὶ
2973 2007 3062 2071 ἔτι

472 2110 592 2187 τὴν
638 2109 815 2189 ςφίν,
861 2108 951 2172 ὡς
990 2113 1108 2174 τοῦ
1150 2113 1203 2174 ὦ
1232 2114 1551 2175 πτωτικοῦ
1582 2107 1777 2175 ὄντος
1807 2111 2097 2175 δυῖκῶν».
2172 2110 2327 2175 Πῶς
2359 2107 2477 2174 οὖν
2510 2109 2654 2188 οὐχὶ
2681 2109 2782 2174 καὶ
2812 2109 2876 2173 αἱ
2906 2110 3064 2173 κατὰ

471 2211 549 2274 τὸ
594 2215 856 2289 πρῶτον
900 2213 1001 2275 καὶ
1044 2210 1111 2275 αἱ
1152 2212 1312 2277 κατὰ
1355 2213 1431 2277 τὸ
1476 2212 1783 2290 δεύτερον
1824 2212 1945 2277 τὸν
1986 2211 2186 2277 αὐτὸν
2223 2211 2471 2290 τρόπον
2502 2211 3061 2291 ἐςχηματίςθηςαν;

480 2349 555 2358 --
604 2312 676 2376 Ἣ
725 2312 873 2393 ςφίν
917 2314 1021 2385 καὶ
1065 2311 1418 2393 ἀποβάλλει
1460 2313 1536 2377 τὸ
1581 2316 1653 2393 ν,
1715 2314 1754 2391 ἡ
1802 2315 1874 2378 δὲ
1919 2312 2123 2393 ςφωίν
2170 2312 2504 2378 οὐδέποτε.
2548 2349 2629 2359 -—
2675 2313 2714 2392 ἡ
2760 2311 2908 2391 ςφίν
2954 2317 3063 2376 δο-

473 2417 677 2492 τικῆς,
722 2416 761 2492 ἡ
808 2415 881 2479 δὲ
921 2417 1171 2492 γενικῆς
1215 2416 1317 2479 καὶ
1360 2419 1628 2493 δοτικῆς.
1678 2447 1752 2460 --
1799 2414 1858 2478 τί
1903 2416 1975 2479 δὲ
2021 2414 2165 2493 οὐχὶ
2208 2416 2311 2481 καὶ
2355 2414 2459 2479 ἐπὶ
2497 2418 2631 2480 τῶν
2663 2413 3061 2492 διςυλλάβων

475 2516 514 2594 ἡ
560 2516 879 2581 ἑπένθεεις
923 2519 1040 2581 τοῦ
1088 2520 1175 2591 ὦ,
1222 2516 1390 2592 λέγω
1439 2517 1511 2581 δὲ
1551 2519 1665 2594 τῆς
1709 2516 1908 2596 ςφέας
1954 2516 2055 2581 καὶ
2098 2516 2334 2597 ςφίςιν;

646 2615 921 2697 Ὁμοίως
975 2616 1096 2682 οὖν
1156 2618 1271 2682 τὰς
1324 2623 1442 2683 τοῦ
1498 2618 1764 2697 πρώτου
1818 2618 1921 2682 καὶ
1977 2617 2282 2698 δευτέρου
2340 2616 2577 2696 θέματά
2630 2636 2799 2682 τινες
2843 2615 3063 2694 ἠξίουν

272 2736 441 2790 115A
478 2716 678 2802 εἶναι,
722 2718 824 2784 καὶ
866 2718 1142 2786 ἑκδόςεις
1183 2720 1364 2786 τινὰς
1408 2719 1904 2801 παρατιθέμενοι
1944 2719 2022 2785 τὸ

728 2820 848 2899 τάρ
896 2842 1062 2901 ςφωι
1111 2822 1187 2902 (Α
1231 2821 1300 2904 8)

480 2922 592 2987 ςὺν
635 2928 728 3007 τῷ
773 2925 795 2986 i
837 2921 1145 3002 γράφειν,
1195 2923 1362 2989 «ἐπεὶ
1392 2925 1495 2989 καὶ
1522 2924 1565 3003 ἡ
1594 2930 1798 3005 ςφῶιν
1831 2924 1916 3004 (Θ
1945 2922 2120 3006 415),
2168 2924 2472 3005 δευτέρου
2503 2923 2661 2989 οὗςα
2689 2922 3064 3003 προςώπου,

479 3024 637 3089 κατὰ
678 3024 877 3089 τόνου
921 3025 1284 3106 ἐναλλαγὴν
1327 3025 1403 3090 τὸ
1448 3026 1661 3105 τρίτον
1707 3025 2011 3091 ἀποτελεῖ
2055 3025 2126 3091 ἐν
2168 3032 2260 3108 τῷ

737 3125 839 3191 καί
884 3147 1088 3207 ςφωιν
1135 3127 1248 3192 δὸς
1295 3125 1504 3203 ἄγειν»
1552 3125 1630 3209 (Α
1673 3125 1849 3210 338).

480 3227 671 3292 Ἀλλὰ
713 3227 957 3309 μήποτε
1001 3229 1079 3293 τὸ
1131 3227 1480 3309 μαρτύριον
1523 3229 1931 3307 παράλογον·
1984 3228 2140 3294 ποία
2181 3230 2305 3309 γὰρ
2350 3231 2451 3295 καὶ
2493 3227 2656 3309 ἄλλη
2702 3226 3070 3305 ἀντωνυμία

479 3330 679 3395 τόνου
722 3329 1045 3414 ἑναλλαγῇ
1087 3330 1442 3410 προςώπου
1485 3330 1724 3407 γίνεται
1768 3330 2172 3411 μεταβατική;
2220 3367 2296 3378 -
2563 3325 2567 3332 ’

616 3548 832 3601 Anava.
906 3554 936 3601 3
971 3547 1092 3601 Ixio
1128 3553 1285 3615 ςῷῖιῖὲ
1310 3548 1347 3602 i.
1377 3565 1427 3604 e.
1467 3554 1623 3617 ςφῶε
1662 3550 1831 3603 etiam
1857 3549 2136 3605 secundae
2170 3549 2419 3603 tribuere
2456 3548 2660 3614 voluit;
2698 3548 2797 3602 sed
2833 3547 3067 3601 fallitur.

483 3632 630 3687 Nam
676 3647 746 3686 ex
788 3632 985 3702 paneis
1026 3631 1364 3686 testimoniis
1411 3632 1602 3702 eisque
1647 3650 1758 3687 non
1802 3633 2072 3703 gravibus
2122 3633 2264 3687 nihil
2317 3632 2618 3703 colligitur.
2699 3631 2916 3686 Deinde
2962 3637 3067 3685 νῶι

481 3718 666 3770 forma
708 3717 853 3771 hane
897 3721 1048 3783 ςφῶι
1090 3717 1299 3771 tuetur.
1379 3717 1639 3786 Denique
1685 3722 1834 3785 ςφῶι
1879 3718 2308 3773 usitatissimum
2343 3718 2442 3778 est.
2479 3747 2546 3757 -
2583 3723 2646 3770 14
2679 3716 2906 3785 Trypho
2942 3733 3067 3770 oum

483 3799 676 3854 Ixione
732 3800 1043 3868 consentit3
1100 3801 1306 3855 formas
1350 3802 1555 3856 tertiae
1600 3804 1757 3869 ςφωέ
1801 3803 1987 3871 ςφωίν
2032 3819 2100 3857 ex
2144 3805 2251 3871 ςφέ
2293 3803 2427 3871 ςφίν
2469 3802 2647 3856 factas
2691 3817 2811 3856 esse
2855 3801 3068 3855 censet.

482 3886 560 3938 At
592 3901 697 3940 neo
731 3885 791 3939 in
824 3884 1011 3956 prima
1044 3901 1149 3940 nee
1182 3885 1241 3938 in
1278 3886 1524 3940 secunda
1558 3886 1741 3941 dualis
1776 3903 1844 3943 eo
1867 3886 2037 3943 modo
2074 3888 2228 3941 ortus
2264 3888 2376 3953 est;
2414 3887 2546 3963 ςφίν
2582 3884 2756 3940 abicit
2787 3889 2847 3948 V,
2886 3884 3069 3952 ςφωίν

483 3986 595 4024 non
641 3969 838 4036 abicit3
885 3970 1017 4039 ςφίν
1063 3970 1238 4025 dativi
1283 3972 1395 4038 est,
1444 3971 1629 4040 ςφωίν
1665 3971 1916 4042 genetivi
1951 3974 2011 4026 et
2045 3971 2247 4036 dativi;
2295 3988 2394 4025 our
2427 3988 2539 4025 non
2576 3987 2646 4024 ex
2681 3971 2854 4036 ςφέας
2890 3968 3070 4036 ςφίςιν

482 4054 694 4108 similes
727 4054 972 4122 formae,
1018 4062 1067 4109 ἴῡ
1103 4055 1340 4123 inserta,
1384 4057 1542 4110 ortae
1577 4056 1742 4110 sunt?
1792 4087 1854 4096 —-
1905 4062 1968 4110 21
2015 4057 2170 4111 Inter
2213 4054 2409 4116 duales
2453 4053 2733 4109 secundae
2770 4055 2830 4108 et
2863 4052 3068 4106 tertiae

481 4155 756 4207 personae
800 4139 937 4208 qnid
981 4139 1216 4196 rationis
1257 4140 1594 4205 intercedat,
1618 4153 1622 4158 ·
1648 4142 1929 4209 quaerunt
1978 4135 2349 4210 grammatici.
2438 4137 2550 4193 Alii
2602 4137 2816 4208 primae
2872 4137 2932 4191 et
2984 4152 3068 4191 se-

483 4224 697 4278 cundae
744 4223 943 4279 duales
986 4225 1206 4279 nativos
1251 4241 1399 4290 esse,
1445 4241 1513 4278 ex
1560 4223 1714 4279 duali
1760 4224 2037 4280 secundae
2082 4224 2306 4279 dualem
2342 4223 2550 4278 tertiae
2589 4221 2762 4289 (ςφωί
2796 4237 2866 4275 ex
2902 4226 3068 4288 ςφωι,

484 4308 667 4374 ςφωίν
704 4325 774 4362 ex
812 4312 1024 4379 ςφῶιν)
1058 4308 1390 4363 inclinatum
1427 4325 1545 4363 esse
1583 4309 1828 4364 censent.
1867 4339 1932 4348 —
1968 4314 2034 4362 27
2062 4309 2136 4362 At
2169 4308 2383 4362 nullum
2423 4306 2576 4361 aliud
2613 4322 2924 4375 pronomen
2950 4297 3072 4358 mu-⁵

485 4393 606 4446 tato
645 4394 884 4448 accentu
922 4393 981 4448 in
1017 4393 1186 4449 aliam
1221 4408 1518 4463 personam
1554 4393 1776 4448 transit.

618 4618 803 4672 stcn.
844 4632 1055 4673 summ.
1114 4620 1163 4668 2.
1201 4614 1427 4669 litterae
1465 4632 1529 4669 εν
1563 4617 1753 4670 οικαδε
1789 4630 1990 4669 vocum
2027 4631 2166 4680 αγεν
2200 4615 2388 4669 οικαδε
2420 4612 2480 4665 in
2504 4627 2700 4665 rasura
2723 4613 2766 4666 Α
2798 4611 2808 4676 Ι
2837 4615 2884 4668 4.
2912 4610 3072 4675 ςφωέ

485 4699 522 4752 b
568 4702 579 4764 Ι
627 4706 706 4758 12.
743 4699 1078 4766 πάμπολλος
1114 4699 1180 4767 b,
1218 4703 1433 4756 πολλός
1469 4701 1512 4754 Α
1560 4701 1570 4766 Ι
1620 4706 1697 4753 13.
1740 4718 1759 4753 ι
1794 4698 1946 4753 vocis
1981 4716 2128 4767 ςφωι
2162 4698 2222 4752 in
2257 4712 2453 4752 rasura
2486 4697 2566 4756 Αίσ
2604 4697 2622 4762 Ι’
2657 4700 2734 4749 14.
2771 4711 2940 4764 φηςιν
2976 4696 3019 4749 Α
3062 4695 3070 4761 Ι

490 4788 566 4839 18.
602 4787 672 4837 τὸ
710 4791 745 4838 ν
781 4785 817 4836 b
836 4826 851 4851 ,
888 4801 993 4839 τον
1016 4801 1050 4837 ν
1075 4787 1118 4840 Α
1149 4785 1160 4854 Ι
1189 4789 1379 4851 ςφῶιν
1404 4783 1441 4837 b
1472 4785 1482 4854 Ι
1515 4790 1594 4841 19.
1614 4784 1673 4838 τί
1696 4784 1756 4838 δὲ
1780 4783 1926 4853 οὐχί]
1955 4783 2048 4837 fol.
2080 4787 2175 4838 185
2198 4800 2251 4839 v.
2285 4784 2295 4850 Ι
2324 4788 2408 4841 21.
2432 4782 2533 4837 τὰς
2558 4784 2662 4834 τοῦ
2687 4777 3067 4843 RSehneider3

486 4873 611 4924 ταῖς
642 4875 751 4924 τοῦ
790 4868 883 4924 Ab
914 4871 923 4938 1
954 4875 1037 4924 23.
1074 4874 1223 4937 ςφωῖ
1258 4869 1319 4936 b,
1358 4872 1542 4938 ςφωιν
1583 4872 1653 4936 Α,
1691 4869 1965 4939 punctum
2000 4867 2208 4922 adiecit
2243 4867 2310 4920 Αι

3097 1504 3162 1556 10

3101 2013 3165 2064 15

3099 2518 3167 2568 20

3103 3030 3168 3077 26
