3738 5530
1326 365 1425 416 DE
1462 363 1795 418 ACCENTV
1829 366 2341 420 PRONOMINVM.
3043 368 3125 432 37

708 555 1269 646 Ὀρθοτονοῦνται’
1312 566 1528 646 μόνως
1584 567 1647 632 αἱ
1701 571 1813 647 τῆς
1872 568 2136 634 εὐθείας.
2238 571 2338 634 καὶ
2392 569 2629 635 τούτου
2677 569 2884 635 αἴτιον
2931 571 3007 636 τὸ
3051 571 3125 637 ἐν

540 672 673 734 τοῖς
726 669 989 749 ῥήμαςιν
1046 668 1565 749 ἀναπληροῦςθαι
1620 670 1695 734 τὸ
1742 675 1876 735 τῶν
1922 671 2395 751 ἐγκλινομένων
2440 669 2819 754 εὔχρηςτον,
2874 672 2912 737 ὅ
2957 672 3125 739 ἐςτιν

461 799 501 855 0
538 772 684 837 ἑνὸς
727 771 934 851 μόνου
976 771 1333 849 προςώπου
1377 772 1880 850 παραςτατικόν,
1935 772 2098 851 ὑπὲρ
2153 770 2232 837 οὗ
2277 773 2722 853 ἐντελέςτερον
2768 773 3009 857 εἴρηται
3052 775 3123 841 ἐν

539 877 674 939 τοῖς
719 873 1319 953 προδιειλεγμένοις.
1394 873 1589 938 Ἀλλὰ
1633 875 1756 953 μὴν
1800 875 1904 938 καὶ
1947 873 2011 938 αἱ
2053 875 2287 951 γένους
2331 876 2783 954 παραςτατικαὶ
2812 877 2973 946 κατὰ
3003 879 3123 941 πᾶ-

542 996 654 1041 ςαν
698 978 968 1049 πτῶςιν,
1026 972 1578 1053 ύποςτελλομένης
1620 978 1732 1053 τῆς
1776 974 1971 1040 αὐτός
2017 975 2160 1040 κατ’
2203 974 2575 1056 αἰτιατικὴν,
2631 977 2792 1057 ὑπὲρ
2836 977 2913 1057 ἧς
2958 978 3122 1058 εἰρή-

540 1098 706 1143 ςεται
750 1077 909 1141 κατὰ
953 1076 1070 1154 τήν
1117 1073 1354 1140 οἰκείαν
1398 1076 1590 1141 τάξιν.
1664 1076 1737 1142 Αἱ
1780 1076 1999 1157 μέντοι
2043 1075 2575 1159 ὑπολειπόμεναι,
2620 1080 2777 1144 καθὸ
2809 1080 3122 1164 δεικτικαί,

538 1180 748 1258 μόνως
815 1179 915 1242 καὶ
972 1165 1508 1259 ὀρθοτονοῦνται,
1575 1176 1706 1253 εἴγε
1773 1179 1877 1242 καὶ
1927 1178 1968 1257 ἡ
2027 1181 2214 1243 δεῖξις
2271 1180 2342 1245 ἐν
2399 1184 2696 1263 διαςτολῇ
2751 1182 3122 1260 προςώπων

536 1281 880 1361 γιγνομένη
940 1278 1019 1343 οὔ
1075 1298 1235 1343 ποτε
1292 1278 1494 1357 ἀνίηςι
1551 1280 1668 1343 τὸν
1723 1278 1955 1361 τόνον,
2014 1282 2260 1359 μᾶλλον
2315 1281 2387 1345 δὲ
2432 1279 2765 1360 ῥώννυςιν.
2852 1281 2917 1346 αἱ
2958 1287 3121 1359 γοῦν

366 1394 501 1446 ιοΑ
540 1383 643 1448 διὰ
692 1386 810 1447 τοῦ
865 1385 887 1447 ἰ
940 1381 1450 1460 ἐπεκτεινόμεναι
1507 1380 1606 1445 καὶ
1661 1379 1752 1445 ἔτι
1804 1381 1948 1459 τὴν-
1968 1384 2160 1447 δεῖξιν
2206 1383 2625 1448 ἐπιτείνουςαι
2668 1384 2771 1447 καὶ
2813 1382 2891 1449 τὸ
2933 1385 3121 1448 τέλος

537 1484 902 1565 ὀξύνουςιν,
948 1482 1318 1559 ἐκεινοςί,
1366 1481 1654 1548 οὑτοςί.
1742 1482 1843 1546 καὶ
1888 1483 2088 1560 δῆλόν
2134 1483 2332 1567 ἐςτιν,
2380 1484 2470 1549 ὡς
2514 1485 2702 1549 ἕνεκα
2744 1489 2856 1564 τῆς
2900 1489 3119 1550 δεικτι·

536 1590 645 1663 κῆς
709 1586 993 1665 ἐκφορᾶς
1055 1586 1095 1663 ἡ
1160 1584 1421 1663 τοιαύτη
1488 1583 1846 1666 ἐπέκταςις,
1915 1591 2008 1669 τῷ
2072 1586 2152 1664 μή
2217 1586 2336 1664 τὴν
2392 1584 2587 1651 αὐτός
2640 1586 3121 1671 ἐπεκτείνεςθαι,

536 1688 689 1752 καθὸ
736 1686 893 1751 οὐδὲ
937 1686 1110 1751 ὅλως
1154 1687 1442 1764 δεικτικὴ.

699 1788 929 1872 Τούτῳ
983 1788 1107 1866 γὰρ
1164 1793 1256 1871 τῷ
1301 1788 1477 1873 λόγῳ
1533 1788 1632 1853 καὶ
1676 1788 1741 1853 αἱ
1785 1788 1943 1869 μετὰ
1985 1791 2098 1865 τῆς
2143 1787 2624 1868 ἑπιταγματικῆς
2669 1790 2886 1869 μόνως
2929 1790 3119 1870 ὀρθο-

535 1893 898 1956 τονούνται·
962 1888 1158 1955 πάλιν
1214 1890 1338 1967 γὰρ
1394 1890 1639 1957 πλείων
1690 1891 1731 1970 ἡ
1789 1891 2086 1968 διαςτολὴ
2144 1893 2262 1954 τοῦ
2307 1891 2693 1968 προςώπου·
2760 1892 2952 1972 ἐμοῦ
2995 1893 3120 1971 γὰρ

535 1991 781 2058 αὐτοῦ
826 1991 1216 2074 ὁρῶντος,
1262 1992 1396 2071 ἐμὲ
1441 1992 1682 2057 αὐτὸν
1727 1992 1995 2072 ἔτυψε.
2066 1992 2588 2071 Παραπεμπτέον
2619 1994 2744 2072 γὰρ
2774 1994 2927 2059 τούς
2959 1993 3116 2060 ὑπο-

3163 1502 3223 1550 10

3160 2010 3219 2058 15

459 2103 501 2156 Β
539 2094 980 2174 λαμβάνοντας
1024 2093 1211 2159 ἕνεκα
1254 2093 1486 2170 γένους
1515 2097 1947 2173 παρειλῆφθαι
1986 2094 2105 2172 τὴν
2137 2092 2361 2174 αὐτός,
2407 2094 2542 2158 ἐπεὶ
2572 2093 2939 2160 ἀδιάςτολοί
2969 2096 3119 2162 εἰςιν
3207 2136 3208 2139 =

535 2196 596 2260 αἱ
651 2196 1064 2274 πρωτότυποι
1120 2194 1368 2272 γένους.
1471 2199 1734 2276 πρῶτον
1788 2195 1912 2274 γὰρ
1972 2194 2052 2260 οὐ
2107 2194 2529 2274 προςδέονται
2571 2197 2833 2278 γένους,
2889 2200 3004 2276 τῆς
3048 2199 3117 2264 ἐν

535 2296 753 2362 αὐταῖς
809 2295 1063 2364 δείξεως
1120 2296 1662 2376 ςυνεξηγουμένης
1715 2297 1792 2363 τὸ
1847 2297 2070 2374 γένος·
2130 2296 2351 2361 ἔπειτα
2393 2295 2452 2361 τί
2495 2297 2807 2377 φήςουςιν
2852 2299 2956 2363 ἐπὶ
2999 2303 3117 2364 τοῦ

534 2398 722 2465 οὗτος
780 2397 975 2464 αὐτός
1031 2398 1133 2464 καὶ
1188 2398 1435 2464 ἐκεῖνος
1489 2398 1717 2480 αὐτός;
1777 2398 1857 2464 οὐ
1911 2401 2037 2477 γὰρ
2092 2399 2192 2463 καὶ
2249 2398 2549 2464 ἐνταυθοῖ
2604 2398 2984 2466 ἀδιάςτολον
3040 2404 3116 2467 τὸ

529 2502 739 2578 γένος.
802 2538 876 2547 ——
938 2501 1136 2565 «Ἀλλ’
1189 2500 1342 2565 ἴςως
1383 2503 1524 2565 ταῖς
1566 2502 1725 2567 κατὰ
1777 2501 1852 2566 τὸ
1899 2500 2115 2579 τρίτον
2160 2499 2560 2566 ἀδιαςτόλοις
2602 2502 2834 2577 γένους
2880 2500 3118 2586 οὔςαις,

533 2602 814 2680 εὐλόγως
873 2602 1359 2682 ςυνταχθήςεται
1416 2603 1603 2668 ἕνεκα
1657 2602 1927 2680 γ’ένους·
1987 2601 2143 2667 οὐδὲ
2198 2601 2321 2680 γὰρ
2376 2600 2503 2667 ἔςτι
2558 2603 2659 2666 καὶ
2713 2602 2820 2667 ἐπὶ
2861 2603 3114 2671 τούτων

531 2705 856 2788 <λέγειν>,
904 2705 994 2771 ὡς
1037 2703 1077 2784 ἡ
1124 2707 1313 2772 δεῖξις
1357 2703 1434 2770 τὸ
1476 2705 1668 2781 γένος
1713 2704 2052 2785 ἐξηγεῖται·
2099 2702 2319 2769 ἄπεςτι
2361 2703 2535 2783 γάρ.»
2611 2703 2778 2770 Ἀλλ’
2824 2704 2966 2770 οὐδ’
3012 2706 3117 2772 ἐπὶ

455 2815 495 2871 C
530 2808 781 2873 τούτων
826 2807 1016 2873 ἕνεκα
1058 2807 1293 2884 γένους
1331 2807 1372 2886 ἡ
1417 2806 1777 2885 παράθεςις.
1858 2806 2340 2888 ἀναφερόμεναι
2383 2808 2509 2885 γὰρ
2539 2805 2643 2871 ἐπί
2673 2828 2729 2871 τι
2760 2808 3115 2886 πρόςωπον

530 2910 1062 2990 προεγνωςμένον
1106 2909 1170 2974 αἱ
1212 2909 1371 2975 κατὰ
1412 2910 1488 2975 τὸ
1532 2908 1748 2989 τρίτον
1779 2908 2416 2990 παραλαμβάνονται·
2463 2907 2536 2975 ἐν
2581 2910 2634 2992 ᾧ
2667 2910 2739 2974 δὲ
2782 2909 3114 2995 ἔγνωςται,

529 3012 599 3077 ἐν
650 3012 865 3096 τούτῳ
923 3011 1044 3076 οὐκ
1100 3010 1346 3091 ἄδηλον
1400 3012 1476 3076 τὸ
1532 3010 1742 3087 γένος.
1840 3010 1959 3076 οὐκ
2013 3010 2140 3090 ἄρα
2195 3010 2352 3076 οὐδὲ
2393 3014 2533 3076 ταῖς
2575 3012 2735 3076 κατὰ
2777 3012 2853 3077 τὸ
2897 3012 3116 3092 τρίτον

530 3113 712 3179 ἕνεκα
763 3113 997 3190 γένους
1052 3113 1481 3193 παρατίθεται.
1538 3148 1625 3161 --
1679 3111 1814 3177 Οὐκ
1867 3111 2128 3188 ἀγνοῶν
2181 3114 2254 3177 δὲ
2296 3113 2410 3178 τὰς
2457 3111 2912 3194 ἐγκλινομένας
2955 3116 3116 3180 κατὰ

530 3217 603 3280 τὸ
645 3216 863 3295 τρίτον
907 3216 1067 3295 μετὰ
1108 3219 1222 3294 τῆς
1265 3214 1459 3280 αὐτός
1502 3214 1703 3279 ταῦτά
1747 3232 1939 3295 φημι·
1983 3214 2330 3291 ἐγκέκλιται
2372 3220 2534 3291 γοῦν
2578 3216 2654 3280 τὸ

1335 3315 1502 3381 ἀλλά
1546 3315 1609 3380 οἱ
1653 3314 1828 3399 αὐτῷ
1876 3318 1938 3393 (δ
1983 3314 2137 3400 667)

353 3427 489 3482 47A
529 3418 626 3483 καὶ

956 3520 1283 3600 Εὐρύαλος
1325 3520 1396 3585 δέ
1441 3519 1473 3583 ἑ
1515 3518 1716 3585 αὐτόν
1760 3523 1823 3600 (θ
1866 3516 2042 3604 396)·

532 3643 579 3650 a—
592 3645 725 3650 --—-‘
744 3645 930 3651 „...-.-·7=-

656 3704 873 3757 Anava.
960 3712 981 3757 1
1031 3704 1269 3759 Rectum
1308 3706 1506 3759 tonum
1548 3704 1761 3758 habent
1803 3701 2141 3757 nominativi
2174 3704 2597 3772 pronominum,
2645 3707 2705 3759 et
2748 3721 3113 3774 quaecunque

524 3787 859 3856 pronomina
900 3805 1003 3857 per
1048 3805 1242 3843 omnes
1291 3803 1450 3844 casus
1485 3787 1884 3843 terminatione
1921 3803 2099 3857 genus
2135 3787 2425 3856 exhibent,
2477 3793 2715 3860 excepto
2752 3792 2925 3845 αὐτός
2962 3790 3116 3844 vocis

523 3872 859 3927 accusativo,
905 3904 971 3913 —
1022 3880 1082 3928 13
1126 3874 1304 3929 Recto
1348 3876 1545 3928 tenore
1590 3873 1980 3942 proferuntur,
2029 3888 2174 3941 quae
2220 3890 2347 3927 eum
2392 3875 2569 3929 αὐτός
2614 3875 2932 3944 appositive
2986 3891 3112 3928 con-

521 3953 848 4025 iunguntur.
927 3957 994 4012 Id
1039 3958 1344 4028 apponitur
1388 3956 1790 4013 discernendae
1836 3971 2110 4025 personae
2158 3973 2350 4027 eausa,
2396 3973 2511 4012 non
2548 3961 2613 4013 ut
2647 3975 2824 4030 genus
2858 3959 3111 4027 patefiat.

523 4041 707 4095 Αὐτός
742 4042 843 4096 ubi
877 4041 951 4096 ad
986 4042 1251 4098 enclitica
1284 4042 1528 4110 accedit,
1564 4040 1864 4097 redundat.

660 4243 849 4300 Discn.
885 4264 1077 4304 sempr.
1136 4253 1186 4300 3.
1223 4248 1641 4314 παραςτατικὸν
1667 4243 2056 4310 RSkrzeezka,
2097 4261 2408 4312 παραγωγο
2433 4245 2528 4301 Ab
2564 4245 2623 4299 in
2657 4248 2844 4314 textu,
2884 4245 3114 4300 ‘Sensus

520 4331 774 4401 postulat
809 4331 1144 4398 παράςταςις
1179 4330 1273 4384 vel
1307 4330 1521 4399 aliquid
1557 4330 1761 4384 simile’
1788 4329 1825 4383 b
1851 4329 1912 4415 in
1939 4345 2052 4386 var.
2078 4328 2207 4386 lect.
2240 4331 2246 4398 Ι
2275 4336 2320 4384 6.
2353 4331 2796 4397 ὑπολειπόμεναι
2819 4332 2885 4400 b,
2923 4335 3114 4386 υπολι-

521 4433 765 4483 πομεναι
792 4420 835 4471 Α
866 4419 876 4480 Ι
907 4422 955 4473 7.
991 4418 1081 4469 καὶ
1119 4414 1183 4485 ἡ]
1220 4433 1253 4469 κ
1287 4413 1480 4470 littera
1502 4415 1656 4470 vocis
1690 4433 1777 4469 και
1804 4430 1873 4469 ex
1892 4431 1958 4481 op
1982 4414 2134 4468 faeta
2161 4418 2171 4482 Ι
2199 4417 2366 4469 δεῖξις
2389 4414 2454 4479 b,
2494 4417 2721 4471 ενδειξις
2746 4418 2791 4471 Α
2822 4418 2831 4485 Ι
2861 4421 2909 4475 8.
2933 4433 3114 4484 γιγνο-

520 4535 663 4586 μενη
701 4520 773 4583 Α,
806 4517 1073 4583 γινομένη
1109 4516 1146 4570 b
1201 4522 1211 4579 Ι
1277 4523 1489 4575 10—11.
1528 4500 1803 4585 δεικτικῆς
1834 4517 1900 4590 sss
1934 4518 2004 4577 Α,
2041 4517 2254 4586 puncba
2287 4516 2358 4570 ab
2399 4518 2461 4570 Α1
2518 4518 2527 4585 1
2594 4523 2671 4571 11.
2707 4523 2792 4586 τῷ
2830 4521 2904 4586 μὴ
2941 4518 3008 4585 b,
3044 4535 3113 4572 το

521 4621 599 4670 μη
635 4606 678 4658 Α
720 4604 729 4669 Ι
767 4602 1184 4657 ἐπεκτείνεςθαι
1218 4600 1282 4668 b,
1321 4607 1659 4656 εκτεινεςθαι
1693 4604 1738 4657 Α
1771 4607 1780 4671 Ι
1824 4610 1902 4660 14.
1944 4603 2160 4657 πλείων
2195 4601 2261 4666 b,
2298 4604 2496 4657 πλειον
2531 4604 2576 4657 Α
2608 4604 2618 4668 Ι
2661 4608 2739 4656 15.
2779 4619 2991 4669 ετυψεν
3016 4604 3058 4658 Α
3101 4603 3106 4670 ἰ

523 4693 603 4742 18.
661 4687 860 4741 αὐταῖς
913 4687 1007 4740 Ab
1078 4685 1137 4739 in
1198 4684 1312 4739 ind.
1375 4685 1735 4750 mendorum,
1798 4690 1978 4754 αὐτῆς
2029 4686 2066 4740 b
2130 4686 2188 4739 in
2240 4687 2400 4740 textu
2465 4689 2475 4755 Ι
2538 4694 2623 4746 21.
2676 4688 3112 4754 ςυνταχθήςεται

518 4768 905 4838 RSchneider,
942 4771 1419 4839 ςυνταχθήςονται
1455 4770 1546 4824 Ab
1587 4773 1595 4838 Ι
1638 4788 1786 4828 εςτιν
1825 4773 1866 4825 Α
1900 4776 1907 4837 1
1947 4778 2030 4824 ⁴22.
2059 4772 2244 4837 λέγειν
2280 4771 2344 4838 b,
2382 4786 2490 4826 om.
2527 4774 2571 4828 Α
2604 4774 2612 4839 Ι
2652 4777 2735 4827 22.
2759 4772 2841 4828 ὡς
2864 4773 2900 4840 ἡ
2925 4773 3108 4842 δεῖξις]

520 4847 619 4911 'foL
660 4860 754 4909 158
778 4872 831 4909 v.
893 4858 904 4924 Ι
969 4860 1049 4909 27.
1085 4855 1282 4923 τρίτον
1321 4856 1383 4923 b,
1419 4872 1613 4923 τριτον
1647 4873 1829 4911 ταυτα
1855 4860 1927 4924 Α,
1967 4856 2066 4910 sed
2100 4872 2282 4910 ταυτα
2319 4854 2477 4910 delet
2513 4859 2580 4912 Αι

3154 2518 3221 2566 20

3151 3030 3217 3077 25

3150 3543 3217 3592 30
