<?xml version="1.0" encoding="UTF-8"?>
<!DOCTYPE html PUBLIC "-//W3C//DTD XHTML 1.0 Transitional//EN"
    "http://www.w3.org/TR/xhtml1/DTD/xhtml1-transitional.dtd">
<html xmlns="http://www.w3.org/1999/xhtml" xml:lang="en" lang="en">
 <head>
  <title>
</title>
<meta http-equiv="Content-Type" content="text/html;charset=utf-8" />
  <meta name='ocr-system' content='tesseract 3.04.00' />
  <meta name='ocr-capabilities' content='ocr_page ocr_carea ocr_par ocr_line ocrx_word'/>
</head>
<body>
  <div class='ocr_page' id='page_1' title='image "./grammaticigraec00unkngoog_0433.png"; bbox 0 0 3738 5530; ppageno 0'>
   <div class='ocr_carea' id='block_1_1' title="bbox 560 345 3047 418">
    <p class='ocr_par' dir='ltr' id='par_1_1' title="bbox 560 345 3047 418">
     <span class='ocr_line' id='line_1_1' title="bbox 560 345 3047 418; baseline -0 -15"><span class='ocrx_word' id='word_1_1' title='bbox 560 346 1000 404; x_wconf 73' lang='lat' dir='ltr'><strong>Commentarius</strong></span> <span class='ocrx_word' id='word_1_2' title='bbox 1028 346 1255 403; x_wconf 85' lang='lat' dir='ltr'><strong>criticus</strong></span> <span class='ocrx_word' id='word_1_3' title='bbox 1285 350 1346 403; x_wconf 85' lang='lat' dir='ltr'><strong>et</strong></span> <span class='ocrx_word' id='word_1_4' title='bbox 1369 347 1689 418; x_wconf 75' lang='lat' dir='ltr'><strong>exegeticus</strong></span> <span class='ocrx_word' id='word_1_5' title='bbox 1715 347 1777 402; x_wconf 90' lang='lat' dir='ltr'><strong>in</strong></span> <span class='ocrx_word' id='word_1_6' title='bbox 1802 345 2092 418; x_wconf 85' lang='lat' dir='ltr'><strong>Apollonii</strong></span> <span class='ocrx_word' id='word_1_7' title='bbox 2118 345 2345 417; x_wconf 79' lang='lat' dir='ltr'><strong>Dyscoli</strong></span> <span class='ocrx_word' id='word_1_8' title='bbox 2374 346 2584 417; x_wconf 86' lang='lat' dir='ltr'><strong>scripta</strong></span> <span class='ocrx_word' id='word_1_9' title='bbox 2609 346 2841 403; x_wconf 86' lang='lat' dir='ltr'><strong>minora.</strong></span> <span class='ocrx_word' id='word_1_10' title='bbox 2919 346 3047 413; x_wconf 86' lang='lat'><strong>139</strong></span> 
     </span>
    </p>
   </div>
   <div class='ocr_carea' id='block_1_2' title="bbox 413 513 3055 5068">
    <p class='ocr_par' dir='ltr' id='par_1_2' title="bbox 441 513 3055 1402">
     <span class='ocr_line' id='line_1_2' title="bbox 442 513 3050 595; baseline -0.001 -17"><span class='ocrx_word' id='word_1_11' title='bbox 442 519 699 595; x_wconf 86' lang='lat' dir='ltr'><strong>primum</strong></span> <span class='ocrx_word' id='word_1_12' title='bbox 758 517 917 595; x_wconf 89' lang='lat' dir='ltr'><strong>quod</strong></span> <span class='ocrx_word' id='word_1_13' title='bbox 974 513 1076 577; x_wconf 89' lang='grc' dir='ltr'><strong>καί</strong></span> <span class='ocrx_word' id='word_1_14' title='bbox 1133 517 1430 594; x_wconf 86' lang='lat' dir='ltr'><strong>particula</strong></span> <span class='ocrx_word' id='word_1_15' title='bbox 1486 536 1605 577; x_wconf 92' lang='lat' dir='ltr'><strong>non</strong></span> <span class='ocrx_word' id='word_1_16' title='bbox 1664 519 1745 578; x_wconf 88' lang='lat' dir='ltr'><strong>sit</strong></span> <span class='ocrx_word' id='word_1_17' title='bbox 1803 518 1972 594; x_wconf 86' lang='lat' dir='ltr'><strong>apta:</strong></span> <span class='ocrx_word' id='word_1_18' title='bbox 2031 518 2199 578; x_wconf 86' lang='lat' dir='ltr'><strong>cuius</strong></span> <span class='ocrx_word' id='word_1_19' title='bbox 2253 519 2342 577; x_wconf 88' lang='lat' dir='ltr'><strong>rei</strong></span> <span class='ocrx_word' id='word_1_20' title='bbox 2400 536 2548 595; x_wconf 90' lang='lat' dir='ltr'><strong>quas</strong></span> <span class='ocrx_word' id='word_1_21' title='bbox 2608 534 2816 578; x_wconf 85' lang='lat' dir='ltr'><strong>causas</strong></span> <span class='ocrx_word' id='word_1_22' title='bbox 2877 517 3050 577; x_wconf 86' lang='lat' dir='ltr'><strong>affert</strong></span> 
     </span>
     <span class='ocr_line' id='line_1_3' title="bbox 443 600 3045 684; baseline 0 -18"><span class='ocrx_word' id='word_1_23' title='bbox 443 607 498 666; x_wconf 86' lang='lat' dir='ltr'><strong>h.</strong></span> <span class='ocrx_word' id='word_1_24' title='bbox 538 607 575 666; x_wconf 92' lang='lat' dir='ltr'><strong>l.</strong></span> <span class='ocrx_word' id='word_1_25' title='bbox 613 610 877 684; x_wconf 87' lang='lat' dir='ltr'><strong>repetere</strong></span> <span class='ocrx_word' id='word_1_26' title='bbox 921 606 1287 683; x_wconf 87' lang='lat' dir='ltr'><strong>supersedeo.</strong></span> <span class='ocrx_word' id='word_1_27' title='bbox 1362 600 1744 683; x_wconf 77' lang='lat' dir='ltr'><strong>‘Praeterea&#39;,</strong></span> <span class='ocrx_word' id='word_1_28' title='bbox 1788 607 2004 684; x_wconf 90' lang='lat' dir='ltr'><strong>inquit,</strong></span> <span class='ocrx_word' id='word_1_29' title='bbox 2050 601 2146 666; x_wconf 76' lang='lat' dir='ltr'><strong>‘ne</strong></span> <span class='ocrx_word' id='word_1_30' title='bbox 2184 610 2392 684; x_wconf 86' lang='lat' dir='ltr'><strong>aptum</strong></span> <span class='ocrx_word' id='word_1_31' title='bbox 2437 606 2675 684; x_wconf 87' lang='lat' dir='ltr'><strong>quidem</strong></span> <span class='ocrx_word' id='word_1_32' title='bbox 2721 609 2812 667; x_wconf 86' lang='lat' dir='ltr'><strong>est</strong></span> <span class='ocrx_word' id='word_1_33' title='bbox 2857 625 3045 668; x_wconf 84' lang='lat' dir='ltr'><strong>exem·</strong></span> 
     </span>
     <span class='ocr_line' id='line_1_4' title="bbox 444 695 3047 774; baseline 0 -18"><span class='ocrx_word' id='word_1_34' title='bbox 444 698 623 773; x_wconf 91' lang='lat' dir='ltr'><strong>plum.</strong></span> <span class='ocrx_word' id='word_1_35' title='bbox 697 697 854 757; x_wconf 85' lang='lat' dir='ltr'><strong>Nam</strong></span> <span class='ocrx_word' id='word_1_36' title='bbox 890 715 1024 755; x_wconf 91' lang='lat' dir='ltr'><strong>cum</strong></span> <span class='ocrx_word' id='word_1_37' title='bbox 1070 700 1249 756; x_wconf 88' lang='lat' dir='ltr'><strong>antea</strong></span> <span class='ocrx_word' id='word_1_38' title='bbox 1283 700 1629 774; x_wconf 78' lang='lat' dir='ltr'><strong>exponatur,</strong></span> <span class='ocrx_word' id='word_1_39' title='bbox 1674 698 1725 757; x_wconf 88' lang='lat' dir='ltr'><strong>si</strong></span> <span class='ocrx_word' id='word_1_40' title='bbox 1763 714 1933 757; x_wconf 84' lang='lat' dir='ltr'><strong>casus</strong></span> <span class='ocrx_word' id='word_1_41' title='bbox 1970 696 2245 773; x_wconf 88' lang='lat' dir='ltr'><strong>obliquus</strong></span> <span class='ocrx_word' id='word_1_42' title='bbox 2291 695 2562 771; x_wconf 88' lang='lat' dir='ltr'><strong>addatur,</strong></span> <span class='ocrx_word' id='word_1_43' title='bbox 2610 696 2687 756; x_wconf 87' lang='lat' dir='ltr'><strong>ad</strong></span> <span class='ocrx_word' id='word_1_44' title='bbox 2730 697 2887 757; x_wconf 87' lang='lat' dir='ltr'><strong>hunc</strong></span> <span class='ocrx_word' id='word_1_45' title='bbox 2922 714 3047 758; x_wconf 84' lang='lat' dir='ltr'><strong>esse</strong></span> 
     </span>
     <span class='ocr_line' id='line_1_5' title="bbox 445 786 3049 863; baseline 0 -18"><span class='ocrx_word' id='word_1_46' title='bbox 445 788 693 847; x_wconf 75' lang='lat' dir='ltr'><strong>acfionis</strong></span> <span class='ocrx_word' id='word_1_47' title='bbox 739 786 1177 862; x_wconf 74' lang='lat' dir='ltr'><strong>transitionem,</strong></span> <span class='ocrx_word' id='word_1_48' title='bbox 1232 788 1295 845; x_wconf 91' lang='lat' dir='ltr'><strong>in</strong></span> <span class='ocrx_word' id='word_1_49' title='bbox 1339 787 1451 846; x_wconf 88' lang='lat' dir='ltr'><strong>hoc</strong></span> <span class='ocrx_word' id='word_1_50' title='bbox 1497 786 1782 863; x_wconf 87' lang='lat' dir='ltr'><strong>exemplo,</strong></span> <span class='ocrx_word' id='word_1_51' title='bbox 1827 805 1962 844; x_wconf 90' lang='lat' dir='ltr'><strong>cum</strong></span> <span class='ocrx_word' id='word_1_52' title='bbox 2006 788 2245 863; x_wconf 86' lang='lat' dir='ltr'><strong>passiva</strong></span> <span class='ocrx_word' id='word_1_53' title='bbox 2288 788 2453 846; x_wconf 90' lang='lat' dir='ltr'><strong>notio</strong></span> <span class='ocrx_word' id='word_1_54' title='bbox 2498 788 2670 861; x_wconf 89' lang='lat' dir='ltr'><strong>insit,</strong></span> <span class='ocrx_word' id='word_1_55' title='bbox 2725 786 2801 845; x_wconf 89' lang='lat' dir='ltr'><strong>ad</strong></span> <span class='ocrx_word' id='word_1_56' title='bbox 2847 804 3049 847; x_wconf 87' lang='lat' dir='ltr'><strong>casum</strong></span> 
     </span>
     <span class='ocr_line' id='line_1_6' title="bbox 444 873 3047 954; baseline 0.001 -20"><span class='ocrx_word' id='word_1_57' title='bbox 444 878 669 936; x_wconf 83' lang='lat' dir='ltr'><strong>rectum</strong></span> <span class='ocrx_word' id='word_1_58' title='bbox 716 879 820 936; x_wconf 87' lang='lat' dir='ltr'><strong>est.</strong></span> <span class='ocrx_word' id='word_1_59' title='bbox 912 873 1102 945; x_wconf 84' lang='lat' dir='ltr'><strong>Quam</strong></span> <span class='ocrx_word' id='word_1_60' title='bbox 1149 878 1329 936; x_wconf 88' lang='lat' dir='ltr'><strong>activi</strong></span> <span class='ocrx_word' id='word_1_61' title='bbox 1373 878 1436 935; x_wconf 91' lang='lat' dir='ltr'><strong>in</strong></span> <span class='ocrx_word' id='word_1_62' title='bbox 1482 878 1784 954; x_wconf 83' lang='lat' dir='ltr'><strong>passivum</strong></span> <span class='ocrx_word' id='word_1_63' title='bbox 1829 877 2221 936; x_wconf 79' lang='lat' dir='ltr'><strong>mutationem</strong></span> <span class='ocrx_word' id='word_1_64' title='bbox 2267 878 2319 935; x_wconf 90' lang='lat' dir='ltr'><strong>si</strong></span> <span class='ocrx_word' id='word_1_65' title='bbox 2364 876 2717 952; x_wconf 85' lang='lat' dir='ltr'><strong>Apollonius</strong></span> <span class='ocrx_word' id='word_1_66' title='bbox 2762 877 2873 935; x_wconf 88' lang='lat' dir='ltr'><strong>hoc</strong></span> <span class='ocrx_word' id='word_1_67' title='bbox 2916 876 3047 936; x_wconf 91' lang='lat' dir='ltr'><strong>loco</strong></span> 
     </span>
     <span class='ocr_line' id='line_1_7' title="bbox 446 964 3048 1042; baseline 0.001 -18"><span class='ocrx_word' id='word_1_68' title='bbox 446 965 651 1025; x_wconf 87' lang='lat' dir='ltr'><strong>afferre</strong></span> <span class='ocrx_word' id='word_1_69' title='bbox 696 965 1004 1041; x_wconf 85' lang='lat' dir='ltr'><strong>voluisset,</strong></span> <span class='ocrx_word' id='word_1_70' title='bbox 1059 964 1218 1025; x_wconf 87' lang='lat' dir='ltr'><strong>haud</strong></span> <span class='ocrx_word' id='word_1_71' title='bbox 1271 965 1448 1025; x_wconf 87' lang='lat' dir='ltr'><strong>dubie</strong></span> <span class='ocrx_word' id='word_1_72' title='bbox 1504 968 1610 1025; x_wconf 88' lang='lat' dir='ltr'><strong>aut</strong></span> <span class='ocrx_word' id='word_1_73' title='bbox 1654 967 1831 1026; x_wconf 91' lang='lat' dir='ltr'><strong>antea</strong></span> <span class='ocrx_word' id='word_1_74' title='bbox 1874 967 1940 1025; x_wconf 87' lang='lat' dir='ltr'><strong>in</strong></span> <span class='ocrx_word' id='word_1_75' title='bbox 1983 967 2326 1026; x_wconf 84' lang='lat' dir='ltr'><strong>universum</strong></span> <span class='ocrx_word' id='word_1_76' title='bbox 2371 968 2478 1026; x_wconf 89' lang='lat' dir='ltr'><strong>aut</strong></span> <span class='ocrx_word' id='word_1_77' title='bbox 2528 984 2686 1025; x_wconf 87' lang='lat' dir='ltr'><strong>nunc</strong></span> <span class='ocrx_word' id='word_1_78' title='bbox 2731 964 2806 1024; x_wconf 89' lang='lat' dir='ltr'><strong>ad</strong></span> <span class='ocrx_word' id='word_1_79' title='bbox 2852 967 3048 1042; x_wconf 88' lang='lat' dir='ltr'><strong>ipsum</strong></span> 
     </span>
     <span class='ocr_line' id='line_1_8' title="bbox 445 1049 3049 1133; baseline 0 -19"><span class='ocrx_word' id='word_1_80' title='bbox 445 1056 776 1133; x_wconf 87' lang='lat' dir='ltr'><strong>exemplum</strong></span> <span class='ocrx_word' id='word_1_81' title='bbox 830 1049 1218 1133; x_wconf 81' lang='lat' dir='ltr'><strong>explicasset&#39;.</strong></span> <span class='ocrx_word' id='word_1_82' title='bbox 1318 1052 1487 1124; x_wconf 83' lang='lat' dir='ltr'><strong>Quod</strong></span> <span class='ocrx_word' id='word_1_83' title='bbox 1542 1057 1957 1133; x_wconf 69' lang='lat' dir='ltr'><strong>argumentum</strong></span> <span class='ocrx_word' id='word_1_84' title='bbox 2008 1073 2249 1131; x_wconf 89' lang='lat' dir='ltr'><strong>prorsus</strong></span> <span class='ocrx_word' id='word_1_85' title='bbox 2303 1055 2477 1114; x_wconf 87' lang='lat' dir='ltr'><strong>nihili</strong></span> <span class='ocrx_word' id='word_1_86' title='bbox 2537 1056 2653 1115; x_wconf 85' lang='lat' dir='ltr'><strong>est:</strong></span> <span class='ocrx_word' id='word_1_87' title='bbox 2716 1056 3049 1132; x_wconf 86' lang='lat' dir='ltr'><strong>exemplum</strong></span> 
     </span>
     <span class='ocr_line' id='line_1_9' title="bbox 444 1139 3047 1222; baseline 0 -20"><span class='ocrx_word' id='word_1_88' title='bbox 444 1147 600 1203; x_wconf 87' lang='lat' dir='ltr'><strong>enim</strong></span> <span class='ocrx_word' id='word_1_89' title='bbox 646 1145 897 1205; x_wconf 86' lang='lat' dir='ltr'><strong>allatum</strong></span> <span class='ocrx_word' id='word_1_90' title='bbox 943 1144 1299 1204; x_wconf 86' lang='lat' dir='ltr'><strong>antecedunt</strong></span> <span class='ocrx_word' id='word_1_91' title='bbox 1331 1143 1514 1204; x_wconf 84' lang='lat' dir='ltr'><strong>verba</strong></span> <span class='ocrx_word' id='word_1_92' title='bbox 1559 1142 1659 1204; x_wconf 86' lang='grc' dir='ltr'><strong>καὶ</strong></span> <span class='ocrx_word' id='word_1_93' title='bbox 1708 1139 1810 1205; x_wconf 83' lang='grc' dir='ltr'><strong>ἐπὶ</strong></span> <span class='ocrx_word' id='word_1_94' title='bbox 1857 1144 2203 1218; x_wconf 74' lang='grc' dir='ltr'>παθητικῆς</span> <span class='ocrx_word' id='word_1_95' title='bbox 2249 1140 2602 1217; x_wconf 86' lang='grc' dir='ltr'>διαθέςεως,</span> <span class='ocrx_word' id='word_1_96' title='bbox 2648 1144 2864 1222; x_wconf 89' lang='lat' dir='ltr'><strong>quibus</strong></span> <span class='ocrx_word' id='word_1_97' title='bbox 2900 1146 3047 1204; x_wconf 89' lang='lat' dir='ltr'><strong>satis</strong></span> 
     </span>
     <span class='ocr_line' id='line_1_10' title="bbox 441 1232 3055 1314; baseline 0 -22"><span class='ocrx_word' id='word_1_98' title='bbox 441 1234 739 1294; x_wconf 81' lang='lat' dir='ltr'><strong>indicatur</strong></span> <span class='ocrx_word' id='word_1_99' title='bbox 776 1254 895 1311; x_wconf 89' lang='lat' dir='ltr'><strong>qua</strong></span> <span class='ocrx_word' id='word_1_100' title='bbox 929 1235 1000 1293; x_wconf 92' lang='lat' dir='ltr'><strong>de</strong></span> <span class='ocrx_word' id='word_1_101' title='bbox 1048 1253 1226 1294; x_wconf 87' lang='lat' dir='ltr'><strong>causa</strong></span> <span class='ocrx_word' id='word_1_102' title='bbox 1269 1235 1380 1293; x_wconf 88' lang='lat' dir='ltr'><strong>hoc</strong></span> <span class='ocrx_word' id='word_1_103' title='bbox 1424 1236 1754 1311; x_wconf 84' lang='lat' dir='ltr'><strong>exemplum</strong></span> <span class='ocrx_word' id='word_1_104' title='bbox 1802 1235 2027 1294; x_wconf 85' lang='lat' dir='ltr'><strong>afferat.</strong></span> <span class='ocrx_word' id='word_1_105' title='bbox 2103 1232 2344 1311; x_wconf 88' lang='lat' dir='ltr'><strong>Optimo</strong></span> <span class='ocrx_word' id='word_1_106' title='bbox 2380 1235 2570 1314; x_wconf 82' lang='lat' dir='ltr'><strong>igitur</strong></span> <span class='ocrx_word' id='word_1_107' title='bbox 2612 1236 2741 1294; x_wconf 89' lang='lat' dir='ltr'><strong>iure</strong></span> <span class='ocrx_word' id='word_1_108' title='bbox 2776 1233 3055 1313; x_wconf 80' lang='lat' dir='ltr'><strong>Egenolff</strong></span> 
     </span>
     <span class='ocr_line' id='line_1_11' title="bbox 441 1322 3046 1402; baseline 0 -21"><span class='ocrx_word' id='word_1_109' title='bbox 441 1322 529 1381; x_wconf 81' lang='lat' dir='ltr'><strong>lv</strong></span> <span class='ocrx_word' id='word_1_110' title='bbox 573 1326 654 1382; x_wconf 85' lang='lat'><strong>47</strong></span> <span class='ocrx_word' id='word_1_111' title='bbox 704 1325 1016 1401; x_wconf 86' lang='lat' dir='ltr'><strong>profitetur</strong></span> <span class='ocrx_word' id='word_1_112' title='bbox 1059 1342 1120 1384; x_wconf 90' lang='lat' dir='ltr'><strong>se</strong></span> <span class='ocrx_word' id='word_1_113' title='bbox 1168 1326 1425 1398; x_wconf 76' lang='lat' dir='ltr'><strong>omnint),</strong></span> <span class='ocrx_word' id='word_1_114' title='bbox 1470 1343 1574 1384; x_wconf 88' lang='lat' dir='ltr'><strong>cur</strong></span> <span class='ocrx_word' id='word_1_115' title='bbox 1619 1325 1953 1402; x_wconf 87' lang='lat' dir='ltr'><strong>exemplum</strong></span> <span class='ocrx_word' id='word_1_116' title='bbox 1997 1323 2148 1383; x_wconf 92' lang='lat' dir='ltr'><strong>illud</strong></span> <span class='ocrx_word' id='word_1_117' title='bbox 2193 1323 2479 1399; x_wconf 78' lang='lat' dir='ltr'><strong>deleatur,</strong></span> <span class='ocrx_word' id='word_1_118' title='bbox 2522 1343 2641 1383; x_wconf 90' lang='lat' dir='ltr'><strong>non</strong></span> <span class='ocrx_word' id='word_1_119' title='bbox 2686 1323 3046 1402; x_wconf 83' lang='lat' dir='ltr'><strong>intellegere.</strong></span> 
     </span>
    </p>

    <p class='ocr_par' dir='ltr' id='par_1_3' title="bbox 442 1406 3052 3727">
     <span class='ocr_line' id='line_1_12' title="bbox 623 1406 3048 1490; baseline 0.001 -19"><span class='ocrx_word' id='word_1_120' title='bbox 623 1411 739 1472; x_wconf 85' lang='lat' dir='ltr'><strong>Sed</strong></span> <span class='ocrx_word' id='word_1_121' title='bbox 782 1414 845 1473; x_wconf 90' lang='lat' dir='ltr'><strong>in</strong></span> <span class='ocrx_word' id='word_1_122' title='bbox 893 1416 976 1474; x_wconf 89' lang='lat' dir='ltr'><strong>eis</strong></span> <span class='ocrx_word' id='word_1_123' title='bbox 1023 1433 1173 1489; x_wconf 90' lang='lat' dir='ltr'><strong>quae</strong></span> <span class='ocrx_word' id='word_1_124' title='bbox 1227 1416 1557 1490; x_wconf 89' lang='lat' dir='ltr'><strong>sequuntur</strong></span> <span class='ocrx_word' id='word_1_125' title='bbox 1600 1433 1807 1473; x_wconf 83' lang='lat' dir='ltr'><strong>verum</strong></span> <span class='ocrx_word' id='word_1_126' title='bbox 1860 1413 2014 1474; x_wconf 87' lang='lat' dir='ltr'><strong>vidit</strong></span> <span class='ocrx_word' id='word_1_127' title='bbox 2065 1413 2352 1473; x_wconf 81' lang='lat' dir='ltr'><strong>Matthias</strong></span> <span class='ocrx_word' id='word_1_128' title='bbox 2402 1415 2547 1489; x_wconf 80' lang='lat'><strong>120,</strong></span> <span class='ocrx_word' id='word_1_129' title='bbox 2570 1417 2601 1473; x_wconf 94' lang='lat'>1</span> <span class='ocrx_word' id='word_1_130' title='bbox 2653 1408 2749 1473; x_wconf 83' lang='grc' dir='ltr'><strong>Τὰ</strong></span> <span class='ocrx_word' id='word_1_131' title='bbox 2795 1410 2872 1486; x_wconf 80' lang='grc' dir='ltr'><strong>δὴ</strong></span> <span class='ocrx_word' id='word_1_132' title='bbox 2928 1406 3048 1473; x_wconf 83' lang='grc' dir='ltr'><strong>οὖν</strong></span> 
     </span>
     <span class='ocr_line' id='line_1_13' title="bbox 449 1497 3045 1578; baseline 0 -16"><span class='ocrx_word' id='word_1_133' title='bbox 449 1500 732 1563; x_wconf 89' lang='grc' dir='ltr'>πτωτικὰ</span> <span class='ocrx_word' id='word_1_134' title='bbox 777 1501 893 1578; x_wconf 88' lang='grc' dir='ltr'>τὴν</span> <span class='ocrx_word' id='word_1_135' title='bbox 939 1499 1241 1577; x_wconf 84' lang='grc' dir='ltr'>τοιαύτην</span> <span class='ocrx_word' id='word_1_136' title='bbox 1279 1498 1569 1565; x_wconf 78' lang='grc' dir='ltr'>ςύνταξιν</span> <span class='ocrx_word' id='word_1_137' title='bbox 1615 1500 1778 1577; x_wconf 86' lang='grc' dir='ltr'>πρὸς</span> <span class='ocrx_word' id='word_1_138' title='bbox 1823 1498 1905 1562; x_wconf 84' lang='grc' dir='ltr'>τὰ</span> <span class='ocrx_word' id='word_1_139' title='bbox 1945 1497 2235 1577; x_wconf 87' lang='grc' dir='ltr'>ὀνόματα</span> <span class='ocrx_word' id='word_1_140' title='bbox 2279 1498 2360 1576; x_wconf 88' lang='grc' dir='ltr'><strong>μὴ</strong></span> <span class='ocrx_word' id='word_1_141' title='bbox 2409 1498 2864 1577; x_wconf 87' lang='grc' dir='ltr'>ἀναδεξάμενα,</span> <span class='ocrx_word' id='word_1_142' title='bbox 2913 1497 3045 1562; x_wconf 82' lang='grc' dir='ltr'>ἑπι-</span> 
     </span>
     <span class='ocr_line' id='line_1_14' title="bbox 450 1586 3048 1669; baseline 0 -18"><span class='ocrx_word' id='word_1_143' title='bbox 450 1587 706 1665; x_wconf 88' lang='grc' dir='ltr'>κείμενα</span> <span class='ocrx_word' id='word_1_144' title='bbox 750 1590 821 1652; x_wconf 83' lang='grc' dir='ltr'><strong>δὲ</strong></span> <span class='ocrx_word' id='word_1_145' title='bbox 877 1593 1011 1653; x_wconf 83' lang='grc' dir='ltr'>τοῖς</span> <span class='ocrx_word' id='word_1_146' title='bbox 1067 1587 1345 1667; x_wconf 84' lang='grc' dir='ltr'>ῥήμαςιν,</span> <span class='ocrx_word' id='word_1_147' title='bbox 1404 1587 1567 1667; x_wconf 88' lang='grc' dir='ltr'>ἅπερ</span> <span class='ocrx_word' id='word_1_148' title='bbox 1614 1610 1664 1652; x_wconf 94' lang='grc' dir='ltr'><strong>κ.</strong></span> <span class='ocrx_word' id='word_1_149' title='bbox 1694 1610 1729 1651; x_wconf 90' lang='grc' dir='ltr'>τ</span> <span class='ocrx_word' id='word_1_150' title='bbox 1759 1591 1811 1652; x_wconf 88' lang='grc' dir='ltr'><strong>λ.</strong></span> <span class='ocrx_word' id='word_1_151' title='bbox 1905 1586 2014 1652; x_wconf 79' lang='lat' dir='ltr'><strong>‘At</strong></span> <span class='ocrx_word' id='word_1_152' title='bbox 2059 1611 2352 1669; x_wconf 80' lang='lat' dir='ltr'><strong>quaenam</strong></span> <span class='ocrx_word' id='word_1_153' title='bbox 2397 1588 2657 1666; x_wconf 86' lang='grc' dir='ltr'>τοιαύτη</span> <span class='ocrx_word' id='word_1_154' title='bbox 2713 1591 3048 1652; x_wconf 86' lang='grc' dir='ltr'>πτωτικῶν</span> 
     </span>
     <span class='ocr_line' id='line_1_15' title="bbox 445 1677 3050 1756; baseline 0 -16"><span class='ocrx_word' id='word_1_155' title='bbox 445 1678 607 1755; x_wconf 83' lang='grc' dir='ltr'>πρὸς</span> <span class='ocrx_word' id='word_1_156' title='bbox 672 1678 751 1741; x_wconf 86' lang='grc' dir='ltr'>τὰ</span> <span class='ocrx_word' id='word_1_157' title='bbox 815 1677 1104 1756; x_wconf 88' lang='grc' dir='ltr'>ὀνόματα</span> <span class='ocrx_word' id='word_1_158' title='bbox 1168 1677 1450 1743; x_wconf 84' lang='grc' dir='ltr'>ςύνταξις</span> <span class='ocrx_word' id='word_1_159' title='bbox 1513 1685 1577 1741; x_wconf 90' lang='lat' dir='ltr'><strong>in</strong></span> <span class='ocrx_word' id='word_1_160' title='bbox 1641 1681 2120 1742; x_wconf 79' lang='lat' dir='ltr'><strong>antecedentibus</strong></span> <span class='ocrx_word' id='word_1_161' title='bbox 2183 1680 2714 1742; x_wconf 80' lang='lat' dir='ltr'><strong>commemoratur?</strong></span> <span class='ocrx_word' id='word_1_162' title='bbox 2802 1681 3050 1740; x_wconf 85' lang='lat' dir='ltr'><strong>Nullam</strong></span> 
     </span>
     <span class='ocr_line' id='line_1_16' title="bbox 446 1770 3047 1850; baseline 0.001 -22"><span class='ocrx_word' id='word_1_163' title='bbox 446 1770 717 1848; x_wconf 88' lang='lat' dir='ltr'><strong>equidem</strong></span> <span class='ocrx_word' id='word_1_164' title='bbox 765 1771 963 1847; x_wconf 87' lang='lat' dir='ltr'><strong>video;</strong></span> <span class='ocrx_word' id='word_1_165' title='bbox 1008 1772 1211 1847; x_wconf 89' lang='lat' dir='ltr'><strong>itaque</strong></span> <span class='ocrx_word' id='word_1_166' title='bbox 1257 1773 1403 1848; x_wconf 89' lang='lat' dir='ltr'><strong>puto</strong></span> <span class='ocrx_word' id='word_1_167' title='bbox 1445 1773 1530 1832; x_wconf 88' lang='lat' dir='ltr'><strong>sic</strong></span> <span class='ocrx_word' id='word_1_168' title='bbox 1574 1771 2002 1831; x_wconf 85' lang='lat' dir='ltr'><strong>restituendam</strong></span> <span class='ocrx_word' id='word_1_169' title='bbox 2046 1789 2171 1831; x_wconf 88' lang='lat' dir='ltr'><strong>esse</strong></span> <span class='ocrx_word' id='word_1_170' title='bbox 2217 1773 2533 1850; x_wconf 84' lang='lat' dir='ltr'><strong>genuinam</strong></span> <span class='ocrx_word' id='word_1_171' title='bbox 2567 1770 2874 1848; x_wconf 87' lang='lat' dir='ltr'><strong>Apollonii</strong></span> <span class='ocrx_word' id='word_1_172' title='bbox 2919 1788 3047 1830; x_wconf 87' lang='lat' dir='ltr'><strong>sen-</strong></span> 
     </span>
     <span class='ocr_line' id='line_1_17' title="bbox 445 1854 3050 1936; baseline 0 -17"><span class='ocrx_word' id='word_1_173' title='bbox 445 1860 722 1919; x_wconf 86' lang='lat' dir='ltr'><strong>tentiam:</strong></span> <span class='ocrx_word' id='word_1_174' title='bbox 779 1854 884 1920; x_wconf 60' lang='grc' dir='ltr'><strong>ετιίι</strong></span> <span class='ocrx_word' id='word_1_175' title='bbox 930 1858 1007 1933; x_wconf 87' lang='grc' dir='ltr'><strong>δὴ</strong></span> <span class='ocrx_word' id='word_1_176' title='bbox 1057 1855 1176 1921; x_wconf 85' lang='grc' dir='ltr'><strong>οὖν</strong></span> <span class='ocrx_word' id='word_1_177' title='bbox 1223 1856 1530 1932; x_wconf 85' lang='grc' dir='ltr'>πτωτικὰ,</span> <span class='ocrx_word' id='word_1_178' title='bbox 1575 1858 1693 1935; x_wconf 89' lang='grc' dir='ltr'>τὴν</span> <span class='ocrx_word' id='word_1_179' title='bbox 1739 1856 2043 1934; x_wconf 87' lang='grc' dir='ltr'>τοιαύτην</span> <span class='ocrx_word' id='word_1_180' title='bbox 2089 1856 2378 1922; x_wconf 84' lang='grc' dir='ltr'>ςύνταξιν</span> <span class='ocrx_word' id='word_1_181' title='bbox 2424 1856 2586 1935; x_wconf 86' lang='grc' dir='ltr'>πρὸς</span> <span class='ocrx_word' id='word_1_182' title='bbox 2631 1855 2712 1921; x_wconf 87' lang='grc' dir='ltr'>τὰ</span> <span class='ocrx_word' id='word_1_183' title='bbox 2758 1856 3050 1936; x_wconf 80' lang='grc' dir='ltr'>ῥήματα</span> 
     </span>
     <span class='ocr_line' id='line_1_18' title="bbox 446 1944 3049 2027; baseline 0.001 -18"><span class='ocrx_word' id='word_1_184' title='bbox 446 1947 527 2023; x_wconf 89' lang='grc' dir='ltr'><strong>μὴ</strong></span> <span class='ocrx_word' id='word_1_185' title='bbox 576 1944 1057 2024; x_wconf 83' lang='grc' dir='ltr'>ἀναδεξάμενα.’</span> <span class='ocrx_word' id='word_1_186' title='bbox 1146 1950 1258 2010; x_wconf 85' lang='lat' dir='ltr'><strong>Est</strong></span> <span class='ocrx_word' id='word_1_187' title='bbox 1303 1953 1501 2010; x_wconf 91' lang='lat' dir='ltr'><strong>autem</strong></span> <span class='ocrx_word' id='word_1_188' title='bbox 1548 1952 1843 2011; x_wconf 88' lang='lat' dir='ltr'><strong>sententia</strong></span> <span class='ocrx_word' id='word_1_189' title='bbox 1887 1951 2056 2009; x_wconf 87' lang='lat' dir='ltr'><strong>haec:</strong></span> <span class='ocrx_word' id='word_1_190' title='bbox 2084 1954 2089 1961; x_wconf 82' lang='lat'><em>&#39;</em></span> <span class='ocrx_word' id='word_1_191' title='bbox 2118 1944 2447 2025; x_wconf 77' lang='lat' dir='ltr'><strong>“casualia,</strong></span> <span class='ocrx_word' id='word_1_192' title='bbox 2493 1968 2644 2026; x_wconf 91' lang='lat' dir='ltr'><strong>quae</strong></span> <span class='ocrx_word' id='word_1_193' title='bbox 2690 1969 2852 2026; x_wconf 91' lang='lat' dir='ltr'><strong>eam,</strong></span> <span class='ocrx_word' id='word_1_194' title='bbox 2898 1969 3049 2027; x_wconf 88' lang='lat' dir='ltr'><strong>quae</strong></span> 
     </span>
     <span class='ocr_line' id='line_1_19' title="bbox 446 2039 3049 2117; baseline 0 -20"><span class='ocrx_word' id='word_1_195' title='bbox 446 2041 623 2098; x_wconf 88' lang='lat' dir='ltr'><strong>antea</strong></span> <span class='ocrx_word' id='word_1_196' title='bbox 667 2043 1185 2114; x_wconf 78' lang='lat' dir='ltr'><strong>commemoratur,</strong></span> <span class='ocrx_word' id='word_1_197' title='bbox 1231 2059 1365 2099; x_wconf 91' lang='lat' dir='ltr'><strong>cum</strong></span> <span class='ocrx_word' id='word_1_198' title='bbox 1409 2040 1589 2100; x_wconf 87' lang='lat' dir='ltr'><strong>verbo</strong></span> <span class='ocrx_word' id='word_1_199' title='bbox 1635 2042 2157 2117; x_wconf 87' lang='lat' dir='ltr'><strong>constructionem,</strong></span> <span class='ocrx_word' id='word_1_200' title='bbox 2200 2042 2236 2099; x_wconf 92' lang='lat' dir='ltr'><strong>i.</strong></span> <span class='ocrx_word' id='word_1_201' title='bbox 2277 2059 2324 2099; x_wconf 93' lang='lat' dir='ltr'><strong>e.</strong></span> <span class='ocrx_word' id='word_1_202' title='bbox 2371 2059 2529 2114; x_wconf 90' lang='lat' dir='ltr'><strong>eam,</strong></span> <span class='ocrx_word' id='word_1_203' title='bbox 2575 2058 2727 2116; x_wconf 89' lang='lat' dir='ltr'><strong>quae</strong></span> <span class='ocrx_word' id='word_1_204' title='bbox 2773 2039 3049 2099; x_wconf 87' lang='lat' dir='ltr'><strong>affectum</strong></span> 
     </span>
     <span class='ocr_line' id='line_1_20' title="bbox 442 2129 3050 2207; baseline 0 -21"><span class='ocrx_word' id='word_1_205' title='bbox 442 2130 506 2186; x_wconf 92' lang='lat' dir='ltr'><strong>in</strong></span> <span class='ocrx_word' id='word_1_206' title='bbox 550 2130 697 2205; x_wconf 88' lang='lat' dir='ltr'><strong>ipsis</strong></span> <span class='ocrx_word' id='word_1_207' title='bbox 744 2129 1077 2188; x_wconf 81' lang='lat' dir='ltr'><strong>casualibus</strong></span> <span class='ocrx_word' id='word_1_208' title='bbox 1132 2149 1240 2206; x_wconf 89' lang='lat' dir='ltr'><strong>per</strong></span> <span class='ocrx_word' id='word_1_209' title='bbox 1282 2129 1503 2192; x_wconf 82' lang='lat' dir='ltr'><strong>‚horum</strong></span> <span class='ocrx_word' id='word_1_210' title='bbox 1555 2131 1819 2206; x_wconf 86' lang='lat' dir='ltr'><strong>ipsorum</strong></span> <span class='ocrx_word' id='word_1_211' title='bbox 1873 2130 2184 2189; x_wconf 81' lang='lat' dir='ltr'><strong>flexionem</strong></span> <span class='ocrx_word' id='word_1_212' title='bbox 2238 2148 2576 2207; x_wconf 83' lang='lat' dir='ltr'><strong>expressum</strong></span> <span class='ocrx_word' id='word_1_213' title='bbox 2631 2129 2877 2205; x_wconf 84' lang='lat' dir='ltr'><strong>efficiat,</strong></span> <span class='ocrx_word' id='word_1_214' title='bbox 2931 2149 3050 2189; x_wconf 93' lang='lat' dir='ltr'><strong>non</strong></span> 
     </span>
     <span class='ocr_line' id='line_1_21' title="bbox 446 2216 3049 2295; baseline 0.001 -20"><span class='ocrx_word' id='word_1_215' title='bbox 446 2217 771 2294; x_wconf 88' lang='lat' dir='ltr'><strong>accipiunt,</strong></span> <span class='ocrx_word' id='word_1_216' title='bbox 835 2217 938 2278; x_wconf 88' lang='lat' dir='ltr'><strong>sed</strong></span> <span class='ocrx_word' id='word_1_217' title='bbox 992 2221 1231 2278; x_wconf 89' lang='lat' dir='ltr'><strong>tantum</strong></span> <span class='ocrx_word' id='word_1_218' title='bbox 1286 2218 1491 2279; x_wconf 90' lang='lat' dir='ltr'><strong>eodem</strong></span> <span class='ocrx_word' id='word_1_219' title='bbox 1544 2219 1747 2293; x_wconf 89' lang='lat' dir='ltr'><strong>mod0,</strong></span> <span class='ocrx_word' id='word_1_220' title='bbox 1811 2238 1929 2295; x_wconf 90' lang='lat' dir='ltr'><strong>quo</strong></span> <span class='ocrx_word' id='word_1_221' title='bbox 1988 2218 2350 2279; x_wconf 85' lang='lat' dir='ltr'><strong>adiectivum</strong></span> <span class='ocrx_word' id='word_1_222' title='bbox 2408 2216 2808 2293; x_wconf 83' lang='lat' dir='ltr'><strong>substantivo,</strong></span> <span class='ocrx_word' id='word_1_223' title='bbox 2869 2217 3049 2278; x_wconf 90' lang='lat' dir='ltr'><strong>verbo</strong></span> 
     </span>
     <span class='ocr_line' id='line_1_22' title="bbox 447 2302 3050 2384; baseline 0.001 -19"><span class='ocrx_word' id='word_1_224' title='bbox 447 2305 678 2366; x_wconf 87' lang='lat' dir='ltr'><strong>adiecta</strong></span> <span class='ocrx_word' id='word_1_225' title='bbox 734 2311 900 2381; x_wconf 90' lang='lat' dir='ltr'><strong>sunt,</strong></span> <span class='ocrx_word' id='word_1_226' title='bbox 955 2327 1024 2366; x_wconf 89' lang='lat' dir='ltr'><strong>ea</strong></span> <span class='ocrx_word' id='word_1_227' title='bbox 1079 2326 1187 2384; x_wconf 90' lang='lat' dir='ltr'><strong>pro</strong></span> <span class='ocrx_word' id='word_1_228' title='bbox 1243 2307 1538 2368; x_wconf 86' lang='lat' dir='ltr'><strong>adverbiis</strong></span> <span class='ocrx_word' id='word_1_229' title='bbox 1594 2302 1951 2368; x_wconf 87' lang='lat' dir='ltr'><strong>habentur.&#39;&#39;</strong></span> <span class='ocrx_word' id='word_1_230' title='bbox 2041 2307 2216 2366; x_wconf 89' lang='lat' dir='ltr'><strong>Illam</strong></span> <span class='ocrx_word' id='word_1_231' title='bbox 2276 2308 2433 2367; x_wconf 91' lang='lat' dir='ltr'><strong>enim</strong></span> <span class='ocrx_word' id='word_1_232' title='bbox 2476 2307 2642 2369; x_wconf 87' lang='lat' dir='ltr'><strong>verbi</strong></span> <span class='ocrx_word' id='word_1_233' title='bbox 2690 2302 3050 2382; x_wconf 82' lang='grc' dir='ltr'>ἐπικείμενα</span> 
     </span>
     <span class='ocr_line' id='line_1_23' title="bbox 446 2391 3050 2476; baseline 0.001 -20"><span class='ocrx_word' id='word_1_234' title='bbox 446 2395 938 2475; x_wconf 84' lang='lat' dir='ltr'><strong>significationem</strong></span> <span class='ocrx_word' id='word_1_235' title='bbox 994 2415 1119 2456; x_wconf 87' lang='lat' dir='ltr'><strong>esse</strong></span> <span class='ocrx_word' id='word_1_236' title='bbox 1173 2397 1544 2476; x_wconf 86' lang='lat' dir='ltr'><strong>intellegitur</strong></span> <span class='ocrx_word' id='word_1_237' title='bbox 1589 2417 1620 2456; x_wconf 91' lang='lat' dir='ltr'><strong>e</strong></span> <span class='ocrx_word' id='word_1_238' title='bbox 1675 2401 1829 2474; x_wconf 80' lang='lat' dir='ltr'><strong>synt.</strong></span> <span class='ocrx_word' id='word_1_239' title='bbox 1883 2399 1985 2473; x_wconf 84' lang='lat'><strong>18,</strong></span> <span class='ocrx_word' id='word_1_240' title='bbox 2007 2400 2042 2457; x_wconf 91' lang='grc'><strong>6</strong></span> <span class='ocrx_word' id='word_1_241' title='bbox 2100 2393 2177 2458; x_wconf 89' lang='grc' dir='ltr'>τὸ</span> <span class='ocrx_word' id='word_1_242' title='bbox 2225 2392 2539 2473; x_wconf 82' lang='grc' dir='ltr'>ἐπίρρημά</span> <span class='ocrx_word' id='word_1_243' title='bbox 2583 2392 2709 2457; x_wconf 82' lang='grc' dir='ltr'>ἑςτι</span> <span class='ocrx_word' id='word_1_244' title='bbox 2769 2391 3050 2472; x_wconf 83' lang='grc' dir='ltr'>ῥήματος</span> 
     </span>
     <span class='ocr_line' id='line_1_24' title="bbox 444 2480 3050 2563; baseline 0 -18"><span class='ocrx_word' id='word_1_245' title='bbox 444 2480 757 2559; x_wconf 82' lang='grc' dir='ltr'>ἑπιθετικὴ</span> <span class='ocrx_word' id='word_1_246' title='bbox 818 2482 1104 2547; x_wconf 81' lang='grc' dir='ltr'>ςύνταξις</span> <span class='ocrx_word' id='word_1_247' title='bbox 1167 2486 1299 2546; x_wconf 91' lang='lat' dir='ltr'><strong>coll.</strong></span> <span class='ocrx_word' id='word_1_248' title='bbox 1356 2486 1537 2546; x_wconf 86' lang='lat' dir='ltr'><strong>Prisc.</strong></span> <span class='ocrx_word' id='word_1_249' title='bbox 1584 2486 1757 2546; x_wconf 88' lang='lat' dir='ltr'><strong>XVII</strong></span> <span class='ocrx_word' id='word_1_250' title='bbox 1804 2490 1883 2547; x_wconf 84' lang='lat'><strong>21</strong></span> <span class='ocrx_word' id='word_1_251' title='bbox 1944 2481 2337 2547; x_wconf 79' lang='lat' dir='ltr'><strong>“adverbium</strong></span> <span class='ocrx_word' id='word_1_252' title='bbox 2397 2487 2552 2563; x_wconf 89' lang='lat' dir='ltr'><strong>quod</strong></span> <span class='ocrx_word' id='word_1_253' title='bbox 2611 2486 2777 2545; x_wconf 88' lang='lat' dir='ltr'><strong>verbi</strong></span> <span class='ocrx_word' id='word_1_254' title='bbox 2840 2489 2931 2546; x_wconf 88' lang='lat' dir='ltr'><strong>est</strong></span> <span class='ocrx_word' id='word_1_255' title='bbox 2987 2487 3050 2546; x_wconf 90' lang='lat' dir='ltr'><strong>vi</strong></span> 
     </span>
     <span class='ocr_line' id='line_1_25' title="bbox 445 2569 3050 2654; baseline 0.001 -21"><span class='ocrx_word' id='word_1_256' title='bbox 445 2569 890 2634; x_wconf 78' lang='lat' dir='ltr'><strong>adjectivum&#39;&#39;.&#39;</strong></span> <span class='ocrx_word' id='word_1_257' title='bbox 999 2575 1164 2635; x_wconf 90' lang='lat' dir='ltr'><strong>Haec</strong></span> <span class='ocrx_word' id='word_1_258' title='bbox 1224 2576 1413 2653; x_wconf 92' lang='lat' dir='ltr'><strong>probo</strong></span> <span class='ocrx_word' id='word_1_259' title='bbox 1477 2595 1610 2636; x_wconf 89' lang='lat' dir='ltr'><strong>cum</strong></span> <span class='ocrx_word' id='word_1_260' title='bbox 1673 2576 2006 2654; x_wconf 77' lang='lat' dir='ltr'><strong>Egenolffio</strong></span> <span class='ocrx_word' id='word_1_261' title='bbox 2061 2576 2149 2635; x_wconf 89' lang='lat' dir='ltr'><strong>IV</strong></span> <span class='ocrx_word' id='word_1_262' title='bbox 2200 2579 2301 2636; x_wconf 83' lang='lat'><strong>47.</strong></span> <span class='ocrx_word' id='word_1_263' title='bbox 2411 2577 2630 2636; x_wconf 86' lang='lat' dir='ltr'><strong>Mirum</strong></span> <span class='ocrx_word' id='word_1_264' title='bbox 2693 2579 2894 2636; x_wconf 88' lang='lat' dir='ltr'><strong>autem</strong></span> <span class='ocrx_word' id='word_1_265' title='bbox 2959 2579 3050 2636; x_wconf 89' lang='lat' dir='ltr'><strong>est</strong></span> 
     </span>
     <span class='ocr_line' id='line_1_26' title="bbox 442 2664 3050 2744; baseline 0 -21"><span class='ocrx_word' id='word_1_266' title='bbox 442 2664 783 2737; x_wconf 87' lang='lat' dir='ltr'><strong>Matthiam,</strong></span> <span class='ocrx_word' id='word_1_267' title='bbox 843 2667 1160 2741; x_wconf 85' lang='lat' dir='ltr'><strong>postquam</strong></span> <span class='ocrx_word' id='word_1_268' title='bbox 1220 2685 1292 2725; x_wconf 89' lang='lat' dir='ltr'><strong>ea</strong></span> <span class='ocrx_word' id='word_1_269' title='bbox 1346 2684 1500 2744; x_wconf 89' lang='lat' dir='ltr'><strong>quae</strong></span> <span class='ocrx_word' id='word_1_270' title='bbox 1543 2666 1845 2742; x_wconf 88' lang='lat' dir='ltr'><strong>hucusque</strong></span> <span class='ocrx_word' id='word_1_271' title='bbox 1891 2666 2250 2742; x_wconf 85' lang='lat' dir='ltr'><strong>disputavit,</strong></span> <span class='ocrx_word' id='word_1_272' title='bbox 2308 2665 2770 2726; x_wconf 86' lang='lat' dir='ltr'><strong>luculentissime</strong></span> <span class='ocrx_word' id='word_1_273' title='bbox 2823 2666 3050 2725; x_wconf 88' lang='lat' dir='ltr'><strong>firmari</strong></span> 
     </span>
     <span class='ocr_line' id='line_1_27' title="bbox 446 2748 3051 2837; baseline 0.001 -24"><span class='ocrx_word' id='word_1_274' title='bbox 446 2753 597 2813; x_wconf 84' lang='lat' dir='ltr'><strong>dixit</strong></span> <span class='ocrx_word' id='word_1_275' title='bbox 659 2754 854 2815; x_wconf 83' lang='lat' dir='ltr'><strong>verbis</strong></span> <span class='ocrx_word' id='word_1_276' title='bbox 918 2774 1070 2832; x_wconf 90' lang='lat' dir='ltr'><strong>quae</strong></span> <span class='ocrx_word' id='word_1_277' title='bbox 1140 2756 1285 2831; x_wconf 83' lang='lat'><strong>120,</strong></span> <span class='ocrx_word' id='word_1_278' title='bbox 1308 2757 1344 2815; x_wconf 83' lang='lat'>2</span> <span class='ocrx_word' id='word_1_279' title='bbox 1409 2756 1692 2835; x_wconf 84' lang='lat' dir='ltr'><strong>leguntur</strong></span> <span class='ocrx_word' id='word_1_280' title='bbox 1745 2749 1909 2832; x_wconf 88' lang='grc' dir='ltr'>ἅπερ</span> <span class='ocrx_word' id='word_1_281' title='bbox 1965 2749 2119 2837; x_wconf 87' lang='lat' dir='ltr'><strong>(scil.</strong></span> <span class='ocrx_word' id='word_1_282' title='bbox 2167 2751 2246 2816; x_wconf 88' lang='grc' dir='ltr'>τὰ</span> <span class='ocrx_word' id='word_1_283' title='bbox 2301 2748 2579 2837; x_wconf 82' lang='grc' dir='ltr'>ῥήματα)</span> <span class='ocrx_word' id='word_1_284' title='bbox 2634 2752 2797 2829; x_wconf 86' lang='grc' dir='ltr'>πρὸς</span> <span class='ocrx_word' id='word_1_285' title='bbox 2862 2749 3051 2830; x_wconf 85' lang='grc' dir='ltr'>ἕτερα</span> 
     </span>
     <span class='ocr_line' id='line_1_28' title="bbox 447 2840 3050 2922; baseline 0.001 -19"><span class='ocrx_word' id='word_1_286' title='bbox 447 2840 731 2904; x_wconf 88' lang='grc' dir='ltr'>πτωτικὰ</span> <span class='ocrx_word' id='word_1_287' title='bbox 784 2841 901 2918; x_wconf 89' lang='grc' dir='ltr'>τὴν</span> <span class='ocrx_word' id='word_1_288' title='bbox 957 2840 1260 2919; x_wconf 87' lang='grc' dir='ltr'>τοιαύτην</span> <span class='ocrx_word' id='word_1_289' title='bbox 1314 2840 1605 2906; x_wconf 83' lang='grc' dir='ltr'>ςύνταξιν</span> <span class='ocrx_word' id='word_1_290' title='bbox 1660 2842 2023 2917; x_wconf 84' lang='grc' dir='ltr'>ἐποιοῦντο,</span> <span class='ocrx_word' id='word_1_291' title='bbox 2077 2846 2223 2905; x_wconf 88' lang='lat' dir='ltr'><strong>haec</strong></span> <span class='ocrx_word' id='word_1_292' title='bbox 2275 2847 2409 2922; x_wconf 88' lang='lat' dir='ltr'><strong>ipsa</strong></span> <span class='ocrx_word' id='word_1_293' title='bbox 2453 2845 2635 2905; x_wconf 79' lang='lat' dir='ltr'><strong>verba</strong></span> <span class='ocrx_word' id='word_1_294' title='bbox 2679 2864 2788 2922; x_wconf 90' lang='lat' dir='ltr'><strong>pro</strong></span> <span class='ocrx_word' id='word_1_295' title='bbox 2833 2846 3050 2921; x_wconf 88' lang='lat' dir='ltr'><strong>spuriis</strong></span> 
     </span>
     <span class='ocr_line' id='line_1_29' title="bbox 443 2932 3052 3011; baseline 0.001 -20"><span class='ocrx_word' id='word_1_296' title='bbox 443 2932 685 3008; x_wconf 83' lang='lat' dir='ltr'><strong>habere,</strong></span> <span class='ocrx_word' id='word_1_297' title='bbox 746 2934 903 3009; x_wconf 91' lang='lat' dir='ltr'><strong>quod</strong></span> <span class='ocrx_word' id='word_1_298' title='bbox 956 2952 1196 3010; x_wconf 82' lang='lat' dir='ltr'><strong>prorsus</strong></span> <span class='ocrx_word' id='word_1_299' title='bbox 1251 2952 1689 3011; x_wconf 86' lang='lat' dir='ltr'><strong>supervacanea</strong></span> <span class='ocrx_word' id='word_1_300' title='bbox 1748 2935 1893 3011; x_wconf 86' lang='lat' dir='ltr'><strong>sint,</strong></span> <span class='ocrx_word' id='word_1_301' title='bbox 1960 2937 2103 3011; x_wconf 88' lang='lat' dir='ltr'><strong>quia</strong></span> <span class='ocrx_word' id='word_1_302' title='bbox 2150 2935 2261 3011; x_wconf 87' lang='lat' dir='ltr'><strong>Ap.</strong></span> <span class='ocrx_word' id='word_1_303' title='bbox 2317 2953 2437 2995; x_wconf 92' lang='lat' dir='ltr'><strong>non</strong></span> <span class='ocrx_word' id='word_1_304' title='bbox 2492 2935 2614 2994; x_wconf 85' lang='lat' dir='ltr'><strong>alia</strong></span> <span class='ocrx_word' id='word_1_305' title='bbox 2667 2935 2929 2994; x_wconf 86' lang='lat' dir='ltr'><strong>casualia</strong></span> <span class='ocrx_word' id='word_1_306' title='bbox 2980 2937 3052 2994; x_wconf 90' lang='lat' dir='ltr'><strong>ut</strong></span> 
     </span>
     <span class='ocr_line' id='line_1_30' title="bbox 444 3022 3051 3100; baseline 0.001 -20"><span class='ocrx_word' id='word_1_307' title='bbox 444 3022 711 3098; x_wconf 87' lang='lat' dir='ltr'><strong>nomina,</strong></span> <span class='ocrx_word' id='word_1_308' title='bbox 775 3023 895 3082; x_wconf 86' lang='lat' dir='ltr'><strong>alia</strong></span> <span class='ocrx_word' id='word_1_309' title='bbox 949 3026 1018 3082; x_wconf 90' lang='lat' dir='ltr'><strong>ut</strong></span> <span class='ocrx_word' id='word_1_310' title='bbox 1072 3023 1355 3084; x_wconf 87' lang='lat' dir='ltr'><strong>adverbia</strong></span> <span class='ocrx_word' id='word_1_311' title='bbox 1411 3026 1702 3100; x_wconf 76' lang='lat' dir='ltr'><strong>construi,</strong></span> <span class='ocrx_word' id='word_1_312' title='bbox 1764 3024 1866 3085; x_wconf 86' lang='lat' dir='ltr'><strong>sed</strong></span> <span class='ocrx_word' id='word_1_313' title='bbox 1921 3024 2125 3085; x_wconf 88' lang='lat' dir='ltr'><strong>eadem</strong></span> <span class='ocrx_word' id='word_1_314' title='bbox 2180 3024 2444 3084; x_wconf 86' lang='lat' dir='ltr'><strong>casualia</strong></span> <span class='ocrx_word' id='word_1_315' title='bbox 2505 3023 2681 3085; x_wconf 92' lang='lat' dir='ltr'><strong>modo</strong></span> <span class='ocrx_word' id='word_1_316' title='bbox 2744 3025 3051 3085; x_wconf 87' lang='lat' dir='ltr'><strong>nominum</strong></span> 
     </span>
     <span class='ocr_line' id='line_1_31' title="bbox 444 3111 3051 3191; baseline 0.001 -22"><span class='ocrx_word' id='word_1_317' title='bbox 444 3111 619 3172; x_wconf 92' lang='lat' dir='ltr'><strong>modo</strong></span> <span class='ocrx_word' id='word_1_318' title='bbox 667 3111 1075 3172; x_wconf 86' lang='lat' dir='ltr'><strong>adverbiorum</strong></span> <span class='ocrx_word' id='word_1_319' title='bbox 1113 3114 1237 3172; x_wconf 86' lang='lat' dir='ltr'><strong>vim</strong></span> <span class='ocrx_word' id='word_1_320' title='bbox 1281 3112 1498 3173; x_wconf 87' lang='lat' dir='ltr'><strong>habere</strong></span> <span class='ocrx_word' id='word_1_321' title='bbox 1543 3114 1768 3174; x_wconf 86' lang='lat' dir='ltr'><strong>doceat.</strong></span> <span class='ocrx_word' id='word_1_322' title='bbox 1842 3113 2080 3174; x_wconf 85' lang='lat' dir='ltr'><strong>Etenim</strong></span> <span class='ocrx_word' id='word_1_323' title='bbox 2126 3115 2391 3191; x_wconf 85' lang='lat' dir='ltr'><strong>profecto</strong></span> <span class='ocrx_word' id='word_1_324' title='bbox 2434 3114 2547 3174; x_wconf 88' lang='lat' dir='ltr'><strong>hoc</strong></span> <span class='ocrx_word' id='word_1_325' title='bbox 2590 3115 2883 3191; x_wconf 87' lang='lat' dir='ltr'><strong>praecipit</strong></span> <span class='ocrx_word' id='word_1_326' title='bbox 2917 3114 3051 3190; x_wconf 86' lang='lat' dir='ltr'><strong>Ap.‚</strong></span> 
     </span>
     <span class='ocr_line' id='line_1_32' title="bbox 444 3199 3049 3264; baseline 0.002 -5"><span class='ocrx_word' id='word_1_327' title='bbox 444 3199 647 3260; x_wconf 88' lang='lat' dir='ltr'><strong>eadem</strong></span> <span class='ocrx_word' id='word_1_328' title='bbox 702 3202 967 3261; x_wconf 81' lang='lat' dir='ltr'><strong>casualia</strong></span> <span class='ocrx_word' id='word_1_329' title='bbox 1018 3202 1193 3262; x_wconf 91' lang='lat' dir='ltr'><strong>modo</strong></span> <span class='ocrx_word' id='word_1_330' title='bbox 1249 3202 1620 3262; x_wconf 86' lang='lat' dir='ltr'><strong>averbiorum</strong></span> <span class='ocrx_word' id='word_1_331' title='bbox 1674 3203 1850 3264; x_wconf 89' lang='lat' dir='ltr'><strong>modo</strong></span> <span class='ocrx_word' id='word_1_332' title='bbox 1905 3204 2212 3263; x_wconf 84' lang='lat' dir='ltr'><strong>nominum</strong></span> <span class='ocrx_word' id='word_1_333' title='bbox 2264 3205 2567 3264; x_wconf 88' lang='lat' dir='ltr'><strong>notionem</strong></span> <span class='ocrx_word' id='word_1_334' title='bbox 2618 3203 2892 3263; x_wconf 88' lang='lat' dir='ltr'><strong>induere:</strong></span> <span class='ocrx_word' id='word_1_335' title='bbox 2947 3203 3049 3263; x_wconf 89' lang='lat' dir='ltr'><strong>sed</strong></span> 
     </span>
     <span class='ocr_line' id='line_1_33' title="bbox 445 3288 3050 3371; baseline 0.002 -23"><span class='ocrx_word' id='word_1_336' title='bbox 445 3293 761 3367; x_wconf 86' lang='lat' dir='ltr'><strong>postquam</strong></span> <span class='ocrx_word' id='word_1_337' title='bbox 806 3291 959 3351; x_wconf 90' lang='lat' dir='ltr'><strong>hanc</strong></span> <span class='ocrx_word' id='word_1_338' title='bbox 1004 3290 1416 3352; x_wconf 86' lang='lat' dir='ltr'><strong>adverbiorum</strong></span> <span class='ocrx_word' id='word_1_339' title='bbox 1452 3294 1754 3353; x_wconf 89' lang='lat' dir='ltr'><strong>notionem</strong></span> <span class='ocrx_word' id='word_1_340' title='bbox 1791 3294 2159 3371; x_wconf 83' lang='lat' dir='ltr'><strong>acceperunt,</strong></span> <span class='ocrx_word' id='word_1_341' title='bbox 2206 3288 2395 3368; x_wconf 78' lang='grc' dir='ltr'>ἔτερα</span> <span class='ocrx_word' id='word_1_342' title='bbox 2428 3293 2590 3352; x_wconf 87' lang='lat' dir='ltr'><strong>facta</strong></span> <span class='ocrx_word' id='word_1_343' title='bbox 2636 3295 2792 3368; x_wconf 86' lang='lat' dir='ltr'><strong>sunt,</strong></span> <span class='ocrx_word' id='word_1_344' title='bbox 2837 3311 3050 3370; x_wconf 86' lang='lat' dir='ltr'><strong>genere</strong></span> 
     </span>
     <span class='ocr_line' id='line_1_34' title="bbox 446 3380 3047 3460; baseline 0.002 -23"><span class='ocrx_word' id='word_1_345' title='bbox 446 3380 540 3438; x_wconf 89' lang='lat' dir='ltr'><strong>vel</strong></span> <span class='ocrx_word' id='word_1_346' title='bbox 589 3381 861 3460; x_wconf 82' lang='grc' dir='ltr'>μεριςμῷ</span> <span class='ocrx_word' id='word_1_347' title='bbox 908 3380 1141 3441; x_wconf 88' lang='lat' dir='ltr'><strong>diversa</strong></span> <span class='ocrx_word' id='word_1_348' title='bbox 1199 3384 1339 3442; x_wconf 88' lang='lat' dir='ltr'><strong>sunt</strong></span> <span class='ocrx_word' id='word_1_349' title='bbox 1384 3381 1459 3441; x_wconf 89' lang='lat' dir='ltr'><strong>ab</strong></span> <span class='ocrx_word' id='word_1_350' title='bbox 1503 3382 1625 3443; x_wconf 80' lang='lat' dir='ltr'><strong>illis</strong></span> <span class='ocrx_word' id='word_1_351' title='bbox 1672 3402 1824 3459; x_wconf 87' lang='lat' dir='ltr'><strong>quae</strong></span> <span class='ocrx_word' id='word_1_352' title='bbox 1872 3382 2199 3443; x_wconf 90' lang='lat' dir='ltr'><strong>casualium</strong></span> <span class='ocrx_word' id='word_1_353' title='bbox 2243 3384 2601 3459; x_wconf 89' lang='lat' dir='ltr'><strong>potestatem</strong></span> <span class='ocrx_word' id='word_1_354' title='bbox 2647 3385 3047 3442; x_wconf 86' lang='lat' dir='ltr'><strong>servaverunt.</strong></span> 
     </span>
     <span class='ocr_line' id='line_1_35' title="bbox 442 3468 3048 3551; baseline 0.002 -25"><span class='ocrx_word' id='word_1_355' title='bbox 442 3468 600 3527; x_wconf 86' lang='lat' dir='ltr'><strong>Nam</strong></span> <span class='ocrx_word' id='word_1_356' title='bbox 645 3487 752 3528; x_wconf 89' lang='lat' dir='ltr'><strong>nec</strong></span> <span class='ocrx_word' id='word_1_357' title='bbox 797 3470 1002 3529; x_wconf 85' lang='lat' dir='ltr'><strong>formis</strong></span> <span class='ocrx_word' id='word_1_358' title='bbox 1058 3490 1165 3530; x_wconf 89' lang='lat' dir='ltr'><strong>nec</strong></span> <span class='ocrx_word' id='word_1_359' title='bbox 1210 3470 1438 3548; x_wconf 86' lang='lat' dir='ltr'><strong>origine</strong></span> <span class='ocrx_word' id='word_1_360' title='bbox 1492 3490 1663 3532; x_wconf 89' lang='lat' dir='ltr'><strong>voces</strong></span> <span class='ocrx_word' id='word_1_361' title='bbox 1708 3471 2158 3551; x_wconf 85' lang='lat' dir='ltr'><strong>distinguuntur</strong></span> <span class='ocrx_word' id='word_1_362' title='bbox 2203 3474 2309 3531; x_wconf 87' lang='lat' dir='ltr'><strong>aut</strong></span> <span class='ocrx_word' id='word_1_363' title='bbox 2366 3490 2471 3550; x_wconf 87' lang='lat' dir='ltr'><strong>per</strong></span> <span class='ocrx_word' id='word_1_364' title='bbox 2517 3472 2803 3532; x_wconf 86' lang='lat' dir='ltr'><strong>orationis</strong></span> <span class='ocrx_word' id='word_1_365' title='bbox 2849 3474 3048 3547; x_wconf 84' lang='lat' dir='ltr'><strong>partes</strong></span> 
     </span>
     <span class='ocr_line' id='line_1_36' title="bbox 443 3556 3046 3637; baseline 0.002 -21"><span class='ocrx_word' id='word_1_366' title='bbox 443 3556 898 3633; x_wconf 83' lang='lat' dir='ltr'><strong>distribuuntur,</strong></span> <span class='ocrx_word' id='word_1_367' title='bbox 943 3559 1044 3618; x_wconf 87' lang='lat' dir='ltr'><strong>sed</strong></span> <span class='ocrx_word' id='word_1_368' title='bbox 1089 3560 1356 3620; x_wconf 86' lang='lat' dir='ltr'><strong>notione:</strong></span> <span class='ocrx_word' id='word_1_369' title='bbox 1400 3580 1568 3637; x_wconf 90' lang='lat' dir='ltr'><strong>pron.</strong></span> <span class='ocrx_word' id='word_1_370' title='bbox 1609 3563 1712 3636; x_wconf 87' lang='grc'><strong>67,</strong></span> <span class='ocrx_word' id='word_1_371' title='bbox 1733 3564 1768 3621; x_wconf 91' lang='grc'><strong>6</strong></span> <span class='ocrx_word' id='word_1_372' title='bbox 1811 3557 1891 3621; x_wconf 84' lang='grc' dir='ltr'><strong>ού</strong></span> <span class='ocrx_word' id='word_1_373' title='bbox 1937 3556 2060 3637; x_wconf 84' lang='grc' dir='ltr'><strong>γὰρ</strong></span> <span class='ocrx_word' id='word_1_374' title='bbox 2107 3560 2359 3637; x_wconf 89' lang='grc' dir='ltr'>φωναῖς</span> <span class='ocrx_word' id='word_1_375' title='bbox 2405 3556 2759 3636; x_wconf 87' lang='grc' dir='ltr'>μεμέριςται</span> <span class='ocrx_word' id='word_1_376' title='bbox 2806 3556 2885 3621; x_wconf 87' lang='grc' dir='ltr'>τὰ</span> <span class='ocrx_word' id='word_1_377' title='bbox 2929 3560 3046 3622; x_wconf 84' lang='grc' dir='ltr'>τοῦ</span> 
     </span>
     <span class='ocr_line' id='line_1_37' title="bbox 444 3643 2302 3727; baseline 0.002 -21"><span class='ocrx_word' id='word_1_378' title='bbox 444 3643 645 3718; x_wconf 86' lang='grc' dir='ltr'>λόγου</span> <span class='ocrx_word' id='word_1_379' title='bbox 693 3644 878 3724; x_wconf 87' lang='grc' dir='ltr'>μέρη,</span> <span class='ocrx_word' id='word_1_380' title='bbox 928 3645 1407 3723; x_wconf 83' lang='grc' dir='ltr'>ςημαινομὲνοις</span> <span class='ocrx_word' id='word_1_381' title='bbox 1452 3645 1541 3712; x_wconf 84' lang='grc' dir='ltr'><strong>δέ.</strong></span> <span class='ocrx_word' id='word_1_382' title='bbox 1607 3654 1761 3727; x_wconf 83' lang='lat' dir='ltr'><strong>synt.</strong></span> <span class='ocrx_word' id='word_1_383' title='bbox 1802 3652 1906 3726; x_wconf 85' lang='lat'><strong>48,</strong></span> <span class='ocrx_word' id='word_1_384' title='bbox 1928 3651 1983 3710; x_wconf 86' lang='lat'><strong>5.</strong></span> <span class='ocrx_word' id='word_1_385' title='bbox 2035 3652 2302 3727; x_wconf 85' lang='lat'><strong>109,18.</strong></span> 
     </span>
    </p>

    <p class='ocr_par' dir='ltr' id='par_1_4' title="bbox 440 3738 3046 3885">
     <span class='ocr_line' id='line_1_38' title="bbox 625 3738 3046 3819; baseline 0.002 -24"><span class='ocrx_word' id='word_1_386' title='bbox 625 3738 770 3812; x_wconf 85' lang='lat'><strong>120,</strong></span> <span class='ocrx_word' id='word_1_387' title='bbox 794 3739 1008 3797; x_wconf 89' lang='lat'>9—-14</span> <span class='ocrx_word' id='word_1_388' title='bbox 1057 3738 1129 3798; x_wconf 87' lang='lat' dir='ltr'><strong>cf.</strong></span> <span class='ocrx_word' id='word_1_389' title='bbox 1166 3738 1345 3799; x_wconf 89' lang='lat' dir='ltr'><strong>Prisc.</strong></span> <span class='ocrx_word' id='word_1_390' title='bbox 1384 3738 1495 3799; x_wconf 88' lang='lat' dir='ltr'><strong>XV</strong></span> <span class='ocrx_word' id='word_1_391' title='bbox 1538 3758 1595 3818; x_wconf 89' lang='lat' dir='ltr'><strong>p.</strong></span> <span class='ocrx_word' id='word_1_392' title='bbox 1637 3741 1739 3815; x_wconf 85' lang='lat'><strong>63,</strong></span> <span class='ocrx_word' id='word_1_393' title='bbox 1762 3741 2131 3816; x_wconf 81' lang='lat'>21—65‚9;</span> <span class='ocrx_word' id='word_1_394' title='bbox 2191 3741 2305 3819; x_wconf 87' lang='lat' dir='ltr'><strong>Ap.</strong></span> <span class='ocrx_word' id='word_1_395' title='bbox 2352 3740 2535 3801; x_wconf 86' lang='lat' dir='ltr'><strong>verba</strong></span> <span class='ocrx_word' id='word_1_396' title='bbox 2587 3760 2705 3801; x_wconf 91' lang='lat' dir='ltr'><strong>non</strong></span> <span class='ocrx_word' id='word_1_397' title='bbox 2759 3739 2905 3801; x_wconf 87' lang='lat' dir='ltr'><strong>satis</strong></span> <span class='ocrx_word' id='word_1_398' title='bbox 2957 3740 3046 3799; x_wconf 85' lang='lat' dir='ltr'><strong>in-</strong></span> 
     </span>
     <span class='ocr_line' id='line_1_39' title="bbox 440 3825 685 3885; baseline -0.004 0"><span class='ocrx_word' id='word_1_399' title='bbox 440 3825 685 3885; x_wconf 84' lang='lat' dir='ltr'><strong>tellexit.</strong></span> 
     </span>
    </p>

    <p class='ocr_par' dir='ltr' id='par_1_5' title="bbox 625 3915 1275 3990">
     <span class='ocr_line' id='line_1_40' title="bbox 625 3915 1275 3990; baseline 0.002 -16"><span class='ocrx_word' id='word_1_400' title='bbox 625 3917 869 3990; x_wconf 82' lang='lat'>120‚11</span> <span class='ocrx_word' id='word_1_401' title='bbox 921 3915 1043 3976; x_wconf 75' lang='lat' dir='ltr'><strong>ska</strong></span> <span class='ocrx_word' id='word_1_402' title='bbox 1076 3918 1139 3976; x_wconf 93' lang='grc' dir='ltr'>Π</span> <span class='ocrx_word' id='word_1_403' title='bbox 1177 3920 1275 3977; x_wconf 83' lang='grc'><strong>22.</strong></span> 
     </span>
    </p>

    <p class='ocr_par' dir='ltr' id='par_1_6' title="bbox 413 4001 3050 4800">
     <span class='ocr_line' id='line_1_41' title="bbox 627 4001 3049 4083; baseline 0.003 -20"><span class='ocrx_word' id='word_1_404' title='bbox 627 4006 772 4080; x_wconf 80' lang='lat'><strong>120,</strong></span> <span class='ocrx_word' id='word_1_405' title='bbox 798 4008 878 4064; x_wconf 88' lang='grc'><strong>14</strong></span> <span class='ocrx_word' id='word_1_406' title='bbox 927 4001 1058 4066; x_wconf 88' lang='grc' dir='ltr'>Διὰ</span> <span class='ocrx_word' id='word_1_407' title='bbox 1101 4006 1220 4068; x_wconf 86' lang='grc' dir='ltr'>τοῦ</span> <span class='ocrx_word' id='word_1_408' title='bbox 1265 4002 1566 4069; x_wconf 86' lang='grc' dir='ltr'>τοιούτου</span> <span class='ocrx_word' id='word_1_409' title='bbox 1604 4003 2073 4083; x_wconf 80' lang='grc' dir='ltr'>ὑποδείγματος</span> <span class='ocrx_word' id='word_1_410' title='bbox 2119 4008 2217 4070; x_wconf 85' lang='grc' dir='ltr'><strong>δεῖ</strong></span> <span class='ocrx_word' id='word_1_411' title='bbox 2261 4005 2413 4070; x_wconf 83' lang='grc' dir='ltr'>τοὺς</span> <span class='ocrx_word' id='word_1_412' title='bbox 2449 4005 2890 4083; x_wconf 79' lang='grc' dir='ltr'>διακρίνοντας</span> <span class='ocrx_word' id='word_1_413' title='bbox 2935 4004 3049 4070; x_wconf 87' lang='grc' dir='ltr'>τὰς</span> 
     </span>
     <span class='ocr_line' id='line_1_42' title="bbox 448 4090 3049 4178; baseline 0.002 -25"><span class='ocrx_word' id='word_1_414' title='bbox 448 4090 750 4154; x_wconf 89' lang='grc' dir='ltr'>τοιαύτας</span> <span class='ocrx_word' id='word_1_415' title='bbox 797 4092 1254 4170; x_wconf 84' lang='grc' dir='ltr'>ςυνεμπτώςεις</span> <span class='ocrx_word' id='word_1_416' title='bbox 1310 4097 1476 4178; x_wconf 82' lang='grc' dir='ltr'>τῷδε</span> <span class='ocrx_word' id='word_1_417' title='bbox 1522 4098 1615 4177; x_wconf 85' lang='grc' dir='ltr'>τῷ</span> <span class='ocrx_word' id='word_1_418' title='bbox 1662 4094 1838 4177; x_wconf 83' lang='grc' dir='ltr'>λόγῳ</span> <span class='ocrx_word' id='word_1_419' title='bbox 1884 4093 2246 4176; x_wconf 85' lang='grc' dir='ltr'>κεχρῆςθαι]</span> <span class='ocrx_word' id='word_1_420' title='bbox 2293 4099 2355 4157; x_wconf 85' lang='lat' dir='ltr'><strong>‘m</strong></span> <span class='ocrx_word' id='word_1_421' title='bbox 2401 4098 2736 4176; x_wconf 87' lang='lat' dir='ltr'><strong>tautologia</strong></span> <span class='ocrx_word' id='word_1_422' title='bbox 2781 4094 2886 4158; x_wconf 87' lang='grc' dir='ltr'>διὰ</span> <span class='ocrx_word' id='word_1_423' title='bbox 2930 4097 3049 4159; x_wconf 84' lang='grc' dir='ltr'>τοῦ</span> 
     </span>
     <span class='ocr_line' id='line_1_43' title="bbox 451 4179 3049 4267; baseline 0.001 -24"><span class='ocrx_word' id='word_1_424' title='bbox 451 4179 752 4245; x_wconf 90' lang='grc' dir='ltr'>τοιούτου</span> <span class='ocrx_word' id='word_1_425' title='bbox 810 4180 1277 4260; x_wconf 83' lang='grc' dir='ltr'>ὑποδείγματος</span> <span class='ocrx_word' id='word_1_426' title='bbox 1331 4189 1391 4246; x_wconf 87' lang='lat' dir='ltr'><strong>et</strong></span> <span class='ocrx_word' id='word_1_427' title='bbox 1445 4187 1612 4267; x_wconf 85' lang='grc' dir='ltr'>τῷδε</span> <span class='ocrx_word' id='word_1_428' title='bbox 1665 4188 1758 4267; x_wconf 83' lang='grc' dir='ltr'>τῷ</span> <span class='ocrx_word' id='word_1_429' title='bbox 1805 4183 1982 4267; x_wconf 83' lang='grc' dir='ltr'>λόγῳ</span> <span class='ocrx_word' id='word_1_430' title='bbox 2028 4188 2273 4247; x_wconf 85' lang='lat' dir='ltr'><strong>haerens</strong></span> <span class='ocrx_word' id='word_1_431' title='bbox 2317 4187 2528 4247; x_wconf 82' lang='lat' dir='ltr'><strong>Matth.</strong></span> <span class='ocrx_word' id='word_1_432' title='bbox 2575 4187 2607 4246; x_wconf 95' lang='grc' dir='ltr'>Ι</span> <span class='ocrx_word' id='word_1_433' title='bbox 2654 4188 2736 4247; x_wconf 87' lang='lat'><strong>33</strong></span> <span class='ocrx_word' id='word_1_434' title='bbox 2782 4188 2841 4247; x_wconf 88' lang='lat' dir='ltr'><strong>h.</strong></span> <span class='ocrx_word' id='word_1_435' title='bbox 2878 4188 2916 4246; x_wconf 91' lang='lat' dir='ltr'><strong>l.</strong></span> <span class='ocrx_word' id='word_1_436' title='bbox 2964 4189 3049 4247; x_wconf 90' lang='lat' dir='ltr'><strong>sic</strong></span> 
     </span>
     <span class='ocr_line' id='line_1_44' title="bbox 413 4270 3049 4350; baseline 0.003 -19"><span class='ocrx_word' id='word_1_437' title='bbox 413 4272 748 4332; x_wconf 66' lang='lat' dir='ltr'><strong>emendat:</strong></span> <span class='ocrx_word' id='word_1_438' title='bbox 814 4270 918 4333; x_wconf 83' lang='grc' dir='ltr'>διὰ</span> <span class='ocrx_word' id='word_1_439' title='bbox 973 4273 1098 4335; x_wconf 81' lang='grc' dir='ltr'>τοῦ</span> <span class='ocrx_word' id='word_1_440' title='bbox 1144 4271 1443 4336; x_wconf 86' lang='grc' dir='ltr'>τοιούτου</span> <span class='ocrx_word' id='word_1_441' title='bbox 1500 4271 1968 4350; x_wconf 79' lang='grc' dir='ltr'>ὑποδείγματος</span> <span class='ocrx_word' id='word_1_442' title='bbox 2023 4276 2120 4338; x_wconf 86' lang='grc' dir='ltr'><strong>δεῖ</strong></span> <span class='ocrx_word' id='word_1_443' title='bbox 2174 4272 2515 4350; x_wconf 87' lang='grc' dir='ltr'>διακρίνειν</span> <span class='ocrx_word' id='word_1_444' title='bbox 2575 4272 2689 4337; x_wconf 89' lang='grc' dir='ltr'>τὰς</span> <span class='ocrx_word' id='word_1_445' title='bbox 2747 4273 3049 4338; x_wconf 89' lang='grc' dir='ltr'>τοιαύτας</span> 
     </span>
     <span class='ocr_line' id='line_1_45' title="bbox 442 4358 3050 4443; baseline 0.002 -22"><span class='ocrx_word' id='word_1_446' title='bbox 442 4358 902 4437; x_wconf 79' lang='grc' dir='ltr'>(υνεμπτώςεις</span> <span class='ocrx_word' id='word_1_447' title='bbox 957 4364 1027 4423; x_wconf 85' lang='lat' dir='ltr'><strong>cl.</strong></span> <span class='ocrx_word' id='word_1_448' title='bbox 1074 4363 1253 4424; x_wconf 87' lang='lat' dir='ltr'><strong>Prisc.</strong></span> <span class='ocrx_word' id='word_1_449' title='bbox 1303 4364 1395 4423; x_wconf 94' lang='grc' dir='ltr'><strong>ΠΙ</strong></span> <span class='ocrx_word' id='word_1_450' title='bbox 1443 4367 1546 4440; x_wconf 86' lang='grc'><strong>65,</strong></span> <span class='ocrx_word' id='word_1_451' title='bbox 1578 4367 1690 4424; x_wconf 82' lang='lat'><strong>12.-</strong></span> <span class='ocrx_word' id='word_1_452' title='bbox 1789 4364 1905 4425; x_wconf 86' lang='lat' dir='ltr'><strong>Sed</strong></span> <span class='ocrx_word' id='word_1_453' title='bbox 1968 4385 2101 4442; x_wconf 49' lang='lat' dir='ltr'><strong>per,</strong></span> <span class='ocrx_word' id='word_1_454' title='bbox 2135 4366 2467 4442; x_wconf 85' lang='lat' dir='ltr'><strong>exemplum</strong></span> <span class='ocrx_word' id='word_1_455' title='bbox 2522 4385 2592 4425; x_wconf 90' lang='lat' dir='ltr'><strong>ea</strong></span> <span class='ocrx_word' id='word_1_456' title='bbox 2645 4384 2797 4443; x_wconf 89' lang='lat' dir='ltr'><strong>quae</strong></span> <span class='ocrx_word' id='word_1_457' title='bbox 2856 4367 3050 4425; x_wconf 89' lang='lat' dir='ltr'><strong>forma</strong></span> 
     </span>
     <span class='ocr_line' id='line_1_46' title="bbox 443 4449 3049 4532; baseline 0.002 -22"><span class='ocrx_word' id='word_1_458' title='bbox 443 4455 778 4530; x_wconf 87' lang='lat' dir='ltr'><strong>congruunt</strong></span> <span class='ocrx_word' id='word_1_459' title='bbox 814 4472 934 4513; x_wconf 91' lang='lat' dir='ltr'><strong>non</strong></span> <span class='ocrx_word' id='word_1_460' title='bbox 970 4453 1399 4514; x_wconf 83' lang='lat' dir='ltr'><strong>discernuntur.</strong></span> <span class='ocrx_word' id='word_1_461' title='bbox 1463 4455 1627 4515; x_wconf 93' lang='lat' dir='ltr'><strong>Haec</strong></span> <span class='ocrx_word' id='word_1_462' title='bbox 1663 4455 1920 4517; x_wconf 89' lang='lat' dir='ltr'><strong>voluisse</strong></span> <span class='ocrx_word' id='word_1_463' title='bbox 1956 4455 2194 4514; x_wconf 88' lang='lat' dir='ltr'><strong>videtur</strong></span> <span class='ocrx_word' id='word_1_464' title='bbox 2219 4454 2361 4532; x_wconf 85' lang='lat' dir='ltr'><strong>Ap.:</strong></span> <span class='ocrx_word' id='word_1_465' title='bbox 2398 4449 2531 4514; x_wconf 79' lang='lat' dir='ltr'><strong>‘hoc</strong></span> <span class='ocrx_word' id='word_1_466' title='bbox 2568 4456 2834 4532; x_wconf 79' lang='lat' dir='ltr'><strong>exemplo</strong></span> <span class='ocrx_word' id='word_1_467' title='bbox 2870 4456 3049 4530; x_wconf 90' lang='lat' dir='ltr'><strong>docti,</strong></span> 
     </span>
     <span class='ocr_line' id='line_1_47' title="bbox 448 4539 3049 4623; baseline 0.002 -24"><span class='ocrx_word' id='word_1_468' title='bbox 448 4541 550 4615; x_wconf 89' lang='lat' dir='ltr'><strong>qui</strong></span> <span class='ocrx_word' id='word_1_469' title='bbox 598 4560 770 4602; x_wconf 85' lang='lat' dir='ltr'><strong>voces</strong></span> <span class='ocrx_word' id='word_1_470' title='bbox 817 4542 1009 4602; x_wconf 87' lang='lat' dir='ltr'><strong>forma</strong></span> <span class='ocrx_word' id='word_1_471' title='bbox 1053 4546 1441 4622; x_wconf 86' lang='lat' dir='ltr'><strong>congruentes</strong></span> <span class='ocrx_word' id='word_1_472' title='bbox 1477 4544 1803 4604; x_wconf 85' lang='lat' dir='ltr'><strong>discernere</strong></span> <span class='ocrx_word' id='word_1_473' title='bbox 1849 4545 2077 4619; x_wconf 85' lang='lat' dir='ltr'><strong>volunt,</strong></span> <span class='ocrx_word' id='word_1_474' title='bbox 2121 4544 2274 4604; x_wconf 89' lang='lat' dir='ltr'><strong>hanc</strong></span> <span class='ocrx_word' id='word_1_475' title='bbox 2310 4545 2470 4604; x_wconf 89' lang='lat' dir='ltr'><strong>viam</strong></span> <span class='ocrx_word' id='word_1_476' title='bbox 2514 4544 2746 4623; x_wconf 85' lang='lat' dir='ltr'><strong>ingredi</strong></span> <span class='ocrx_word' id='word_1_477' title='bbox 2791 4539 3049 4620; x_wconf 88' lang='lat' dir='ltr'><strong>debent’‚</strong></span> 
     </span>
     <span class='ocr_line' id='line_1_48' title="bbox 444 4629 3050 4711; baseline 0.002 -24"><span class='ocrx_word' id='word_1_478' title='bbox 444 4629 564 4688; x_wconf 83' lang='lat' dir='ltr'><strong>scil.</strong></span> <span class='ocrx_word' id='word_1_479' title='bbox 609 4634 679 4690; x_wconf 92' lang='lat' dir='ltr'><strong>ut</strong></span> <span class='ocrx_word' id='word_1_480' title='bbox 723 4634 1042 4708; x_wconf 86' lang='lat' dir='ltr'><strong>quaerant,</strong></span> <span class='ocrx_word' id='word_1_481' title='bbox 1096 4635 1297 4692; x_wconf 87' lang='lat' dir='ltr'><strong>utrum</strong></span> <span class='ocrx_word' id='word_1_482' title='bbox 1342 4652 1456 4693; x_wconf 82' lang='lat' dir='ltr'><strong>vox</strong></span> <span class='ocrx_word' id='word_1_483' title='bbox 1500 4634 1609 4693; x_wconf 86' lang='lat' dir='ltr'><strong>illa</strong></span> <span class='ocrx_word' id='word_1_484' title='bbox 1653 4633 1882 4710; x_wconf 86' lang='lat' dir='ltr'><strong>aliquid</strong></span> <span class='ocrx_word' id='word_1_485' title='bbox 1938 4634 2240 4711; x_wconf 87' lang='lat' dir='ltr'><strong>praedicet</strong></span> <span class='ocrx_word' id='word_1_486' title='bbox 2286 4634 2357 4694; x_wconf 89' lang='lat' dir='ltr'><strong>de</strong></span> <span class='ocrx_word' id='word_1_487' title='bbox 2403 4636 2637 4693; x_wconf 89' lang='lat' dir='ltr'><strong>nomine</strong></span> <span class='ocrx_word' id='word_1_488' title='bbox 2685 4634 2943 4710; x_wconf 89' lang='lat' dir='ltr'><strong>quodam</strong></span> <span class='ocrx_word' id='word_1_489' title='bbox 2989 4637 3050 4693; x_wconf 91' lang='lat' dir='ltr'><strong>et</strong></span> 
     </span>
     <span class='ocr_line' id='line_1_49' title="bbox 447 4707 2720 4800; baseline 0.003 -24"><span class='ocrx_word' id='word_1_490' title='bbox 447 4735 580 4776; x_wconf 90' lang='lat' dir='ltr'><strong>cum</strong></span> <span class='ocrx_word' id='word_1_491' title='bbox 621 4719 732 4781; x_wconf 91' lang='lat' dir='ltr'><strong>hoc</strong></span> <span class='ocrx_word' id='word_1_492' title='bbox 778 4724 1174 4797; x_wconf 89' lang='lat' dir='ltr'><strong>construatur,</strong></span> <span class='ocrx_word' id='word_1_493' title='bbox 1221 4741 1296 4782; x_wconf 90' lang='lat' dir='ltr'><strong>an</strong></span> <span class='ocrx_word' id='word_1_494' title='bbox 1342 4722 1644 4800; x_wconf 87' lang='lat' dir='ltr'><strong>praedicet</strong></span> <span class='ocrx_word' id='word_1_495' title='bbox 1688 4723 1760 4783; x_wconf 91' lang='lat' dir='ltr'><strong>de</strong></span> <span class='ocrx_word' id='word_1_496' title='bbox 1804 4722 1984 4783; x_wconf 90' lang='lat' dir='ltr'><strong>verbo</strong></span> <span class='ocrx_word' id='word_1_497' title='bbox 2030 4707 2225 4800; x_wconf 82' lang='lat' dir='ltr'><strong>sitque</strong></span> <span class='ocrx_word' id='word_1_498' title='bbox 2268 4723 2720 4784; x_wconf 88' lang='lat' dir='ltr'><strong>indeclinabilis.</strong></span> 
     </span>
    </p>

    <p class='ocr_par' dir='ltr' id='par_1_7' title="bbox 434 4808 3050 5068">
     <span class='ocr_line' id='line_1_50' title="bbox 620 4808 3049 4888; baseline 0.002 -21"><span class='ocrx_word' id='word_1_499' title='bbox 620 4808 675 4867; x_wconf 95' lang='lat' dir='ltr'><strong>b.</strong></span> <span class='ocrx_word' id='word_1_500' title='bbox 729 4810 1088 4871; x_wconf 74' lang='lat' dir='ltr'><strong>Praedicare</strong></span> <span class='ocrx_word' id='word_1_501' title='bbox 1141 4815 1335 4871; x_wconf 64' lang='lat' dir='ltr'><strong>autem</strong></span> <span class='ocrx_word' id='word_1_502' title='bbox 1387 4813 1668 4872; x_wconf 78' lang='lat' dir='ltr'><strong>adverbia</strong></span> <span class='ocrx_word' id='word_1_503' title='bbox 1711 4813 1938 4886; x_wconf 74' lang='lat' dir='ltr'><strong>aliquid</strong></span> <span class='ocrx_word' id='word_1_504' title='bbox 1982 4813 2053 4872; x_wconf 82' lang='lat' dir='ltr'><strong>dc</strong></span> <span class='ocrx_word' id='word_1_505' title='bbox 2096 4814 2283 4882; x_wconf 81' lang='lat' dir='ltr'><strong>verbo,</strong></span> <span class='ocrx_word' id='word_1_506' title='bbox 2346 4831 2414 4872; x_wconf 75' lang='lat' dir='ltr'><strong>ex</strong></span> <span class='ocrx_word' id='word_1_507' title='bbox 2459 4815 2541 4873; x_wconf 69' lang='lat' dir='ltr'><strong>eis</strong></span> <span class='ocrx_word' id='word_1_508' title='bbox 2585 4831 2733 4888; x_wconf 77' lang='lat' dir='ltr'><strong>quae</strong></span> <span class='ocrx_word' id='word_1_509' title='bbox 2777 4816 2913 4873; x_wconf 77' lang='lat' dir='ltr'><strong>ante</strong></span> <span class='ocrx_word' id='word_1_510' title='bbox 2958 4830 3049 4872; x_wconf 77' lang='lat' dir='ltr'><strong>ex-</strong></span> 
     </span>
     <span class='ocr_line' id='line_1_51' title="bbox 434 4898 3050 4977; baseline 0.003 -23"><span class='ocrx_word' id='word_1_511' title='bbox 434 4898 630 4969; x_wconf 78' lang='lat' dir='ltr'><strong>posita</strong></span> <span class='ocrx_word' id='word_1_512' title='bbox 673 4903 812 4957; x_wconf 69' lang='lat' dir='ltr'><strong>sunt</strong></span> <span class='ocrx_word' id='word_1_513' title='bbox 865 4904 1136 4975; x_wconf 65' lang='lat' dir='ltr'><strong>apparet,</strong></span> <span class='ocrx_word' id='word_1_514' title='bbox 1193 4903 1469 4975; x_wconf 74' lang='lat' dir='ltr'><strong>quoniam</strong></span> <span class='ocrx_word' id='word_1_515' title='bbox 1513 4920 1886 4976; x_wconf 69' lang='lat' dir='ltr'><strong>quaecumque</strong></span> <span class='ocrx_word' id='word_1_516' title='bbox 1930 4903 2216 4963; x_wconf 61' lang='lat' dir='ltr'><strong>adiectio-cz</strong></span> <span class='ocrx_word' id='word_1_517' title='bbox 2261 4903 2489 4976; x_wconf 77' lang='lat' dir='ltr'><strong>aliquid</strong></span> <span class='ocrx_word' id='word_1_518' title='bbox 2535 4904 2889 4977; x_wconf 75' lang='lat' dir='ltr'><strong>praedicant</strong></span> <span class='ocrx_word' id='word_1_519' title='bbox 2929 4919 3050 4962; x_wconf 80' lang='lat' dir='ltr'><strong>non</strong></span> 
     </span>
     <span class='ocr_line' id='line_1_52' title="bbox 442 4985 3049 5068; baseline 0.004 -25"><span class='ocrx_word' id='word_1_520' title='bbox 442 4985 514 5044; x_wconf 83' lang='lat' dir='ltr'><strong>de</strong></span> <span class='ocrx_word' id='word_1_521' title='bbox 564 4989 919 5058; x_wconf 72' lang='lat' dir='ltr'><strong>nominibus,</strong></span> <span class='ocrx_word' id='word_1_522' title='bbox 977 4990 1081 5050; x_wconf 75' lang='lat' dir='ltr'><strong>sed</strong></span> <span class='ocrx_word' id='word_1_523' title='bbox 1132 4991 1204 5050; x_wconf 82' lang='lat' dir='ltr'><strong>de</strong></span> <span class='ocrx_word' id='word_1_524' title='bbox 1256 4991 1470 5061; x_wconf 80' lang='lat' dir='ltr'><strong>verbis,</strong></span> <span class='ocrx_word' id='word_1_525' title='bbox 1527 4992 1807 5052; x_wconf 76' lang='lat' dir='ltr'><strong>adverbia</strong></span> <span class='ocrx_word' id='word_1_526' title='bbox 1858 4992 2021 5064; x_wconf 79' lang='lat' dir='ltr'><strong>facta</strong></span> <span class='ocrx_word' id='word_1_527' title='bbox 2064 4994 2214 5052; x_wconf 62' lang='lat' dir='ltr'><strong>emet.</strong></span> <span class='ocrx_word' id='word_1_528' title='bbox 2310 4992 2803 5068; x_wconf 73' lang='lat' dir='ltr'><strong>Quemadmodum</strong></span> <span class='ocrx_word' id='word_1_529' title='bbox 2854 4996 3049 5053; x_wconf 74' lang='lat' dir='ltr'><strong>autem</strong></span> 
     </span>
    </p>
   </div>
   <div class='ocr_carea' id='block_1_3' title="bbox 3701 3755 3704 4919">
    <p class='ocr_par' dir='ltr' id='par_1_8' title="bbox 3701 3755 3704 4919">
     <span class='ocr_line' id='line_1_53' title="bbox 3701 3755 3704 4919; baseline 0 0"><span class='ocrx_word' id='word_1_530' title='bbox 3701 3755 3704 4919; x_wconf 95' lang='lat' dir='ltr'><strong> </strong></span> 
     </span>
    </p>
   </div>
  </div>
 </body>
</html>
