3738 5530
670 374 795 439 190
1583 376 1760 426 ΠΕΡι
1797 375 2356 427 ΕΠῙΡΡΗΜΑΊῺΝ.

1677 484 1841 535 neos,
1873 484 2251 534 17-005.14b

663 581 1141 660 τροπικώτερον
1187 580 1403 660 μέντοι
1446 579 1486 658 ἡ
1533 578 1697 645 λέξις
1739 578 1973 644 τίθεται
2016 578 2123 642 ἐπὶ
2166 579 2411 643 παντὸς
2455 582 2571 643 τοῦ
2617 578 2935 662 κάτωθεν,
2980 578 3034 663 ᾧ
3080 578 3257 660 λόγῳ

664 683 768 748 καὶ
811 681 1064 762 ἄριςτος
1120 682 1237 763 μὲν
1294 682 1458 746 ἐςτιν
1503 680 1542 745 ὁ
1587 679 1658 745 ἐν
1702 679 1971 762 πολέμῳ
2017 679 2302 763 ἰςχυρός,
2356 681 2835 761 τροπικώτερον
2892 682 2964 744 δὲ
3009 682 3112 745 καὶ
3156 679 3259 744 ἐπὶ

664 784 910 850 παντὸς
953 788 1070 849 τοῦ
1114 782 1584 863 προςήκοντος·
1639 786 1717 866 τῇ
1762 785 1926 858 γοῦν
1971 780 2344 867 κυριολογίᾳ
2387 785 2689 862 μαρτυρεῖ
2741 784 2816 848 τὸ
2862 783 3257 861 παρώνυμον
3310 797 3362 836 ²⁰

667 886 973 966 ἀριςτεύς.
1063 943 1109 984 .

601 998 633 1046 5
837 988 1121 1068 Ἔφαμεν
1176 986 1266 1050 ὡς
1320 986 1399 1051 τὰ
1456 985 1576 1051 δύο
1631 986 1980 1066 φωνήεντα
2045 985 2401 1065 ἀποβάλλει
2466 987 2541 1050 τὸ
2598 985 2903 1066 δεύτερον
2965 988 3255 1066 φωνῆεν.

665 1088 812 1168 οὐχὶ
867 1088 987 1155 οὖν
1043 1089 1213 1156 δόξει
1268 1088 1343 1153 τὸ
1404 1087 1746 1153 ἄνευθεν
1803 1091 2272 1166 ςεςημειῶςθαι;
2319 1124 2397 1132 -
2455 1088 2636 1167 Πρὸς
2681 1089 2719 1153 ὃ
2776 1088 3100 1169 φήςομεν,
3159 1087 3258 1152 ὅτι

664 1189 745 1254 οὐ
802 1194 988 1269 τῆςδε
1037 1193 1150 1276 τῆς
1206 1192 1597 1269 παραγωγῆς
1653 1189 1896 1271 ἔχεται,
1958 1192 2070 1267 τῆς
2126 1189 2197 1252 δὲ
2253 1189 2361 1253 διὰ
2416 1193 2535 1254 τοῦ
2591 1178 2692 1272 θ-ε,
2747 1189 2786 1267 ἥ
2841 1211 2935 1254 τις
2989 1191 3091 1253 καὶ
3141 1190 3257 1267 τὴν

663 1292 1025 1373 δίφθογγον
1071 1292 1407 1372 φυλάςςει,
1469 1290 1633 1374 εἴθε,
1694 1290 1851 1355 αἴθε.
1929 1290 2009 1370 ἦν
2056 1288 2178 1356 οὖν
2223 1292 2326 1354 καὶ
2369 1293 2546 1371 παρὰ
2599 1292 2675 1356 τὸ
2722 1289 2963 1375 (ἄνευ)
3007 1289 3253 1354 ἄνευθε.
3309 1303 3361 1343 2⁵

664 1396 763 1457 καὶ
821 1394 1022 1475 ςαφὲς
1075 1393 1241 1460 ἐςτιν
1299 1393 1368 1457 ἐκ
1419 1397 1537 1458 τοῦ
1593 1392 1916 1458 ἁπάντοτε
1971 1392 2050 1456 τὸ
2108 1391 2572 1472 ςημαινόμενον
2628 1392 2968 1474 φυλάςςειν
3022 1393 3140 1470 τὴν
3185 1378 3257 1455 θέ

568 1503 630 1552 10
669 1496 1007 1575 ςυλλαβήν.
1082 1494 1121 1573 ἡ
1165 1498 1329 1572 γοῦν
1374 1494 1707 1573 κατάληξις
1751 1494 1790 1573 ἡ
1837 1494 1943 1559 διὰ
1986 1496 2106 1558 τοῦ
2150 1481 2261 1559 θ-εν
2307 1493 2625 1560 οὐδέποτε
2667 1495 2743 1560 τὸ
2788 1497 2827 1559 V
2871 1493 3256 1574 ἀποβάλλει·

661 1597 736 1660 τὸ
780 1597 904 1675 γάρ
948 1596 1258 1677 Λεςβόθεν
1304 1594 1518 1662 οὐκέτι
1561 1595 1855 1677 Λεςβόθε,
1903 1594 2058 1660 οὐδὲ
2102 1594 2264 1660 ἄλλο
2308 1616 2367 1660 τι
2397 1601 2530 1664 τῶν
2557 1595 2908 1662 τοιούτων·
2955 1594 3026 1661 ἐν
3056 1596 3129 1660 δὲ
3157 1600 3250 1677 τῷ

1325 1696 1556 1762 ἄνευθε
1602 1696 1673 1761 δέ
1718 1716 1783 1762 ςε
1830 1697 1990 1776 μέγα
2032 1699 2191 1762 νῶιν
2239 1697 2321 1782 (Χ
2370 1696 2478 1780 88)
3302 1712 3355 1751 ³0

661 1800 700 1879 ἡ
746 1787 821 1864 θ-ε
861 1800 1137 1879 ςυλλαβή
1193 1799 1380 1865 ἐςτιν.
1429 1835 1512 1846 —-
1565 1799 1757 1864 Ἀλλὰ
1801 1803 1940 1863 πῶς
1984 1799 2146 1874 ποτὲ
2201 1797 2332 1876 ἔχει
2376 1800 2451 1865 τὸ
2496 1804 2566 1880 V3
2639 1800 2744 1865 Ὧι
2801 1801 2979 1884 λόγῳ
3031 1800 3133 1863 καὶ
3175 1799 3250 1863 τὸ

662 1900 885 1977 ἔλεγεν
929 1902 1032 1965 καὶ
1074 1900 1150 1965 τὸ
1198 1899 1461 1980 ἔφερεν,
1509 1898 1589 1964 οὐ
1637 1900 1919 1978 λήγοντα
1964 1898 2051 1963 εἰς
2093 1901 2167 1983 V,
2213 1903 2792 1982 προςλαμβάνοντα
2835 1904 2908 1967 δὲ
2950 1902 3027 1967 τὸ
3064 1904 3102 1965 V
3147 1902 3252 1964 διὰ

567 2008 627 2057 ¹5
661 2003 778 2080 τὴν
808 2006 925 2067 τοῦ
960 2012 993 2065 ἐ’
1036 2000 1391 2079 κατάληξιν.
1455 2001 1508 2085 ᾧ
1556 2002 1732 2086 λόγῳ
1776 2002 1882 2067 καὶ
1926 2000 1963 2065 ὁ
2008 2001 2077 2065 κέ
2123 2003 2467 2083 ςύνδεςμος
2510 2003 2620 2067 κέν
2665 2001 2802 2067 ἔςθ’
2846 2003 2955 2069 ὅτε
3002 2003 3253 2079 λέγεται
3288 2017 3389 2066 σοι

662 2104 838 2182 παρὰ
880 2103 1222 2181 Δωριεῦςι.

829 2204 924 2269 Τά
978 2210 1070 2286 τῷ
1113 2209 1153 2267 ὃ
1211 2203 1734 2284 παρεδρευόμενα
1786 2204 1964 2283 παρὰ
2015 2205 2333 2285 Δωριεῦςι
2387 2209 2519 2270 τῶν
2571 2206 3020 2287 ἐπιρρημάτων
3077 2204 3255 2270 ἀπει-

661 2304 839 2385 ράκις
882 2305 954 2370 ἐν
999 2303 1302 2389 ἀποκοπῇ
1346 2307 1588 2380 γίνεται
1632 2310 1750 2371 τοῦ
1781 2294 1901 2372 θῖν
1947 2307 2048 2371 καὶ
2092 2307 2163 2371 ἐν
2209 2306 2532 2386 μεταθέςει
2571 2312 2687 2372 τοῦ
2734 2311 2772 2373 ὃ
2806 2306 2895 2373 εἰς
2926 2312 2999 2382 ὦ,
3046 2309 3256 2373 καθὼς
3334 2332 3358 2369 ε,

661 2408 1087 2487 προείπομεν,
1165 2406 1440 2471 αὐτόθεν
1510 2406 1716 2485 αὐτῶ,
1797 2406 2010 2473 αὐτῶ
2076 2407 2296 2491 ὁρῇς,
2369 2407 2655 2491 Φύςκα;
2723 2407 2978 2491 (Sophr.
3037 2409 3116 2471 fr.
3173 2406 3257 2470 45

560 2515 628 2565 20
665 2506 979 2590 Ahrens)‚
1038 2509 1347 2575 τουτόθεν
1401 2512 1650 2591 τουτῶ,
1716 2514 1969 2574 τουτῶ
2028 2509 2324 2589 θάμεθα
2367 2506 2622 2592 (Sophr.
2681 2509 2762 2574 fr.
2810 2510 2896 2572 42
2954 2508 3255 2587 Abi-ens).

663 2645 747 2657 -
801 2610 967 2692 Τῇδε
1024 2610 1157 2689 εἶχε
1214 2611 1313 2676 καὶ
1371 2611 1447 2675 τὸ
1504 2611 1706 2675 πόθεν
1765 2609 2121 2690 λεγόμενον
2177 2610 2417 2689 οὕτως,
2474 2618 2620 2675 πῶ·
2688 2618 2803 2676 πῶ
2868 2631 2990 2679 τις
3059 2610 3256 2677 ὄνον

663 2711 1115 2789 ὠναςείται;
1174 2710 1427 2796 (Sophr.
1473 2711 1553 2777 fr.
1600 2711 1683 2776 89
1735 2709 2039 2790 Ahrens.)
2100 2750 2175 2758 —
2249 2712 2359 2777 Καὶ
2410 2712 2486 2777 τὸ
2555 2714 2884 2794 πώμαλα
2947 2714 3019 2778 δὲ
3082 2711 3257 2792 παρὰ

663 2814 965 2879 Ἀττικοῖς
1008 2813 1080 2880 ἐν
1127 2818 1418 2899 παρολκῇ
1462 2818 1580 2879 τοῦ
1625 2813 1794 2892 μάλα
1839 2813 2047 2879 οὕτως
2090 2814 2351 2890 ἐγένετο
2371 2863 2386 2893 ,
2432 2814 2716 2896 καθάπερ
2762 2816 2866 2881 καὶ
2907 2814 2984 2880 τὸ
3310 2843 3359 2880 ω

919 2915 959 2995 ἦ
1003 2915 1173 2996 μάλα
1218 2918 1296 2996 δὴ
1340 2917 1640 2995 τέθνηκεν
1686 2914 1760 2999 (C
1809 2913 1947 2999 12)-

560 3022 625 3071 25
1086 3018 1126 3098 ἦ
1172 3017 1323 3096 μάλ’
1366 3017 1654 3098 ἐλαφρὸς
1697 3017 1895 3096 ἀνήρ·
1944 3016 2036 3083 ὡς
2081 3015 2223 3096 ῥεῖα
2265 3021 2519 3102 κυβιςτᾷ
2566 3017 2654 3099 (Π
2700 3017 2871 3102 745).

795 3205 1012 3257 Auen.
1081 3209 1113 3257 5
1156 3202 1477 3272 Ἀνευθε(ν)
1521 3218 1634 3256 non
1677 3218 1781 3271 per
1824 3205 1953 3269 θε-ῐι,
1996 3201 2095 3257 sed
2129 3217 2233 3269 per
2277 3205 2347 3257 θὲ
2390 3200 2653 3255 suffixum
2689 3201 3035 3269 derivatum3
3077 3218 3252 3272 quare

661 3293 695 3342 ῦ
740 3286 891 3341 vocis
934 3287 1072 3342 ἄνευ
1118 3303 1230 3342 non
1265 3286 1574 3341 intercidit.
1617 3316 1683 3326 —
1731 3293 1793 3341 17
1837 3286 1922 3340 Ea
1953 3286 2013 3340 in
2049 3285 2148 3341 θέῗι
2185 3284 2482 3352 adverbia,
2532 3301 2681 3355 quae
2725 3293 2761 3341 ὃ·
2805 3288 2865 3342 in
2899 3287 3255 3358 paenultima

661 3370 903 3438 habent,
940 3387 975 3425 a
1007 3370 1374 3426 Doriensibus
1408 3386 1578 3442 saepe
1615 3370 1816 3425 suffixo
1850 3369 1935 3426 ita
1964 3370 2287 3459 priv-antur,
2321 3372 2388 3424 ut
2419 3375 2457 3426 ὃ
2489 3371 2549 3425 in
2586 3375 2638 3425 ὦ
2672 3373 2940 3430 transeat.

798 3540 1022 3596 Tts‘rm.
1096 3547 1157 3596 15
1202 3540 1387 3612 Epim.
1439 3540 1527 3599 Cr.
1578 3548 1703 3608 160,
1755 3547 1778 3595 1
1826 3541 1898 3596 κέ
1942 3538 2284 3608 σύνδεσμος·
2340 3537 2398 3594 οἰ
2439 3543 2566 3609 (scr.
2607 3533 2699 3610 ὃν)
2737 3548 2983 3611 Δωριεῖς
3028 3532 3065 3610 ἢ
3110 3535 3254 3609 μετὰ

661 3625 763 3681 τοῦ
809 3630 846 3678 ἶ
894 3624 1189 3695 λέγουσιν,
1241 3617 1278 3694 ἢ
1323 3627 1505 3697 τροπῇ
1551 3626 1654 3680 τοῦ
1706 3625 1734 3682 ἔ
1778 3624 1862 3688 εἰς
1906 3625 2027 3695 (a)
2063 3623 2157 3678 κοί.
2216 3654 2278 3664 -
2338 3629 2398 3678 17
2434 3625 2624 3694 Etym.
2659 3625 2806 3681 Flor-
2801 3625 3002 3727 napud
3046 3624 3253 3683 Miller.

660 3708 954 3780 Melangen
988 3727 1042 3779 p.
1080 3715 1182 3765 289
1218 3706 1401 3765 πολλα
1438 3704 1550 3780 γὰρ
1590 3708 1740 3765 εἰσὶν
1777 3704 2141 3779 ἐπιρρήματα
2191 3709 2274 3771 εἰς
2307 3712 2426 3763 θεν
2463 3705 2740 3780 λήγοντα,
2792 3729 2965 3765 ατινα
3002 3704 3256 3780 ἆποβάλ·

664 3799 827 3849 λοοσι
862 3790 971 3864 τὴν
1005 3797 1120 3850 &ss-v
1155 3790 1447 3865 συλλαβὴν
1484 3794 1584 3849 καὶ
1621 3790 1941 3850 ἐπιτείνουσι
1980 3789 2044 3848 τὸ
2082 3793 2112 3848 ὃ
2152 3792 2237 3857 εἰς
2277 3815 2352 3863 ω,
2400 3793 2525 3849 οἷον
2561 3796 2753 3851 πόθεν
2786 3795 2905 3862 στῶ,
2950 3794 3051 3849 καὶ
3085 3814 3247 3863 παρα

663 3876 941 3948 Σωφρονι
991 3880 1102 3933 πῶ
1150 3899 1237 3941 τις
1282 3867 1433 3935 ὦνον
1470 3875 1803 3948 ὥναὶσηταιζ
1886 3878 2174 3947 Σημαίνει
2221 3878 2323 3933 καὶ
2369 3876 2433 3935 τὸ
2470 3874 2663 3934 πόθεν
2700 3925 2713 3938 .
2750 3880 2849 3934 καὶ
2886 3875 3063 3933 πάλιν
3100 3876 3253 3933 ἔστιν

661 3957 931 4018 αὐτόθεν
967 3955 1151 4030 αὖτοῖ,
1188 3954 1322 4018 ἀντὶ
1357 3963 1462 4018 τοῦ
1498 3947 1558 4030 ἕξ
1597 3954 1777 4019 αὖτοῦ
1816 3959 1921 4017 τοῦ
1960 3962 2166 4032 τόπου,
2206 3962 2306 4017 καὶ
2345 3965 2572 4033 γίνεται
2611 3964 2715 4032 τῶ,
2754 3965 2854 4018 καὶ
2890 3959 2996 4017 οὖιι
3034 3960 3155 4032 ἔχει
3190 3959 3255 4016 τὸ

664 4059 710 4102 ἶ·
750 4046 851 4101 καὶ
887 4043 953 4102 τὸ
989 4047 1141 4101 τῶδε
1176 4048 1301 4115 (scr.
1337 4041 1507 4113 τώδε)
1555 4042 1619 4101 τὸ
1658 4051 1945 4116 σημαῖνον
1979 4041 2044 4102 τὸ
2084 4042 2179 4102 διό
2227 4042 2333 4103 οὔκ
2371 4046 2491 4117 ἔχει
2524 4043 2589 4102 τὸ
2626 4059 2664 4102 τ.
2749 4048 2937 4102 Τύῦτο
2974 4044 3041 4101 δὲ
3078 4043 3108 4100 ὁ
3146 4043 3253 4116 μὲν

653 4123 1023 4194 Ἀπολλώνιος
1057 4123 1264 4198 ὄξύνει
1303 4129 1414 4199 (Et.
1449 4128 1525 4185 M.
1561 4136 1679 4197 773,
1714 4133 1802 4198 20)
1839 4147 1889 4185 e.
1926 4149 1980 4200 q.
2015 4148 2057 4189 s.
2116 4131 2332 4186 Eadem
2367 4131 2486 4188 fere
2521 4133 2581 4186 in
2614 4131 2703 4191 Et.
2728 4131 2818 4190 Or.
2849 4137 2963 4198 137,
2991 4138 3070 4197 13,
3108 4146 3253 4199 quae

660 4215 720 4270 in
764 4216 853 4270 Et„
896 4214 974 4271 Μ.
1019 4220 1150 4282 698,
1189 4221 1258 4270 45
1308 4214 1579 4287 migrasse
1633 4214 1914 4271 videntur.
1970 4246 2033 4256 —
2086 4223 2153 4270 22
2195 4215 2285 4271 Et.
2333 4215 2409 4275 Μ.
2455 4221 2585 4285 698,
2630 4222 2698 4271 45
2759 4211 2839 4271 Τὰ
2898 4212 2964 4271 δὲ
3004 4209 3255 4285 πώμαλα

659 4299 818 4370 παρὰ
847 4293 1122 4362 Ἀττικοῖς
1156 4295 1220 4354 ἐν
1255 4300 1514 4372 παρολκῇ
1552 4301 1654 4355 τοῦ
1692 4296 1852 4371 μα’λα
1888 4301 2144 4369 γίνεται·
2191 4293 2465 4372 καθάπερ
2501 4302 2584 4368 (Σ
2619 4302 2701 4369 12)
2738 4300 2838 4356 καὶ
2874 4302 2958 4368 (Π
2991 4305 3130 4365 746).
3189 4296 3255 4354 τὸ

662 4382 729 4439 δὲ
774 4379 969 4440 πόθεν
1005 4380 1101 4439 ἐπὶ
1139 4383 1242 4454 τῆς
1279 4376 1350 4440 οὔ
1390 4380 1683 4454 ἀρνήσεως
1718 4385 1973 4454 συνεχῶς
2011 4384 2264 4456 λέγεται,
2316 4384 2468 4441 οἷον·
2517 4382 2804 4456 ἔγραψαςς
2851 4382 3074 4451 πόθενς
3124 4380 3257 4439 ἀντὶ

660 4470 763 4525 τοῦ
801 4465 890 4527 οὔ.
969 4468 1086 4525 Καὶ
1132 4466 1283 4525 κατὰ
1333 4469 1611 4540 τοιαύτην
1658 4471 1950 4538 σημασίαν
1994 4465 2057 4524 τὰ
2103 4465 2348 4540 πώμαλα
2384 4467 2545 4539 παρὰ
2574 4462 2847 4533 Ἀττικοῖς
2882 4471 3153 4540 σημαίνει
3189 4464 3255 4525 τὸ

661 4548 952 4625 οὐδαμῶς.
1021 4553 1422 4624 Etymologum
1458 4552 1753 4624 exscripsit
1787 4540 2155 4609 Phivorinus.

795 4704 985 4759 stca.
1026 4723 1220 4760 scum-r.
1290 4712 1337 4759 3.
1376 4712 1448 4775 τῇ
1484 4710 1630 4772 γοῦν
1663 4704 1729 4774 b,
1769 4723 1803 4775 η
1840 4722 1982 4771 γουν
2018 4707 2062 4761 Α
2109 4707 2120 4776 1
2168 4712 2217 4766 8.
2253 4708 2390 4762 ἄνευ
2427 4705 2556 4761 add.
2591 4706 2629 4761 b
2678 4708 2687 4775 Ι
2735 4712 2954 4764 21—22.
2992 4711 3117 4762 πῶ·
3155 4710 3250 4761 πῶ

658 4805 748 4845 τις
795 4792 935 4846 ὄνον
977 4790 1266 4845 ὸναςείται
1299 4789 1641 4856 HLAhrens,
1690 4793 1811 4843 πῶ·
1851 4795 1947 4845 πῶ
1992 4809 2078 4847 τις
2122 4792 2262 4846 ὄνον
2296 4793 2576 4846 ὁναςεῖται
2613 4791 2678 4859 b,
2726 4808 3253 4848 πωποτιςονονονα·

661 4891 833 4932 ςειται
869 4877 913 4931 Α
943 4882 953 4946 Ι
982 4881 1067 4928 24.
1102 4875 1344 4942 τέθνηκε
1382 4873 1661 4928 Homerus
