3738 5530
616 350 1060 408 Commentarius
1087 349 1316 407 criticus
1345 352 1404 408 et
1431 351 1752 423 exegeticus
1781 352 1841 408 in
1868 351 2160 425 Apollonii
2186 349 2416 423 Dyscoli
2445 353 2657 425 scripta
2684 351 2918 410 minora.
3009 349 3090 419 81

655 525 758 598 54,
781 524 862 582 15
921 522 997 582 ad
1052 516 1557 598 ὀρθοτονοῦνται
1606 526 1668 584 et
1712 525 1750 583 l.
1794 527 1875 584 17
1926 523 2003 584 ad
2062 518 2504 599 ὀρθοτονεῑται
2564 523 2960 602 supplendum
3007 528 3098 584 est

474 607 849 686 ‘interdum'3
895 613 967 672 cf.
1017 612 1216 673 adnot.
1264 613 1340 672 ad
1389 614 1782 688 8,15-17.ι

654 703 757 777 54,
781 704 862 761 18
912 697 983 762 ἐν
1031 697 1322 782 ςχήματι]
1372 700 1660 778 ςχήματα
1703 704 1799 764 vel
1847 698 2159 778 ἰδιότητες
2205 709 2347 764 sunt
2388 706 2667 782 propriae
2713 707 2774 764 et
2818 705 3097 765 insolitae

472 793 966 865 constructiones,
1031 810 1182 867 quae
1244 791 1544 870 legitimos
1608 793 1752 853 fines
1816 793 2186 871 egredientes
2247 795 2477 853 alienae
2530 796 2617 853 rei
2674 793 3098 873 significandae

472 883 831 956 inserviunt,
888 881 1056 941 velut
1099 880 1338 941 dativus
1384 881 1683 961 significat
1728 886 2029 942 auctorem
2078 875 2265 965 (quod
2312 884 2622 961 proprium
2667 886 2760 943 est
2803 875 3095 965 genetivi)

469 990 638 1048 pron.
689 972 769 1031 91
785 1016 801 1046 ,
835 971 945 1045 16,
1007 989 1224 1030 nomen
1276 973 1533 1049 primam
1587 973 1687 1032 vel
1741 971 2058 1032 secundam
2121 991 2437 1050 personam
2493 966 2681 1055 (quod
2735 975 2827 1032 est
2882 991 3096 1050 prono-

469 1052 677 1141 minis)
705 1059 784 1119 ib.
817 1061 921 1135 25,
941 1061 1047 1134 30,
1083 1060 1403 1139 singularis
1439 1062 1772 1138 complures
1807 1081 1922 1137 reS,
1957 1063 2209 1139 pluralis
2246 1082 2427 1122 unam
2464 1062 2541 1122 ib.
2577 1064 2724 1137 112,
2738 1064 3018 1137 7—113‚
3040 1064 3099 1138 5,

470 1151 867 1210 masculinum
921 1151 1205 1209 feminam
1260 1153 1415 1228 synt.
1466 1153 1692 1226 52,15.
1787 1150 1874 1211 cf.
1922 1154 2076 1228 synt.
2127 1153 2232 1227 36,
2253 1153 2353 1212 20.
2379 1154 2463 1211 24·
2477 1174 2495 1228 3
2556 1151 2977 1212 Friedlaender
3022 1152 3098 1211 ad

470 1241 732 1300 Ariston.
776 1242 833 1299 1.

655 1331 863 1406 54,19
912 1329 986 1389 cf.
1033 1348 1202 1406 pron.
1251 1331 1357 1404 49,
1378 1331 1446 1405 3·
1494 1332 1720 1406 91,18.

654 1420 759 1494 54,
782 1419 864 1478 28
914 1413 1046 1480 ἀπὸ
1091 1417 1204 1494 τῆς
1250 1414 1344 1498 ςέ]
1392 1438 1587 1480 11011110
1634 1421 2009 1481 scribendum
2056 1414 2188 1481 ἀπὸ
2234 1418 2348 1494 τῆς
2384 1415 2496 1480 re?
2542 1422 2615 1479 cf.
2647 1421 2753 1496 83,
2775 1421 2829 1479 3.
2922 1415 3097 1495 Τῆλυ

475 1528 546 1568 ex
591 1504 941 1582 τηλύγετος
986 1508 1192 1568 fictum
1240 1526 1364 1569 esse
1409 1513 1611 1570 censet
1653 1510 1797 1570 Ahr
1846 1510 2081 1570 dian.1
2120 1511 2268 1586 155,
2289 1511 2346 1569 8.

651 1598 736 1657 In
778 1583 959 1672 τύνη
1004 1597 1438 1672 paenultimam
1493 1600 1728 1675 lonymn
1773 1616 1920 1670 esse,
1978 1617 2109 1659 cum
2154 1591 2241 1661 τῦ
2287 1600 2455 1659 breve
2498 1601 2600 1669 sit,
2653 1616 2774 1660 non
2820 1603 2904 1660 est
2946 1600 3100 1674 quod

470 1690 721 1747 mireris.
811 1687 975 1747 Nam
1027 1688 1170 1762 quid
1224 1704 1438 1748 causae
1492 1693 1576 1749 est
1627 1707 1734 1749 cur
1787 1681 1875 1749 τῦ
1932 1692 2256 1763 correptum
2300 1691 2503 1764 potius
2547 1690 2824 1749 abnorme
2866 1690 3100 1749 dicatur

472 1795 652 1852 quam
695 1793 880 1852 τυνη
917 1778 1312 1852 productum?
1399 1777 1682 1838 Fortasse
1725 1795 1804 1855 νη
1854 1782 2131 1854 epectasis
2174 1778 2464 1853 syllabam
2508 1780 2930 1839 antecedentem
2954 1796 3097 1854 pro·

472 1869 663 1939 ducit,·
724 1869 859 1939 sieri
913 1870 1088 1927 etiam
1129 1870 1320 1942 potest
1369 1872 1437 1927 ut
1489 1869 1829 1944 analoyiam
1882 1868 2144 1929 aliarum
2197 1885 2402 1928 vocwm
2444 1870 2511 1927 in
2556 1885 2675 1943 υνη
2721 1873 2980 1929 secutum
3022 1871 3101 1928 stt

484 1957 798 2032 55,1—5.
888 1956 1163 2017 Boeticae
1206 1957 1433 2030 formae
1475 1962 1616 2018 stant
1658 1954 1793 2019 τού
1839 1954 2025 2020 τούν
2072 1952 2312 2030 τούγα
2359 1959 2464 2034 55,
2485 1959 2541 2017 6.

656 2047 760 2121 55,
783 2048 816 2104 1
874 2041 1047 2121 Τύνη
1109 2046 1375 2107 doricum
1434 2048 1654 2108 dicitur
1710 2047 1892 2108 schol.
1938 2047 1996 2107 A
2051 2047 2128 2108 ad
2183 2044 2239 2108 Ζ
2290 2049 2416 2107 262
2474 2048 2572 2107 all.
2621 2048 2693 2107 cf.
2740 2047 2884 2107 Ahr.
2932 2047 3096 2107 diall.

657 2181 762 2299 55,
784 2182 820 2283 2
870 2218 1049 2284 ‘Cum
1092 2225 1315 2285 diceret
1359 2221 1436 2286 τὸ
1473 2221 1630 2301 τύνη
1670 2221 2114 2302 ὠλιγωρῆςθαί
2149 2242 2320 2302 φαςι,
2366 2226 2514 2286 haec
2550 2226 2665 2287 sibi
2701 2245 2821 2286 non
2857 2226 3099 2303 probari

473 2314 861 2394 significavit.
916 2314 1094 2374 facile
1148 2315 1339 2392 igitur
1393 2318 1612 2376 omissa
1658 2316 2030 2419 supplemus.
2087 2311 2207 2376 οὐκ
2251 2309 2490 2390 ὀρθῶς·
2537 2311 2595 2375 τί
2640 2312 2765 2390 γὰρ
2813 2312 2892 2377 οὐ
2940 2314 3095 2391 μᾶλ-

474 2403 594 2464 λον
639 2399 794 2464 κτλ.’
840 2401 962 2462 Ska
998 2404 1030 2463 I
1070 2406 1123 2463 2.
1217 2404 1502 2466 Eiusdem
1548 2408 1780 2484 generis
1827 2406 2165 2482 exemplum
2209 2407 2302 2465 est
2346 2405 2479 2465 adv.
2524 2407 2670 2481 170,
2693 2406 2804 2480 25,
2849 2405 2921 2464 cf.
2961 2405 3095 2464 adn.

474 2493 552 2552 ad
603 2495 706 2569 14,
728 2496 826 2553 12.

653 2584 756 2658 55,
775 2585 816 2642 4
865 2583 988 2642 alia
1033 2601 1213 2643 causa
1257 2584 1503 2643 affertur
1543 2583 1619 2642 ab
1657 2583 1795 2643 Her.
1824 2583 1888 2643 H
1929 2586 2076 2659 200,
2099 2585 2180 2643 24
2222 2576 2336 2666 (=
2364 2583 2480 2642 EM
2516 2585 2663 2659 314,
2687 2575 2799 2665 50)
2840 2578 3093 2645 ἐκτέτα-

473 2687 575 2731 ται
622 2670 695 2732 δὲ
740 2668 818 2734 τὸ
864 2669 921 2743 ὖ,
964 2666 1075 2732 ἵνα
1121 2668 1202 2748 μὴ
1249 2667 1289 2747 ἡ
1338 2669 1665 2734 ἑπέκταςις
1711 2670 1943 2748 μείζων
1988 2671 2102 2747 τῆς
2149 2668 2306 2747 ὅλης
2352 2669 2586 2734 λέξεως
2630 2669 2910 2747 γένηται.

653 2762 757 2838 55,
778 2762 815 2822 5
879 2763 949 2822 cf.
997 2782 1163 2840 pron.
1223 2763 1336 2839 81,
1357 2764 1412 2823 9.
1478 2765 1581 2839 82,
1605 2764 1716 2840 13;
1779 2765 1935 2841 synt.
1987 2764 2258 2838 159,20.
2365 2762 2607 2823 Dronke
2651 2753 2713 2821 1¹³
2764 2764 2908 2824 109.
3001 2761 3096 2822 Ad

476 2837 670 2926 Βΰνη
718 2855 781 2912 et
825 2868 1015 2928 μυνη
1064 2854 1135 2912 cf.
1184 2852 1323 2912 Ηο1·.
1372 2871 1417 2913 s.
1464 2873 1559 2913 vv.

653 2942 756 3017 55,
776 2942 813 3000 6
864 2943 934 3000 of.
982 2960 1149 3018 pron.
1202 2943 1305 3019 50,
1328 2944 1440 3017 27·
1485 2942 1628 3001 Ahr
1677 2942 1841 3002 dian.
1889 2943 1921 3001 1
1962 2943 2106 3002 180.
2160 2944 2315 3018 2073
2359 2942 2497 3002 Mei.
2544 2942 2574 3000 1
2615 2944 2760 3002 273.

651 3023 721 3113 γ.)
785 3031 1024 3090 Tertiae
1086 3050 1374 3109 personae
1441 3033 1933 3108 55,7—56,12.
2047 3024 2384 3114 (Accedunt
2444 3026 2518 3092 ὅς
2572 3035 2633 3090 et
2678 3026 2717 3092 ὅ
2758 3056 2843 3079 ===
2883 3024 3093 3102 οὗτος,

474 3115 612 3193 ὅδε,
671 3114 890 3193 οὗτος,
949 3116 1217 3193 ἐκεῖνος,
1274 3116 1313 3181 ὁ
1360 3121 1566 3193 δεῖνα,
1625 3117 1844 3194 αὐτός,
1904 3140 2056 3198 quae
2101 3140 2210 3182 nos
2258 3142 2293 3180 a
2338 3121 2750 3198 personalibus
2797 3139 3097 3181 secernere

474 3212 887 3271 consuevimus
936 3210 1344 3286 56,13—64,
1368 3203 1496 3292 24).

650 3295 697 3359 ’Ἰ
743 3300 998 3373 formam
1040 3304 1180 3359 sunt
1222 3303 1323 3375 φιτ·
1367 3301 1702 3360 abnormem
1745 3302 1977 3373 dican&
2020 3318 2165 3361 nam
2208 3302 2431 3360 abiecta
2470 3298 2505 3360 ἱ
2545 3318 2575 3359 0
2608 3301 2900 3360 secundae
2933 3314 3093 3375 pers.

470 3391 678 3464 formis
723 3391 924 3449 tertiae
975 3391 1201 3463 formas
1255 3392 1462 3463 confici
1525 3382 1757 3472 (itaque
1813 3408 1885 3448 ex
1942 3386 2013 3450 ςύ
2060 3385 2099 3449 ὕ
2146 3390 2276 3449 fieri
2334 3380 2713 3470 oportuisse).
2806 3387 2935 3449 Alii
2991 3390 3098 3449 hoc

463 3483 772 3553 premunt,
844 3482 911 3538 in
974 3482 1143 3538 tertia
1204 3497 1364 3554 pers.
1431 3496 1500 3538 ea
1551 3480 1901 3554 personalia
1963 3496 2112 3554 quae
2154 3483 2307 3539 recto
2370 3484 2502 3539 tono
2555 3480 2946 3553 proferantur
3006 3497 3096 3539 re-

472 3572 816 3642 nea-iveram
861 3568 1049 3628 locum
1093 3570 1368 3641 obtinere,
1363 3590 1376 3603 ·
1417 3571 1543 3628 iam
1580 3564 1607 3628 5
1643 3586 1775 3629 cwm
1808 3571 2205 3629 nominativus
2239 3572 2330 3636 sit,
2376 3573 2596 3629 rectum
2631 3572 2833 3629 tonum
2865 3569 3093 3638 habere,

472 3661 668 3733 itaque
710 3660 1049 3732 retleoeivwm
1094 3675 1215 3719 esse
1249 3659 1484 3730 deberc,·
1526 3675 1739 3718 rursus
1772 3660 2053 3732 reflexiva
2086 3660 2443 3719 nominativo
2481 3675 2680 3719 carere
2727 3659 2831 3733 55,
2860 3659 3093 3717 7-12,

472 3748 588 3807 Sed
634 3750 717 3807 eis
761 3750 863 3822 φιτ·
905 3749 1160 3822 formam
1203 3750 1538 3822 vituperant
1577 3749 2023 3823 respondemus,
2069 3746 2103 3808 Ε
2149 3749 2373 3808 litterae
2417 3748 2766 3823 aphaeresin
2809 3750 2878 3807 in
2922 3749 3096 3806 tertia

472 3855 594 3897 non
636 3838 865 3896 admitti
906 3840 1026 3897 nisi
1068 3838 1170 3897 ubi
1204 3841 1409 3911 prima
1452 3838 1820 3913 secundaque
1865 3839 2066 3897 eadem
2111 3839 2511 3897 terminatione
2545 3840 2794 3897 utuntwr
2837 3832 3093 3915 (ἐμέθεν

476 3923 656 3987 ςέθεν
702 3921 894 4003 ἕθεν).
985 3927 1197 4001 Itaque
1242 3945 1374 3986 cum
1415 3929 1813 3987 nominativus
1846 3928 2136 3987 secundae
2172 3922 2304 4005 (ςύ)
2341 3928 2625 4001 discrepet
2659 3944 2699 3985 a
2733 3929 3092 3985 nominativo

465 4019 701 4091 primae
754 4012 969 4093 (ἐγώ),
1032 4018 1251 4076 mirum
1302 4033 1422 4077 non
1477 4020 1560 4077 est
1618 4019 1792 4076 etiam
1833 4019 2259 4076 nominativum
2303 4020 2505 4076 tertiae
2550 4010 2630 4094 (ἵ)
2677 4016 3012 4090 discrepare
3056 4033 3097 4074 a

475 4108 830 4165 nominativo
874 4107 1176 4166 secundae.
1272 4106 1385 4182 ριιι·
1427 4107 1495 4165 in
1539 4111 1778 4166 accentu
1820 4107 2073 4175 haerent,
2124 4109 2206 4166 eis
2242 4109 2586 4181 opponimus
2621 4105 3095 4165 orthotonumena

473 4199 540 4256 in
576 4198 746 4255 tertia
770 4212 930 4270 pers.
975 4212 1096 4255 non
1129 4213 1314 4270 usque
1349 4213 1577 4270 quaque
1619 4198 2028 4269 rekaivorum
2074 4199 2364 4255 notionem
2406 4195 2650 4255 maluere
2697 4194 3092 4270 55,12-2Ο.

475 4317 564 4327 --
608 4284 922 4345 Praeterea
963 4279 990 4343 5
1033 4286 1289 4359 somnam
1341 4290 1394 4346 et
1444 4285 1739 4361 Sophoclis
1793 4287 2179 4345 testimonium
2232 4289 2424 4345 tuetur
2477 4288 2529 4343 et
2582 4284 2867 4344 vocabula
2920 4301 3096 4359 quae-

476 4376 633 4445 dam,
679 4392 830 4449 quae
874 4392 1006 4435 cum
1051 4392 1122 4435 ea
1166 4376 1478 4450 composita
1524 4391 1645 4435 esse
1687 4375 1958 4435 videntm·
2003 4374 2487 4450 55‚20-56,6.

657 4465 761 4540 55,
783 4467 819 4525 7
874 4459 902 4524 ἵ
947 4463 1106 4541 apud
1149 4464 1264 4542 Ap.
1312 4468 1468 4525 certe
1526 4481 1734 4541 aspero
1789 4465 2009 4542 spiritu
2063 4462 2438 4525 scribendum
2484 4482 2610 4524 esse
2655 4462 2850 4523 elucet
2885 4482 2955 4523 ex
3000 4464 3094 4523 his

476 4554 537 4613 11.
584 4573 751 4631 pron.
804 4554 1041 4629 55,23.
1113 4555 1350 4630 56‚11;
1412 4557 1722 4632 praeterea
1784 4555 1856 4614 cf.
1920 4571 2088 4631 pron.
2139 4554 2328 4629 8,18.
2389 4556 2568 4629 lO,4.
2631 4554 2853 4627 11‚15.
2913 4555 3016 4628 29,
3038 4556 3093 4613 7.

477 4645 661 4719 45‚4.
719 4645 824 4718 60,
845 4645 944 4703 20.
996 4646 1234 4719 99‚11;
1280 4646 1434 4720 synt.
1479 4646 1746 4718 100,17.
1800 4644 2068 4718 167,26.
2122 4644 2389 4718 195,12.
2466 4642 2843 4718 Quamquam
2878 4645 3096 4702 mirum

476 4752 619 4793 sane
666 4737 774 4809 est,
821 4752 955 4792 eum
998 4727 1185 4808 ἴωροι
1232 4733 1306 4793 ab
1350 4729 1377 4793 5
1421 4735 1615 4793 forma
1659 4732 1929 4794 derivare
1974 4752 2167 4810 neque
2212 4732 2603 4810 discrepantis
2650 4732 2897 4807 spiritus
2932 4752 3093 4792 men-

474 4825 701 4883 tionem
745 4824 967 4898 facere,
1026 4826 1088 4883 et
1129 4825 1452 4900 postquam
1494 4817 1750 4898 ἵγνητες
1797 4822 1873 4883 ab
1921 4822 2127 4883 eadem
2173 4822 2465 4901 originem
2507 4820 2727 4881 habere
2772 4823 3095 4900 praecepit,

479 4912 711 4973 adicere
755 4911 869 4987 τῆς
915 4908 1169 4974 δαςείας
1205 4907 1503 4973 Ἀττικῶς
1548 4907 2021 4988 προςελθούςης
2070 4904 2170 4995 (cf.
2202 4911 2473 4972 Schmidt
2506 4930 2673 4989 pron.
2709 4903 2837 4993 14).
2914 4911 3095 4989 Apud

477 5004 703 5063 ceteros
767 5003 1188 5081 grammaticos
1252 5002 1427 5062 modo
1484 5021 1504 5063 ι
1559 5002 1736 5063 1110ᾱο
1793 4997 1820 5062 ἵ
1873 5004 2120 5082 legitur,
2185 4994 2259 5062 bf.
2314 5001 2453 5062 Her.
2500 5001 2532 5060 I
2569 5001 2719 5076 474,
2740 5003 2777 5061 6
2847 4994 2960 5085 (=
2997 5002 3095 5061 Jo.

585 5111 687 5163 Apo
688 5111 864 5155 nomas
891 5111 1128 5165 Dyscolun
1161 5112 1199 5156 1.
1227 5123 1280 5154 n.
2635 5106 2667 5155 6
