3738 5530
612 355 740 419 200
1515 360 1697 412 ΠΕΡΙ
1730 361 2291 417 ΕΠΙΡΡΗΜΑΤΩΝ.

1628 483 1670 519 p.
1697 472 1789 522 613,
1816 473 1866 512 ιο
1893 492 1943 502 -
1969 473 2061 521 615,
2089 473 2140 512 24
2166 474 2196 513 b

615 567 877 645 λογικὴν
936 565 1168 644 φράςιν
1230 564 1621 646 ὑπέφαινεν,
1689 564 1743 630 εἰ
1805 569 1887 646 μὴ
1942 563 2120 631 ἔλιπε
2175 573 2251 652 τῇ
2311 568 2443 652 διά,
2509 567 2609 635 ἀεὶ
2665 571 3046 657 ςημαινούςῃ
3102 574 3206 638 καὶ

614 667 1044 745 αἰτιολογιιξὴν
1103 666 1425 751 ςὺνταξιν,
1486 667 1575 732 ὡς
1633 666 1911 752 ἔφαμεν,
1969 669 2082 734 ἐπ’
2127 669 2464 748 αἰτιατικῆς
2509 671 2834 738 πτώςεως.
2884 710 2962 721 -
3024 674 3204 739 Ἀλλ’

619 768 828 834 ἐκεῖνό
872 770 963 834 τίς
1019 789 1198 849 φηςι·
1258 773 1428 835 «ποῦ
1476 770 1595 835 οὖν
1639 770 1678 850 ή
1725 771 2111 851 αἰτιολογικὴ
2158 777 2466 855 πτῶςις»;
2539 773 2722 853 Πρὸς
2780 775 2859 840 ὃν
2906 775 3200 855 φαίημεν,

618 869 707 935 ὡς
754 869 1183 936 ἀνεπέκτατός
1230 870 1394 936 ἐςτιν
1440 871 1510 938 ἐν
1554 880 1646 956 τῷ

547 986 579 1034 5
1315 973 1391 1038 τὸ
1437 975 1534 1037 καὶ
1581 974 1659 1039 οὔ
1701 996 1757 1039 τι
1803 976 2014 1041 πολὺν
2060 976 2303 1056 χρόνον
2349 977 2443 1059 (Μ
2488 975 2582 1058 9),
3254 991 3305 1031 2⁵

616 1075 768 1140 ὅθεν
825 1078 1006 1139 δοκεῖ
1049 1075 1151 1139 καὶ
1193 1075 1273 1139 τὰ
1316 1078 1428 1153 τῆς
1481 1075 1721 1141 τάςεως
1779 1078 2311 1158 ςυμμεμενηκέναι
2369 1079 2513 1143 κατ’
2566 1079 2782 1145 ὀξεῖαν
2838 1081 3045 1155 τάςιν,
3101 1083 3204 1145 καὶ

612 1177 692 1242 τὰ
733 1181 846 1255 τῆς
901 1180 1177 1256 γραφῆς.
1253 1178 1327 1242 τὸ
1386 1179 1611 1242 λεῖπον
1659 1177 1779 1245 οὖν
1834 1179 1874 1257 ἡ
1931 1180 2279 1260 μετάληψις
2337 1179 2646 1261 ἀπέλαβε,
2708 1182 2879 1258 λέγω
2925 1184 3042 1262 τὴν
3099 1182 3203 1246 διά

612 1279 932 1358 πρόθεςιν.
1019 1277 1116 1342 ἀεὶ
1179 1281 1304 1358 γὰρ
1358 1279 1438 1343 τὰ
1502 1283 2110 1360 μεταλαμβανόμενα
2176 1283 2341 1361 πρὸς
2399 1289 2687 1360 ποιητῶν
2753 1282 3059 1359 ἀνάγεται
3115 1283 3203 1349 εἰς

614 1381 966 1460 ςαφήνειαν
1012 1380 1113 1444 καὶ
1158 1380 1393 1459 ςυνήθη
1437 1381 1807 1461 προφοράν.
1881 1384 1985 1447 καὶ
2028 1384 2151 1462 γὰρ
2196 1385 2840 1465 μεταλαμβανόμενον
2886 1386 2962 1450 τὸ
3250 1397 3303 1437 ³⁰

515 1496 576 1544 10
1504 1480 1677 1547 ἴθυςε
1722 1483 1887 1563 μάχη
1934 1484 2184 1550 πεδίοιο
2232 1484 2314 1568 (Ζ
2358 1485 2426 1569 2)

613 1585 1053 1667 ἀπολαμβάνει
1098 1584 1213 1663 τὴν
1261 1584 1391 1661 διά,
1437 1583 1540 1647 καὶ
1582 1587 1657 1650 τὸ
1705 1587 1931 1650 λεῖπον
1977 1590 2090 1665 τῆς
2132 1588 2528 1666 προθέςεως,
2577 1587 2744 1668 ῥῆμα
2789 1588 2958 1664 λέγω

867 1685 1017 1751 ἀλλ’
1062 1683 1188 1750 ἄνα
1233 1686 1287 1750 εἰ
1332 1684 1612 1765 μέμονάς
1657 1706 1728 1762 γε
1777 1685 1822 1769 (Ι
1873 1687 2024 1768 247)
3238 1699 3339 1748 614

613 1789 702 1854 εἰς
746 1788 969 1865 ἐντελῆ
1015 1787 1365 1866 προφορὰν
1410 1791 1528 1851 τοῦ
1574 1785 1889 1867 ἀνάςτηθι.
1956 1789 2090 1853 Οὐκ
2134 1789 2348 1869 ἀήθως
2394 1792 2466 1856 δὲ
2511 1792 2612 1855 καὶ
2656 1792 2730 1857 τὸ
2777 1791 3200 1857 ὑποτακτικὸν

613 1891 875 1956 πάντως
919 1889 1267 1967 ἐπιζητήςει
1309 1889 1424 1967 τὴν
1483 1889 1614 1968 διά,
1680 1889 1759 1953 οὐ
1819 1892 2181 1970 δυνάμενον
2226 1892 2297 1956 ἐν
2356 1892 2520 1978 ἀρχῇ
2573 1893 3194 1974 παραλαμβάνεςθαι,

516 2007 580 2054 15
614 1993 690 2057 τό
733 2012 808 2068 γε
854 1993 973 2071 μὴν
1019 1989 1464 2069 προτακτικόν,
1511 1994 1846 2073 ήθιςμένον
1893 1994 2039 2057 κατ’
2083 1993 2287 2073 ἀρχὰς
2329 1993 2546 2069 λόγων
2577 1994 3196 2078 παραλαμβάνεςθαι,
3249 2010 3277 2051 ⁵

616 2094 735 2160 οὐκ
779 2094 942 2172 ἀήθη
988 2091 1129 2169 ἔςχε
1173 2093 1287 2170 τὴν
1333 2091 1477 2156 κατ’
1520 2094 1723 2174 ἀρχὰς
1768 2094 1951 2164 θέςιν.

784 2193 975 2273 Εἴπερ
1021 2194 1095 2259 τὸ
1141 2191 1513 2272 ἄντικρυς
1561 2195 1916 2276 βαρύνεται,
1962 2196 2021 2261 τί
2065 2197 2144 2275 δή
2189 2217 2349 2262 ποτε
2395 2197 2539 2276 οὐχὶ
2583 2200 2685 2262 καὶ
2728 2198 2804 2263 τὸ
2850 2199 2995 2262 κατ’
3038 2197 3199 2262 ἀπο-

617 2298 815 2378 βολὴν
876 2299 992 2360 τοῦ
1036 2299 1100 2372 ἒ,
1158 2297 1314 2360 καθὸ
1359 2297 1463 2360 καὶ
1519 2297 1628 2361 ἐπ’
1683 2297 1904 2362 ἄλλων
1959 2297 2124 2362 ἔςτιν
2182 2298 2543 2382 ἐπινοῆςαι,
2600 2300 2900 2374 πολλάκι,
2961 2298 3197 2376 ἑπτάκι,

612 2398 898 2477 τουτάκις
967 2398 1048 2462 Ἣ
1095 2398 1254 2462 καθὸ
1297 2398 1378 2462 τὰ
1423 2397 1512 2478 εἰς
1556 2405 1594 2464 ῦ
1652 2401 1935 2480 λήγοντα
1989 2399 2381 2479 ἐπιρρήματα
2437 2400 2638 2465 ἐθέλει
2694 2401 3051 2477 ὀξύνεςθαι,
3111 2402 3202 2466 ὡς
3255 2421 3305 2493 ιο

513 2517 580 2565 20
616 2502 745 2580 ἔχει
790 2502 865 2565 τὸ
911 2500 1139 2578 μεταξύ
1185 2499 1286 2564 καὶ
1330 2501 1403 2565 τὸ
1449 2500 1603 2566 εὐθύ
1618 2523 1632 2578 ;
1690 2501 1791 2583 (τὸ
1836 2502 1959 2580 γὰρ
2007 2500 2088 2565 ἔϋ
2134 2499 2284 2566 ἴςως
2329 2501 2461 2567 ἀπὸ
2507 2504 2869 2582 διαιρέςεώς
2915 2503 3038 2567 ἐςτι
3082 2507 3200 2568 τοῦ

613 2602 717 2685 εὖ,
775 2602 813 2680 ἢ
871 2601 973 2665 καὶ
1026 2600 1190 2679 τάχα
1243 2602 1623 2680 παράλογον
1681 2602 1812 2682 ἔχει
1866 2603 1985 2681 τὴν
2039 2603 2248 2685 τάςιν,
2317 2604 2406 2669 ὡς
2463 2591 2852 2685 δεδείξεται).
2900 2642 2981 2650 -
3035 2604 3201 2669 Ἐςτι

613 2705 715 2769 καὶ
744 2707 894 2787 τῇδε
927 2701 1403 2787 ἀποφήναςθαι,
1450 2703 1540 2769 ὡς
1585 2706 1832 2783 μᾶλλον
1869 2706 2257 2784 κατώρθωτο
2303 2707 2377 2772 τὸ
2424 2705 2779 2784 ἀντικρύ,
2825 2709 2937 2784 τῆς
2981 2705 3202 2783 ὑγιοῦς

612 2806 856 2871 τάςεως
911 2802 1257 2883 ὑπόμνηςις
1300 2807 1712 2886 καθεςτηκός,
1770 2807 1845 2871 τὸ
1907 2808 1979 2871 δὲ
2035 2804 2331 2886 ἄντικρυς
2389 2808 2691 2886 ήλόγηται
2738 2808 3198 2887 βαρυνόμενον,
3255 2828 3304 2867 15

614 2906 744 2983 εἴγε
802 2905 881 2970 τὰ
934 2909 1202 2970 τοιαῦτα
1254 2911 1386 2972 τῶν
1443 2907 1891 2987 ἐπιρρημάτων
1948 2907 2271 2985 ὀξύνεται,
2342 2908 2501 2985 ἰθύς,
2569 2908 2789 2984 ἐγγύς·
2856 2909 2958 2973 καὶ
3015 2908 3202 2973 ἕνεκα

513 3028 579 3075 25
613 3007 850 3073 τούτου
895 3005 1276 3086 παράλογον
1319 3006 1396 3072 τὸ
1440 3006 1752 3088 ἄντικρυς.

782 3109 934 3174 Τοῖς
978 3106 1068 3172 εἰς
1110 3112 1184 3173 ιῖς·
1229 3109 1529 3187 λήγουςιν
1576 3109 1904 3176 ὸξυτόνοις
1933 3111 2305 3189 παράκειται
2336 3110 2423 3176 εἰς
2455 3117 2492 3174 ῦ
2535 3112 2838 3193 λήγοντα,
2884 3110 3204 3191 ὁμόφωνα

617 3211 1009 3291 οὐδετέροις,
1057 3209 1483 3293 ἐπιρρήματα,
1530 3210 1621 3276 ὡς
1663 3211 1738 3276 τὸ

867 3310 1022 3390 εὐρὺ
1068 3310 1197 3390 ῥέει
1503 3360 1510 3365 .
3251 3335 3302 3374 20

613 3416 787 3493 παρὰ
830 3413 905 3478 τὸ
954 3411 1172 3491 εὐρύς,
1232 3412 1321 3477 ὡς
1364 3413 1441 3478 τὸ
1486 3417 1681 3495 ταχὺ
1726 3414 1964 3494 ἦλθεν
2020 3418 2197 3495 παρὰ
2239 3417 2315 3481 τὸ
2361 3419 2570 3495 ταχύς.
2643 3418 2745 3481 καὶ
2789 3422 2880 3499 τῷ
2929 3416 3049 3483 οὖν
3095 3412 3202 3482 ἐΰς

511 3536 578 3585 3ο
615 3516 855 3597 ὤφειλε
929 3518 1338 3593 παρακεῖςθαι
1413 3515 1728 3582 ὀξύτονον
1799 3519 1875 3583 τὸ
1949 3515 2061 3599 ἐῢ,
2150 3517 2312 3596 ὅπερ
2386 3522 2751 3599 ςυναιρεθὲν
2839 3518 3202 3595 ἀναγκαίως

611 3618 1033 3697 περιεςπάςθη
1109 3616 1213 3682 διὰ
1284 3618 1400 3695 τὴν
1475 3616 1546 3681 ἐν
1630 3618 1806 3701 αὐτῷ
1892 3619 2250 3700 δίφθογγον
2275 3638 2288 3652 ·
2372 3622 2699 3701 προλήψει
2779 3620 2997 3699 μέντοι
3081 3623 3199 3685 τοῦ

612 3722 936 3803 διῃρῆςθαι
979 3719 1096 3797 τὴν
1143 3739 1214 3782 ευ
1258 3717 1579 3799 ἐβάρυναν
1622 3720 1695 3784 τὸ
1742 3720 2069 3801 ἐπίρρημα.
3251 3740 3304 3781 25

620 3826 964 3910 *Anava
1059 3857 1117 3905 17
1171 3853 1467 3919 Ἂντικρυς
1530 3855 2028 3923 proparoxytonon
2081 3871 2227 3921 esse,
2281 3871 2408 3909 cum
2462 3856 2694 3924 ἀντικρύ
2750 3856 3073 3924 oxytonum
3109 3854 3199 3921 sit,

611 3935 864 3992 not-abile
902 3936 1007 3989 essa.
1047 3967 1110 3975 —-
1149 3941 1213 3989 26
1248 3936 1377 3989 Una
1411 3953 1539 3991 cum
1577 3938 1914 4007 (adiectivis)
1954 3941 2210 4008 oxytonis
2233 3939 2293 3993 in
2319 3958 2381 3993 υς
2408 3941 2635 3993 exstant
2655 3940 2924 3993 adverbia
2950 3939 3201 3993 eiusdem

611 4022 799 4091 stirpis
841 4019 901 4074 in
924 4025 997 4087 ῦ,
1045 4037 1190 4090 quae
1233 4037 1360 4075 cum
1407 4022 1621 4075 neutris
1656 4023 2015 4077 conveniunt.
2098 4024 2281 4090 Quare
2327 4026 2391 4079 ἐῢ
2426 4027 2736 4093 oxytonum
2773 4040 2891 4078 esse
2928 4023 3199 4092 debebam

611 4104 712 4159 sed
748 4120 817 4159 ex
852 4108 914 4161 εὖ
951 4105 1281 4161 distractum
1319 4122 1437 4160 esse
1475 4105 1581 4159 sibi
1616 4109 2029 4176 persuaserunt.

749 4223 973 4279 Tus-rm.
1029 4231 1093 4278 21
1132 4223 1313 4278 Schol.
1339 4224 1388 4278 V
1415 4223 1488 4278 ad
1514 4221 1558 4277 Ο
1591 4230 1684 4279 138
1702 4218 2071 4289 Ἀπολλώνιός
2108 4246 2286 4296 φησιν
2326 4223 2386 4282 ἐν
2412 4225 2489 4301 τῷ
2526 4227 2659 4297 περὶ
2697 4223 3100 4297 ἐπιρρημάτων
3129 4229 3196 4297 (2²)

611 4303 720 4377 ἠΰς
756 4310 854 4362 καὶ
893 4303 1094 4378 γενικὴ
1131 4302 1266 4376 ἠέος
1303 4309 1400 4362 καὶ
1439 4303 1754 4375 ὑπερθέσει
1793 4311 1896 4363 τοῦ
1937 4311 1963 4363 ἒ
1998 4306 2144 4379 ἑῆος.

748 4427 933 4481 D1scn.
969 4446 1165 4485 scam.
1222 4434 1270 4480 2.
1296 4427 1678 4494 αἰτιολογικὴν
1713 4428 1974 4484 ςὺνταξιν
2001 4427 2296 4496 GDronke,
2335 4429 2716 4496 αἰτιολογικὸν
2740 4432 3042 4497 ςὺνδεςμον
3069 4433 3159 4486 Ab
3189 4434 3195 4501 Ι

611 4520 661 4567 9.
700 4530 981 4581 ςαφηνιαν
1018 4514 1060 4566 Α
1115 4514 1124 4579 Ι
1180 4517 1258 4569 11.
1294 4511 1425 4580 post
1457 4512 1545 4566 διά
1581 4527 1800 4567 comma
1833 4513 2025 4581 posuit
2058 4512 2433 4579 RSchneider,
2474 4533 2578 4573 om.
2622 4516 2653 4568 b
2708 4518 2717 4583 Ι
2775 4521 2853 4570 16.
2890 4516 3021 4584 post
3055 4518 3200 4571 θέςιν

611 4596 871 4651 lacunam
907 4596 1107 4652 statuit
1132 4594 1410 4651 GDronke
1449 4598 1458 4664 Ι
1503 4601 1577 4654 17.
1602 4596 1773 4665 Εἴπερ
1807 4599 1902 4666 τὸ]
1942 4597 2036 4651 fol.
2080 4605 2175 4653 179
2202 4617 2250 4658 v,
2282 4602 2292 4668 Ι
2331 4607 2412 4658 20.
2452 4600 2585 4654 εὐθύ
2624 4598 2987 4655 ChALobeck
3028 4609 3036 4665 Ι
3076 4602 3205 4670 post

614 4683 748 4736 εὑθὺ
783 4681 1171 4750 interrogandi
1207 4681 1430 4750 signum
1465 4696 1569 4751 pro
1603 4683 1815 4751 puncto
1838 4683 2030 4752 posuit
2052 4682 2408 4740 RSchneider
2437 4687 2446 4753 Ι
2478 4690 2559 4739 25.
2594 4686 2726 4754 post
2747 4686 3007 4753 ἄντικρυς
3032 4686 3200 4739 inter-

614 4766 813 4821 cidisse
839 4766 978 4821 haec
1005 4767 1331 4833 παράλογον
1366 4767 1427 4820 δὲ
1463 4768 1596 4821 ἴςως
1621 4769 1710 4821 καὶ
1736 4769 1804 4821 τὸ
1841 4768 1905 4822 ἔϋ
1931 4769 2122 4822 censet
2146 4767 2369 4823 KLehrs
2400 4776 2408 4827 1
2439 4776 2520 4822 ⁶26.
2551 4771 2841 4826 ὀξυτόνοις
2865 4769 3201 4840 <ὸνόμαςι>9

612 4849 970 4906 RSchneider
1007 4854 1016 4920 Ι
1057 4858 1139 4907 29.
1180 4867 1260 4906 ως
1293 4868 1362 4906 το
1398 4853 1470 4919 Α,
1509 4854 1589 4907 ὡς
1623 4852 1696 4907 τὰ
1728 4852 1766 4905 b
1806 4853 1936 4923 130.
1976 4853 2039 4908 ἑΰ
2076 4852 2207 4919 b‚1*›
2244 4857 2288 4910 Α
2329 4859 2338 4923 Ι
2379 4862 2460 4913 ³2.
2498 4861 2561 4912 εὖ
2596 4855 2669 4922 b,
2706 4861 2740 4911 ῦ
2774 4857 2818 4911 Α
