3738 5530
1590 365 1964 418 Anvssssssm
2001 367 2078 419 m
2113 352 2181 419 Ξ.
3055 363 3171 428 167

458 580 555 631 578
588 571 843 633 τοιοῦτο
889 570 1245 647 παράθεςις.
1292 604 1372 613 —-
1426 569 1672 634 Ἄλλως
1725 591 1829 649 τε,
1889 570 1970 635 ὃν
2013 569 2260 650 τρόπον
2305 571 2481 648 παρὰ
2521 571 2640 647 τὴν
2685 569 2860 652 τόνῳ
2915 570 3173 647 δοτικὴν

584 670 659 734 τὸ
704 670 1061 751 ὁμόφωνον
1105 670 1345 746 γίνεται
1390 670 1701 751 ἐπίρρημα
1744 671 1957 754 τόνῳ,
2003 671 2211 737 οὕτως
2254 671 2358 736 καὶ
2401 671 2577 751 παρὰ
2620 672 2734 749 τὴν
2779 670 2965 753 πόρῳ
3004 675 3171 735 δοτι-

586 773 699 849 κὴν
743 774 817 837 τὸ
863 771 1228 837 ἀκόλουθον
1284 772 1541 848 ἐγένετο
1585 773 1792 856 πόρῳ.
1867 771 2019 836 ἴςως
2075 776 2146 838 δὲ
2191 774 2292 837 καὶ
2347 772 2386 836 6
2432 772 2834 849 πλεοναςμὸς
2879 776 2989 851 τῆς
3045 776 3173 836 δια-
3253 788 3258 793 ·

510 893 537 933 ⁵
588 876 834 941 λέκτου.
909 874 1010 938 διὸ
1056 873 1160 938 καὶ
1213 872 1252 937 6
1296 873 1594 952 πυρρίας·
1649 880 1725 958 τῇ
1780 876 1905 952 γάρ
1958 874 2162 952 πυρός
2214 879 2429 958 γενικῇ
2485 873 2997 954 παρωνόμαςται.
3074 874 3175 938 καὶ

588 976 626 1041 ὁ
679 976 924 1056 πυρρός
978 979 1129 1058 τῇδε
1183 974 1332 1053 ἔχει.
1376 1011 1459 1023 -
1517 975 1650 1040 Οὐκ
1704 976 1928 1052 ἀγνοῶ
1982 976 2053 1040 δὲ
2113 976 2203 1041 ὡς
2264 977 2425 1041 ἔνιοι
2479 977 2657 1053 παρὰ
2711 975 3008 1054 πρόθεςιν
3053 976 3172 1053 τὴν
3207 990 3241 1039 5

587 1078 748 1156 πρός
793 1098 946 1158 φαςι
988 1079 1377 1153 γεγενῆςθαι,
1426 1076 1585 1142 ὥςτε
1631 1077 1702 1142 ἐν
1747 1076 2088 1160 ὑπερβατῷ
2132 1081 2250 1142 τοῦ
2295 1082 2332 1157 ς’)
2376 1082 2746 1155 γεγενῆςθαι
2787 1077 3025 1156 πόρςω,
3072 1077 3174 1142 καὶ

588 1181 903 1259 μεταθέςει
957 1181 1075 1242 τοῦ
1130 1182 1163 1242 ἒ
1220 1177 1309 1244 εἰς
1364 1179 1440 1243 τὸ
1497 1184 1533 1258 β
1586 1179 1828 1257 πόρρω.
1914 1178 2032 1245 οὐκ
2085 1178 2301 1256 ἀήθως
2361 1182 2434 1244 δὲ
2488 1179 2589 1244 καὶ
2642 1182 2717 1245 τὸ
2772 1180 2807 1243 ἰ
2861 1177 2950 1243 εἰς
3005 1179 3082 1244 τὸ
3134 1178 3172 1257 ὅ

487 1298 536 1335 1⁰
587 1281 990 1362 μεταπίπτει,
1037 1280 1127 1345 ὡς
1173 1282 1211 1360 ἡ
1257 1282 1517 1360 μυρςίνη
1563 1280 1862 1361 μυρρίνη,
1910 1284 2166 1360 θαρςεῑν
2211 1283 2490 1361 θαρρεῖν.

750 1382 880 1446 Ἔτι
925 1383 1025 1447 καὶ
1068 1383 1143 1447 τὸ
1189 1382 1395 1447 οὕτω
1439 1381 1494 1447 εἰ
1536 1382 1696 1446 κατὰ
1750 1383 1942 1461 φύειν
1998 1380 2087 1447 εἰς
2141 1386 2195 1446 ῑύ
2255 1384 2458 1464 λήγει,
2516 1382 2703 1448 ἕνεκα
2751 1387 2868 1447 τοῦ
2927 1381 3170 1461 χρόνου

584 1487 701 1548 τοῦ
765 1484 1282 1562 παρεδρεύοντος
1349 1485 1842 1564 ςεςημειώςεται.
1925 1520 1991 1529 -
2073 1482 2224 1548 ὅθεν
2289 1484 2678 1568 διακριτέον,
2750 1484 3031 1564 πότερον
3098 1483 3169 1547 ἐν
3210 1498 3275 1548 ιο

585 1585 912 1663 προςθέςει
964 1584 1088 1651 ἐςτὶ
1142 1588 1260 1650 τοῦ
1314 1587 1349 1649 Ε
1402 1586 1478 1650 τὸ
1533 1584 1741 1650 οὕτως
1797 1587 1836 1664 ἢ
1894 1584 1966 1650 ἐν
2021 1583 2348 1664 ύφαιρέςει
2401 1588 2519 1650 τοῦ
2572 1591 2604 1649 Ε
2648 1586 2764 1669 <τὸ
2809 1585 3045 1667 οὕτω).
3089 1620 3173 1631 -

488 1702 537 1740 15
587 1686 793 1751 Οὐδὲν
858 1693 992 1752 τῶν
1050 1686 1139 1752 είς
1197 1692 1250 1751 ω’
1308 1686 1642 1764 ληγόντων
1709 1686 2154 1766 ἐπιρρημάτων
2218 1687 2293 1751 τὸ
2359 1692 2394 1751 ἒ
2453 1690 2613 1752 ποτὲ
2678 1687 3172 1768 προςλαμβάνει,

586 1787 909 1867 ἀπειράκις
956 1787 1174 1868 μέντοι
1218 1789 1298 1853 τὰ
1341 1787 1431 1852 εἰς
1474 1792 1509 1852 Ε
1553 1787 1834 1865 λήγοντα
1879 1788 2202 1868 βαρύτονα
2244 1787 2637 1869 ἐπιρρήματα
2679 1790 2756 1856 τὸ
2799 1794 2833 1854 ἰ
2888 1788 3173 1867 ἀποβάλ-

585 1892 703 1954 λει·
770 1890 1077 1967 δεύτερον
1138 1888 1264 1968 ἄρα
1329 1890 1457 1955 ἐςτὶ
1510 1891 1586 1955 τὸ
1644 1890 1817 1954 οὕτω
1868 1894 1988 1954 τοῦ
2043 1890 2272 1954 οὕτως.
2333 1925 2413 1949 -.-
2479 1890 2574 1955 Τά
2627 1889 2716 1955 εἰς
2772 1896 2829 1954 ὤ
2894 1890 3175 1968 λήγοντα

584 1992 975 2071 ἐπιρρήματα
1020 1992 1335 2056 δείκνυται
1378 1992 1419 2069 ἢ
1465 1991 1596 2055 ἀπὸ
1644 1991 1989 2072 ὀνομάτων
2034 1998 2168 2057 τῶν
2213 1991 2293 2055 οὐ
2333 1998 2643 2070 τριγενῶν
2682 1991 3175 2072 ἐςχηματιςμένα
3213 2007 3275 2054 ¹5

485 2110 536 2147 ευ
585 2094 622 2171 ἢ
666 2093 798 2157 ἀπὸ
844 2093 1248 2176 προθέςεων,
1311 2094 1400 2157 ὡς
1447 2092 1595 2171 ἔχει·
1623 2093 1700 2157 τὸ
1743 2093 1955 2177 τόνῳ,
2010 2093 2251 2177 κύκλῳ,
2310 2092 2480 2157 κάτω
2526 2093 2628 2157 καὶ
2679 2094 2759 2159 τά
2816 2094 3039 2173 ὅμοιοι·
3097 2093 3176 2158 τὰ

584 2196 653 2258 δὲ
716 2194 806 2258 εἰς
876 2199 966 2258 ως
1030 2194 1476 2274 περατούμενα
1537 2194 1798 2260 πάντως
1875 2195 2007 2260 ἀπὸ
2073 2199 2382 2273 τριγενῶν
2448 2200 2816 2271 πτωτικῶν,
2888 2193 3175 2276 κούφως,

584 2296 806 2376 φίλως,
853 2297 1070 2376 μέςως,
1118 2297 1379 2375 ταχέως,
1426 2297 1723 2379 εύςεβῶς,
1779 2300 2006 2363 καλῶς.
2087 2296 2213 2361 ἔςτι
2257 2296 2328 2360 δέ
2372 2316 2444 2374 γε
2489 2296 2565 2360 τὸ
2611 2294 2806 2361 οὗτος
2850 2295 2931 2361 ού
2977 2316 3174 2375 μονα-

584 2397 795 2476 δικόν,
848 2398 1144 2493 ιτριγενὲς
1194 2389 1293 2463 δέ.
1375 2401 1573 2480 ςαφὲς
1629 2397 1749 2463 οὖν
1818 2397 1919 2461 ὅτι
1975 2398 2075 2463 καὶ
2127 2399 2287 2462 κατὰ
2340 2401 2535 2462 τοῦτο
2590 2398 2665 2462 τὸ
2728 2396 2936 2463 οὕτως
3003 2397 3172 2462 ἐντε-

585 2500 897 2577 λέςτερον.

482 2617 535 2656 ²⁵
752 2601 931 2665 Ἴςως
975 2621 1067 2665 τις
1114 2601 1388 2680 οίήςεται
1431 2602 1509 2668 τὸ
1553 2603 1956 2681 παράδειγμα
2010 2601 2331 2679 ἑνέχεςθαι
2375 2602 2648 2666 πολλοῖς
2702 2599 3175 2683 ἀντικειμένοις,

585 2702 915 2782 πρόληψιν
969 2700 1141 2782 ἔχων
1194 2706 1313 2768 τοῦ
1370 2701 1467 2769 ὅτι
1525 2706 1700 2784 παρὰ
1754 2705 1828 2769 τὸ
1885 2703 2231 2781 ἐγγύτατος
2289 2702 2450 2787 <τὸ)
2506 2700 2833 2780 ἐγγυτάτω
2891 2701 3173 2782 ἐγένετο,

586 2804 758 2883 παρά
801 2824 870 2868 τε
914 2805 990 2869 τὸ
1035 2805 1352 2870 ἐςώτατος
1395 2806 1472 2872 τὸ
1517 2805 1845 2888 ἐςωτάτω,
1892 2807 1992 2870 καὶ
2034 2805 2126 2870 ἔτι
2171 2806 2273 2871 ἐπὶ
2318 2808 2449 2871 τῶν
2493 2804 2811 2870 τοιούτων
2856 2803 3176 2882 ὑπερθετι-

588 2910 736 2970 κῶν.
817 2904 981 2984 ὅπερ
1027 2907 1223 2986 ἐχρῆν
1268 2909 1369 2971 καὶ
1411 2908 1530 2974 τὸν
1573 2908 1928 2988 Τρύφωνα,
1988 2906 2522 2986 ἀποφαινόμενον
2577 2907 2693 2971 τὸν
2748 2906 3174 2984 προκείμενον

487 3022 539 3063 ³0
588 3007 858 3077 κανόνα,
918 3009 1062 3086 περὶ
1105 3014 1236 3074 τῶν
1291 3009 1668 3075 δοκούντων
1714 3008 1804 3074 ὡς
1857 3008 2311 3088 ἀντικειμένων
2370 3008 2902 3087 ἀπολογήςαςθαι.
2973 3007 3052 3071 τὰ
3095 3007 3173 3084 δὴ
3209 3021 3241 3066 ‘2

590 3106 706 3172 οὖν
750 3109 1135 3189 προκείμενα
1181 3111 1573 3190 ἐπιρρήματα
1616 3110 1697 3175 ού
1740 3112 1917 3189 παρὰ
1945 3111 2026 3178 τὰ
2055 3110 2438 3190 προκείμενα
2468 3109 2846 3189 ὑπερθετικὰ
2888 3107 3174 3188 ὀνόματα

717 3276 934 3330 Anava.
1006 3283 1038 3330 5
1075 3276 1315 3342 Quidam
1350 3277 1489 3331 illud
1525 3294 1560 3332 a
1594 3279 1737 3346 πρός
1783 3277 2200 3347 praepositione
2238 3277 2482 3331 derivari
2519 3278 2767 3331 censent.
2807 3305 2872 3315 —
2913 3282 2944 3329 9
2970 3277 3173 3332 Οὕτως

590 3359 755 3427 plena
789 3361 970 3414 forma
1019 3363 1129 3426 est,
1184 3378 1294 3416 non
1341 3365 1511 3420 οὕτω.
1602 3362 1743 3416 Nam
1804 3361 2075 3417 adverbia
2125 3361 2183 3415 in
2230 3379 2277 3415 ω
2323 3377 2433 3415 non
2482 3364 2773 3416 assumunt
2822 3367 2858 3418 ἶ
2901 3362 3172 3427 litt-eram,

590 3460 728 3511 quae
774 3460 909 3498 vero
952 3446 1011 3499 in
1056 3453 1085 3501 ’ς
1135 3448 1370 3514 exeunt,
1418 3459 1542 3501 eam
1589 3445 1741 3501 haud
1788 3463 1914 3500 raro
1969 3446 2250 3510 abiciunt3
2306 3444 2535 3507 deinde,
2589 3463 2734 3514 quae
2771 3464 2807 3500 a
2852 3446 3173 3502 nominibus

589 3528 821 3597 triplicis
855 3531 1079 3599 generis
1113 3531 1464 3597 derivantur,
1501 3532 1562 3585 in
1598 3538 1677 3586 ιῙΓς
1713 3533 1940 3585 exeunt.
1978 3561 2040 3570 -
2078 3537 2137 3584 21
2178 3530 2427 3596 Quacum
2474 3530 2674 3600 regula
2717 3531 3013 3597 ἐγγυτάτω
3059 3546 3172 3584 non

588 3615 830 3682 pugnam
876 3631 1009 3669 nam
1045 3630 1157 3668 non
1194 3615 1265 3669 ab
1317 3617 1624 3682 ἐγγύτατος
1659 3615 1969 3682 adiecfim,
2022 3615 2118 3669 sed
2166 3631 2200 3668 a
2234 3614 2476 3683 positivo
2514 3613 2827 3669 adverbiali
2860 3613 3168 3669 deseendit.

718 3765 943 3824 Tae-rna.
1009 3773 1071 3821 14
1093 3767 1274 3836 Epim.
1303 3766 1389 3826 Cr.
1417 3773 1541 3832 307,
1566 3774 1599 3821 9
1636 3763 1705 3822 τὰ
1744 3760 1859 3822 vind
1899 3767 2174 3835 τριγενῶν
2212 3761 2509 3833 ὀνομάτων
2546 3761 2825 3836 γινόμενα
2859 3761 3172 3837 μεσότητος

594 3843 950 3921 ἐπιρρήματα
976 3849 1061 3915 εἰς
1086 3859 1159 3914 ῖς
1199 3847 1397 3923 λήγειν
1432 3845 1794 3917 ὀφείλουσιν·
1837 3849 1962 3906 οἷον
1999 3847 2175 3916 καλός
2211 3848 2360 3922 καλή
2382 3851 2561 3906 καλόν
2586 3852 2799 3915 καλῶς·
2827 3853 2997 3920 φίλος
3024 3851 3169 3918 φίλη

589 3936 755 3999 φίλον
804 3938 1012 4004 φίλως·
1059 3937 1279 4005 κοῦφος
1326 3930 1517 4005 κούφη
1563 3935 1790 4005 κοῦφον
1834 3932 2095 4005 κούφως·
2143 3925 2283 3992 ὅταν
2322 3935 2387 3991 δὲ
2427 3931 2504 4007 μὴ
2555 3934 2814 4006 τοιγενὲς
2860 3925 2922 4004 ᾖ,
2969 3933 3053 3997 εἰς
3089 3937 3174 3999 “iv—e

589 4018 652 4084 (ω
690 4038 798 4076 aer.
822 4020 1161 4089 JAcramer)
1202 4017 1493 4091 λήγουσιν,
1533 4019 1656 4076 οἷον
1693 4019 1903 4084 κύκλος
1939 4017 2149 4092 κύκλῳ,
2188 4016 2332 4090 πρός
2367 4015 2576 4087 πρόσω.
2625 4019 2706 4079 cf,
2731 4019 2819 4079 Et.
2844 4019 2919 4074 M.
2945 4027 3063 4089 643,
3088 4027 3170 4080 32.

588 4104 671 4164 Et.
708 4104 850 4159 Gud.
887 4112 1005 4172 443,
1042 4112 1123 4165 21.

589 4212 737 4221 ——-

723 4242 915 4299 Dnscn.
952 4258 1151 4297 ecum.
1210 4251 1258 4298 3.
1296 4261 1492 4312 πορρω
1531 4246 1573 4299 Α
1627 4251 1636 4308 Ι
1689 4244 2086 4309 διπλαςιαςμός
2131 4257 2234 4310 pro
2271 4242 2624 4307 πλεοναςμός
2660 4240 2939 4296 GDronke
2987 4243 2998 4311 Ι
3045 4247 3172 4312 post

589 4329 936 4392 πλεοναςμός
963 4329 1049 4380 est
1073 4345 1211 4395 ατης
1237 4328 1293 4381 in
1315 4330 1377 4394 Α,
1402 4328 1499 4383 sed
1520 4328 1677 4382 uncis
1695 4327 1972 4381 inclusum
2004 4331 2014 4391 Ι
2043 4333 2086 4380 4.
2107 4332 2288 4394 πυρρι·
2305 4343 2406 4394 pro
2427 4342 2660 4393 πυρριας
2683 4328 2725 4380 Α
2757 4329 2766 4393 Ι
2796 4331 2843 4381 8.
2859 4328 3091 4394 μυρρίνη
3115 4327 3166 4391 b,

590 4429 781 4481 μυρινη
803 4413 845 4466 Α
878 4415 887 4476 1
936 4418 1012 4466 10.
1033 4418 1138 4466 τοῦ
1173 4418 1277 4481 τῆς
1312 4414 1763 4480 παρεδρευούςης
1798 4427 1901 4481 pro
1934 4417 2040 4466 τοῦ
2072 4412 2519 4479 παρεδρεύοντος
2541 4407 2819 4464 GDronke
2859 4413 2870 4479 Ι
2912 4417 2988 4466 10.
3019 4428 3171 4478 ςεςη-

590 4514 874 4561 μειωςεται
909 4497 1180 4566 seriptum
1217 4500 1341 4552 erat
1376 4498 1432 4550 in
1471 4500 1543 4562 Α,
1582 4495 1680 4550 sed
1706 4495 1878 4550 erasis
1902 4513 1959 4551 ςε
1985 4495 2188 4550 litteris
2213 4497 2299 4549 est
2322 4510 2713 4561 ςεςημειωται,
2750 4498 3171 4564 ςεςημειώςεται

591 4580 660 4646 b!
694 4588 771 4636 ιι.
806 4597 1091 4650 υφαιρεςει
1130 4585 1201 4649 Α,
1250 4583 1535 4650 ἀφαιρέςει
1574 4584 1610 4634 b
1652 4587 1660 4636 Ι
1698 4584 1768 4636 τὸ
1805 4584 1961 4636 οὕτω
1998 4580 2126 4635 add.
2162 4580 2200 4633 b
2247 4585 2256 4645 1
2304 4585 2378 4636 18.
2415 4595 2601 4633 omme
2637 4582 2679 4634 Α
2721 4583 2730 4645 1
2770 4585 2852 4633 21.
2889 4581 3172 4646 ἐνέχεςθαι

590 4664 948 4721 RSkrzeezka
982 4667 1040 4720 et
1074 4666 1116 4718 L
1154 4683 1221 4720 ex
1258 4667 1605 4732 coniectura,
1653 4668 1717 4719 ut
1752 4665 2002 4729 videtur,
2050 4681 2180 4718 nam
2216 4666 2273 4718 in
2312 4666 2354 4719 Α
2393 4666 2479 4718 est
2513 4668 2816 4732 ερεχεςθαι,
2863 4665 2944 4718 ita
2976 4665 3170 4720 tamen

592 4751 650 4803 ut
681 4768 808 4820 pars
853 4768 887 4817 ρ
931 4750 1155 4806 litterae
1194 4767 1353 4805 erasa
1388 4751 1491 4814 sit,
1538 4753 1788 4819 ἐρχεςθαι
1825 4751 1862 4802 b
1900 4751 1956 4803 in
1996 4751 2182 4816 textu,
2231 4749 2311 4802 (Ρ.
2348 4752 2583 4816 ἔχεςθαι’
2631 4748 2707 4803 id.
2743 4750 2798 4803 in
2837 4765 2951 4805 var.
2987 4750 3117 4807 lect.
3161 4753 3166 4818 Ι

593 4840 667 4891 22.
698 4839 768 4891 τὸ
806 4835 937 4891 add.
976 4835 1014 4890 b
1054 4839 1063 4901 Ι
1101 4842 1183 4892 25.
1221 4837 1446 4892 litterae
1483 4853 1675 4902 μενων
1709 4839 1969 4903 απολογη
2008 4838 2075 4890 A²
2110 4836 2168 4889 in
2204 4850 2399 4887 rasura

3205 2512 3275 2561 ς20
