3738 5530
605 339 1046 398 Commentarius
1074 340 1300 397 criticus
1328 342 1389 396 et
1414 339 1736 411 exegeticus
1764 339 1822 394 in
1850 338 2139 410 Apollonii
2166 339 2396 409 Dyscoli
2423 342 2637 412 scripta
2661 341 2894 397 minora.
2974 342 3096 409 181

488 514 636 573 ausf.
683 532 768 591 gr.
816 502 978 588 Spr.²
1019 510 1052 569 I
1099 512 1221 570 201
1256 531 1313 569 n.
1414 510 1951 571 Grammaticorum
2009 512 2351 571 testimonia
2411 511 2611 591 Bergk
2669 515 2965 592 congessit
3023 514 3099 574 ad

487 604 557 662 fr.
600 603 682 662 59
730 601 1051 660 Alcmanis.

670 691 873 766 165,8
936 684 1044 768 οὐ]
1105 682 1172 748 ⁰?
1208 687 1538 750 Conieceris
1597 683 1679 750 αὖ
1736 683 1967 751 πάεαε’
2026 688 2212 749 Lehrs
2269 692 2334 749 in
2379 691 2533 749 Ann.
2580 693 2695 751 litt.
2741 690 2873 751 Jen.
2926 693 3097 752 1879

483 802 541 858 p.
584 782 729 840 224.
811 779 960 839 Mihi
1005 780 1222 839 codicis
1268 780 1566 857 scriptura
1608 781 1868 857 genuina
1904 777 2141 839 videtur
2185 797 2337 856 esse3
2383 773 2559 840 ‘talia
2603 775 2965 860 augmenta',
3008 784 3097 841 in-

485 872 636 949 quit,
681 864 911 946 ‘qualia
945 871 1085 928 sunt
1119 865 1243 945 &iv
1280 861 1353 928 δὲ
1401 868 1538 943 alia,
1583 868 1688 928 ubi
1723 888 1841 929 non
1881 867 1956 927 ad
1993 867 2274 930 adverbia
2317 869 2682 947 procreanda
2727 870 3099 947 adhibentur,

485 960 590 1020 sed
630 961 938 1020 nominum
975 958 1179 1018 formis
1226 957 1547 1019 efficiendis
1581 960 1934 1033 inserviunt,
1978 976 2147 1018 casus
2182 978 2302 1018 non
2336 961 2556 1037 regunt
2594 962 2631 1019 i.
2664 980 2712 1020 e.
2751 980 2868 1020 non
2907 963 3097 1021 certos

486 1049 773 1127 quosdam
817 1066 987 1109 casus
1031 1048 1144 1108 sibi
1191 1050 1529 1125 exposcunt,
1573 1048 1676 1108 sed
1723 1047 1972 1108 diversis
2017 1046 2249 1108 casibus
2295 1044 2709 1127 subfiguntur’.

664 1139 812 1215 165,
833 1139 871 1198 9
917 1134 1022 1198 καὶ
1074 1132 1198 1212 γὰρ
1243 1169 1317 1178 —-
1355 1141 1430 1197 11
1483 1136 1721 1198 πτῶειν
1773 1132 1884 1217 ἦν]
1931 1131 2096 1198 ‘nam
2149 1133 2399 1199 τοιόεδε
2454 1138 2711 1200 τοιοῦδε
2763 1159 2871 1216 per
2926 1157 3096 1200 casus

483 1229 798 1305 flectimus,
845 1229 958 1287 etsi
1003 1229 1088 1286 eis
1131 1219 1206 1287 δῖ
1251 1230 1678 1305 paragogicum
1724 1226 2032 1303 adhaeret,
2079 1226 2239 1304 quod
2294 1230 2636 1305 ceteroquin
2692 1227 2769 1288 ad
2815 1228 3098 1289 adverbia

486 1317 757 1380 accedere
811 1317 963 1377 solet
1016 1308 1372 1399 (nominales
1424 1318 1613 1394 igitur
1669 1333 1795 1377 esse
1855 1333 2028 1376 casus
2086 1335 2206 1377 non
2265 1309 2623 1398 desierunt);
2681 1338 2823 1377 nam
2881 1320 2932 1378 si
2990 1338 3098 1396 per

483 1408 756 1468 suffixam
802 1400 873 1467 δῖ
920 1405 1213 1484 syllabam
1259 1404 1543 1466 adverbia
1586 1407 1749 1467 facta
1793 1408 2005 1481 esseut,
2049 1404 2497 1467 indeclinabilia
2540 1402 2898 1468 evaderent’.
2971 1407 3093 1467 Ita-

484 1518 597 1574 que
641 1498 896 1557 Dronln’i
940 1497 1355 1571 coniecturam,
1400 1514 1583 1572 quam
1626 1495 1772 1556 olim
1808 1489 1868 1579 (Ι
1905 1488 2064 1576 472)
2102 1495 2445 1573 probabam,
2489 1515 2647 1556 nunc
2690 1516 2810 1556 non
2856 1496 3094 1574 adopto.

483 1587 786 1647 Particula
830 1580 911 1646 ἄν
957 1586 1176 1645 omissa
1219 1587 1311 1645 est
1355 1604 1393 1645 a
1436 1586 1739 1663 scriptore,
1787 1606 1840 1645 v.
1879 1587 2188 1645 comment.
2236 1585 2309 1645 de
2355 1586 2467 1663 Ap.
2505 1588 2763 1646 consuet.

663 1676 907 1751 165‚11
960 1675 1032 1733 cf.
1071 1673 1212 1734 Lob.
1255 1673 1370 1732 Eu,
1407 1673 1470 1732 Π
1516 1675 1661 1734 260.

664 1765 1089 1842 165,11-12
1147 1758 1246 1824 ὅτι
1302 1759 1372 1824 ἐν
1426 1764 1519 1844 τῷ
1574 1758 1693 1840 ἧφι
1749 1759 1968 1840 βίηφιν
2023 1758 2379 1838 ὁλόκληρος
2424 1760 2465 1839 ἡ
2516 1760 2901 1844 παραγωγή]
2950 1759 3093 1841 ’ἧφι

484 1851 661 1932 βίηφι
705 1857 797 1915 ita
841 1854 1097 1914 derivari
1142 1856 1212 1912 ut
1254 1855 1464 1914 nativa
1508 1854 1700 1914 forma
1742 1855 1979 1932 integra
2022 1856 2260 1914 servata
2303 1848 2426 1929 sit',
2472 1875 2526 1914 v.
2564 1854 2841 1932 paraphr.

664 1944 808 2019 165,
831 1945 910 2003 12
968 1937 1374 2021 ἀφαιρετικὴ]
1435 1937 1854 2017 ὑφαιρετικήῖ
1917 1942 2196 2022 Egenolff
2233 1943 2265 2002 I
2311 1944 2472 2018 8443
2535 1943 2573 2002 l.
2618 1947 2697 2004 17
2760 1938 3093 2020 ὑφαίρεειν

476 2034 637 2095 idem
663 2033 734 2092 V.
773 2033 971 2093 adnot
1011 2032 1088 2093 ad
1135 2033 1401 2107 167,11.

661 2124 807 2199 165,
831 2119 1088 2182 16-17
1136 2116 1217 2182 τὰ
1263 2116 1678 2200 προκείμενα]
1711 2123 1748 2181 i.
1780 2142 1825 2181 e.
1867 2118 2204 2198 χαλκόφιν,
2253 2119 2559 2199 δεξιόφιν.
2588 2154 2676 2166 -
2703 2117 3096 2198 Ἀκουόμενα

476 2208 715 2288 ἔχοντα
761 2210 1042 2287 ετοιχεῖα
1084 2213 1122 2270 i.
1162 2231 1208 2271 e.
1257 2211 1400 2287 quia
1454 2212 1690 2270 litterae
1745 2231 1898 2288 quae
1954 2215 2092 2270 ante
2138 2211 2433 2287 syllabam
2486 2216 2910 2292 paragogicam
2955 2231 3094 2290 sup-

470 2320 712 2379 pressae
758 2304 913 2377 sunt,
959 2299 1000 2360 ῦ
1043 2303 1107 2359 in
1154 2296 1489 2375 χαλκόφιν,
1537 2298 1574 2360 V
1619 2302 1682 2359 in
1728 2296 2035 2376 δεξιόφιν,
2084 2303 2263 2361 antea
2307 2301 2718 2362 audiebantur.

658 2392 910 2466 165‚18
959 2387 1160 2465 εαφὲε
1204 2383 1323 2449 οὖν
1370 2385 1454 2466 (b,
1491 2405 1652 2460 γουν
1696 2385 1777 2467 Α)
1823 2384 1950 2460 ὅτι,
1997 2383 2117 2449 κᾶν
2164 2385 2430 2470 ἐλλείψῃ
2477 2387 2554 2451 τὸ
2599 2389 2637 2462 ἰ,
2684 2394 2721 2449 i.
2760 2410 2808 2449 e.
2857 2391 3093 2452 etiamsi

472 2479 497 2542 ῐ
541 2484 605 2540 in
649 2474 768 2556 ἧφι
818 2476 994 2556 βίηφι
1049 2498 1168 2539 non
1215 2476 1558 2553 ascribitur,
1611 2478 1714 2538 sed
1768 2496 2009 2555 prorsus
2065 2481 2392 2555 omittitur,
2446 2475 2525 2540 οὐ
2580 2476 2913 2555 πρόδηλον
2969 2477 3091 2542 ἕξει

475 2565 596 2644 τὴν
642 2565 1007 2643 ὑποετολήν
1052 2568 1175 2628 scil.
1224 2567 1481 2629 auribus.

652 2650 715 2741 e)
770 2655 1072 2719 Adverbia
1106 2660 1171 2718 in
1217 2655 1289 2727 ὤ,
1344 2659 1468 2717 sive
1511 2674 1551 2715 a
1594 2658 2130 2731 praepositionibus
2173 2658 2295 2718 aive
2339 2677 2379 2718 a
2424 2660 2837 2733 oenqparativss
2889 2675 3091 2734 super-

469 2749 781 2824 latimzsque
824 2749 1184 2817 den‘vcmwr,
1230 2749 1353 2808 sive
1397 2764 1529 2807 cum
1572 2748 1788 2807 dativis
1830 2749 2134 2809 nemimem
2177 2747 2373 2822 forma
2418 2752 2758 2823 conqmunt,
2805 2749 3091 2825 barytona

467 2843 625 2900 θωπί.
720 2838 1047 2914 Quaedam,
1105 2841 1174 2897 at
1226 2833 1604 2912 ἑκαετέρω
1660 2832 2070 2909 ἑκαετάτω,
2124 2856 2245 2897 non
2290 2856 2319 2896 e
2363 2841 2774 2912 omnparativis
2825 2841 3090 2915 superla-

470 2931 719 3003 tivi-sque
762 2929 1177 2990 adiectivoram
1218 2928 1405 3000 facta,
1451 2928 1554 2986 sed
1594 2931 1753 2987 recta
1799 2945 1827 2986 e
1861 2929 2114 3002 positivo
2158 2927 2482 2987 adverbiali
2519 2923 2725 3006 (ἑκάς)
2762 2933 2891 2988 orta
2935 2933 3087 2989 smne.

465 3018 725 3078 Diverso
769 3019 938 3079 modo
984 3012 1356 3091 ἐπιεχερώ
1404 3010 1489 3075 ἰώ
1542 3021 1688 3076 nata
1732 3020 1902 3089 sunt;
1958 3018 2175 3077 mirum
2218 3019 2398 3090 «ἐρίων
2441 3034 2561 3076 non
2605 3021 2690 3077 est
2729 3019 2871 3078 haec
2916 3021 3090 3078 etiam

462 3111 710 3169 accentu
754 3109 987 3168 diversa
1032 3123 1152 3167 esse
1192 3106 1338 3181 165,
1359 3106 1805 3181 20—166,11.
1884 3104 2780 3182 Of.adv.167,14—169,11.
2834 3109 2979 3185 195,
3004 3109 3084 3168 23

462 3197 849 3273 —196,11;
893 3196 1030 3255 Her.
1070 3196 1101 3255 I
1149 3196 1577 3272 507,17sqq.;
1623 3194 1865 3254 Dronke
1910 3195 2003 3254 ΠΙ
2052 3197 2198 3256 344.

654 3287 800 3363 165,
823 3288 1078 3347 20—21
1129 3284 1271 3346 Lob.
1310 3284 1424 3343 ΕΠ.
1463 3283 1495 3343 Ι
1543 3286 1688 3345 597.

653 3376 797 3451 165,
820 3377 901 3436 26
952 3369 1005 3436 εἰ
1050 3369 1181 3452 καὶ]
1228 3368 1424 3435 ‘wenn
1469 3373 1620 3434 noch
1667 3367 2044 3434 ausserdem’.

653 3466 798 3542 165,
822 3466 903 3525 28
952 3460 1023 3525 ἐν
1070 3458 1248 3544 ἄλλῳ
1293 3458 1504 3545 τόπῳ]
1552 3467 1706 3541 synt.
1748 3464 1895 3539 336,
1919 3465 2000 3523 22
2021 3483 2148 3541 sqq.
2198 3465 2582 3543 343,3sqq.;
2629 3484 2683 3524 v.
2722 3464 2905 3525 etiam
2952 3464 3082 3525 adv.

460 3556 620 3631 195,
643 3556 724 3614 23
745 3572 849 3631 sq.,
896 3573 1260 3631 quamquam
1304 3554 1391 3612 ibi
1435 3553 1508 3613 de
1554 3554 1746 3613 causis
1790 3573 1912 3615 non
1958 3556 2172 3631 agitur.

653 3645 795 3720 165,
819 3645 904 3704 30
948 3639 1114 3718 πρόε
1158 3637 1407 3722 πρόεω]
1456 3643 1587 3703 adv.
1631 3644 1776 3718 161,
1801 3646 2077 3703 21-22.

652 3734 856 3809 166,6
915 3728 1240 3807 ἐδείξαμεν
1294 3729 1440 3807 περὶ
1493 3732 1627 3793 τῶν
1675 3727 1764 3794 εἰ(
1810 3730 1832 3793 ἰ
1879 3729 2214 3807 ληγόντων
2271 3726 2501 3811 ἐπιρρ]
2556 3732 3080 3809 161,4-163,6.

450 3821 703 3883 Codicis
757 3823 1112 3900 scripturam
1169 3815 1322 3903 (ska
1364 3821 1427 3880 H
1474 3813 1586 3903 26)
1635 3841 1752 3881 non
1809 3824 2003 3897 mut03
2057 3822 2128 3881 cf.
2169 3820 2298 3882 adv.
2343 3823 2488 3896 164,
2508 3822 2593 3881 30
2640 3815 2916 3882 ἐντελῶς
2959 3838 3080 3882 πα-

444 3908 858 3989 ραετήεομεν
912 3908 1058 3986 περὶ
1101 3910 1235 3972 τῶν
1280 3905 1371 3971 εἰ(
1415 3905 1528 3972 ea
1574 3908 1914 3986 ληγόντων
1970 3906 2433 3986 ἐπιρρημάτων.
2515 3909 2593 3968 ib.
2636 3912 2781 3985 178,
2805 3911 2887 3970 23
2937 3906 3080 3971 ἐπε·

444 3996 761 4075 δείξαμεν
807 3997 910 4062 καὶ
955 3998 1101 4076 περὶ
1146 3999 1263 4061 τοῦ
1301 3997 1579 4075 πρόεθεν
1615 3997 1881 4074 πρόεθα.
1944 4001 2022 4060 ib.
2067 4001 2210 4075 198,
2235 4002 2314 4059 25
2355 3996 2500 4074 περὶ
2539 3992 2617 4061 οὗ
2657 3993 2899 4075 εἴρηται
2935 3997 3083 4075 περὶ
3178 3996 3202 4019 ’

439 4090 602 4153 τῶν
648 4085 1070 4165 ἀντωνυμιῶν
1116 4085 1217 4167 (ἐν
1263 4091 1356 4170 τῷ
1400 4086 1546 4165 περὶ
1591 4085 1677 4167 b).

651 4180 795 4256 166,
817 4182 855 4240 9
902 4179 1132 4258 Uhligii
1178 4180 1463 4240 correctio
1507 4179 1843 4240 necessaria
1887 4182 2000 4254 est,
2056 4198 2195 4239 nam
2251 4181 2426 4237 antea
2472 4177 2902 4238 demonstravit
2947 4178 3082 4257 Ap„

433 4287 620 4348 quae
665 4269 858 4329 forma
901 4270 997 4329 vel
1041 4269 1269 4347 origine
1314 4269 1549 4331 diversa
1592 4271 1805 4344 essent,
1850 4287 1922 4328 ea
1966 4269 2149 4328 etiam
2194 4268 2428 4327 diversa
2473 4286 2599 4327 esse
2646 4270 2908 4328 accentu.

643 4356 944 4418 Adverbia
997 4361 1063 4418 in
1107 4356 1162 4418 ὦ
1207 4360 1279 4418 de
1322 4360 1532 4433 quibus
1583 4376 1772 4433 supra
1815 4358 2033 4418 dictum
2087 4362 2167 4416 est
2210 4361 2581 4432 parooeytona
2625 4361 2777 4417 eunt.
2869 4358 3081 4433 Itaque

429 4444 690 4528 ἄνεῳ,
736 4451 790 4508 ei
826 4449 1056 4522 quidem
1090 4449 1432 4508 adverbium
1468 4453 1564 4517 est,
1604 4448 1915 4507 notabitur.
1986 4446 2103 4506 Sed
2136 4448 2658 4507 demonstravimus
2693 4464 2763 4506 ea
2797 4448 3079 4507 adverbia

423 4554 617 4614 quae
658 4538 852 4611 forma
897 4555 1028 4598 cum
1072 4554 1215 4598 casu
1256 4540 1511 4597 nominis
1554 4540 1902 4611 communae,
1958 4539 2130 4596 etiam
2183 4540 2420 4597 accentu
2464 4554 2595 4596 cum
2641 4554 2702 4596 eo
2748 4553 3078 4610 ‹tany-ruere.

417 4628 647 4701 Eryo,
702 4630 979 4701 quoniam
1034 4620 1231 4706 ἄνεῳ
1287 4628 1363 4687 ab
1418 4630 1588 4687 attico
1636 4620 1878 4687 ἄνεωε
1921 4627 2155 4687 ducitur
2198 4627 2350 4700 quod
2393 4629 2935 4700 proparoxytonmn
2980 4630 3076 4696 est,

415 4722 662 4794 ips-uon
704 4733 925 4790 quoque
966 4720 1115 4776 recte
1160 4718 1354 4776 eodem
1396 4720 1634 4777 accentu
1676 4718 1962 4791 siynabur,
2018 4733 2150 4775 cwm
2194 4719 2380 4775 cetera
2422 4718 2489 4775 in
2534 4713 2589 4775 ὦ
2636 4733 2768 4775 ewm
2820 4718 3079 4791 accipere

413 4806 699 4869 omnino
741 4823 861 4865 non
894 4808 1126 4880 possint
1174 4806 1618 4880 166,12-21.

650 4896 793 4970 166,
818 4897 896 4954 14
944 4891 1157 4956 καθὼς
1199 4890 1622 4975 προείπομεν]
1674 4896 1821 4969 145,
1842 4895 2043 4967 6-7,
2088 4894 2234 4954 haec
2278 4893 2460 4953 verba
2503 4898 2642 4972 post
2688 4888 2859 4975 ἄνεῳ
2904 4894 3077 4971 ponit

405 4983 676 5049 Matth.
714 4985 745 5043 I
782 4985 895 5061 483
945 4986 1046 5061 79,
1092 4984 1195 5043 ubi
1241 5004 1382 5045 sane
1428 4987 1626 5062 aptius
1671 4985 2052 5046 collocantur.
