3738 5530
579 324 1023 380 Commentarius
1051 324 1281 379 criticus
1308 325 1368 378 et
1394 320 1715 394 exegeticus
1742 321 1802 377 in
1832 321 2120 392 Apollonii
2147 320 2378 391 Dyscoli
2404 320 2618 390 scripta
2641 320 2874 376 minora.
2953 318 3080 385 169

648 495 794 569 151,
819 497 898 553 17
948 490 1001 573 ᾧ
1042 527 1124 536 -·
1169 495 1249 554 18
1297 488 1662 567 οὐδαμόθεν
1709 492 1869 552 delet
1913 492 2125 552 Mattb.
2165 492 2196 550 I
2243 492 2355 568 523
2405 491 2565 568 quod
2608 492 2737 550 iure
2783 490 3084 568 improbat

465 582 745 663 Egenolff
782 583 870 642 IV
918 585 1020 643 48.

646 675 793 749 151,
816 674 896 734 29
958 673 1029 733 de
1076 672 1290 733 Velsen
1337 673 1559 751 Tryph.
1608 674 1692 732 48
1753 666 2155 749 ‘Quamquam
2198 672 2311 748 Ap.
2367 691 2423 747 p.
2466 671 2712 745 561‚31
2768 664 3080 750 [151‚29]

466 762 674 823 scribit
711 809 722 820 .
765 810 775 821 .
818 809 830 821 .
877 764 1121 822 minime
1174 765 1375 823 tamen
1429 763 1492 822 in
1548 762 1887 839 Tryphonis
1943 765 2197 837 utroque
2250 762 2381 821 loco
2436 760 2840 821 controversia
2892 761 3083 819 inesse

466 852 718 912 videtur.
810 851 927 922 Qui
980 872 1115 912 cum
1157 850 1203 912 ἃ
1255 855 1318 912 in
1373 846 1502 912 ἰδία
1548 854 1609 911 et
1652 847 1921 926 δημοεία
1974 850 2328 929 productum
2374 869 2500 911 esse
2545 850 2882 925 statuisset,
2939 868 3081 926 quo-

465 942 627 1001 niam
672 942 908 1019 reliqua
953 942 1238 1004 adverbia
1271 940 1315 1002 ἆ
1350 941 1502 1001 illud
1540 944 1879 1018 correptum
1914 940 2202 1001 haberent
2236 940 2487 1017 ideoque
2520 941 2650 999 iota
2685 939 3083 1016 subscriptum

467 1034 942 1108 aspernarentur,
998 1032 1061 1090 in
1106 1032 1229 1092 illis
1275 1050 1511 1110 quoque
1555 1030 1798 1091 vocibus
1843 1033 2089 1107 propter
2133 1030 2474 1108 analogiam
2518 1029 2645 1088 iota
2690 1028 3083 1088 omittendum

467 1120 791 1181 arbitratus
838 1116 970 1180 est.'
1055 1120 1221 1191 Quae
1266 1142 1400 1182 cum
1444 1121 1557 1199 Ap.
1605 1120 1802 1181 verbis
1847 1139 2117 1198 pugnare
2162 1122 2434 1196 apertum
2479 1121 2596 1194 est3
2640 1120 2693 1178 is
2739 1120 2898 1178 enim
2935 1119 3082 1194 Try-

465 1212 719 1288 phonem
765 1210 1058 1271 dicentem
1101 1212 1267 1288 facit,
1311 1214 1512 1271 omnia
1557 1205 1694 1289 (τὰ)
1741 1209 2026 1269 adverbia
2069 1212 2132 1269 in
2169 1206 2212 1270 ἆ
2246 1209 2580 1269 desinentia
2622 1208 2863 1268 brevem
2905 1207 3083 1267 finem

466 1300 503 1358 i.
534 1320 581 1359 e.
621 1299 664 1360 ἃ
710 1300 946 1360 brevem
992 1300 1227 1377 habere,
1273 1319 1413 1379 ergo
1452 1294 1635 1378 (ἄρα)
1674 1294 1804 1360 ἰδία
1838 1294 2107 1374 δημοεία
2152 1317 2271 1359 non
2315 1317 2488 1375 posse
2525 1296 2547 1358 ῐ
2585 1316 2902 1373 assumere,
2947 1316 3083 1375 pro-

469 1390 624 1450 fecto
671 1391 814 1466 quia
857 1389 1023 1450 brevi
1070 1388 1112 1450 ἆ
1156 1408 1275 1450 non
1321 1392 1523 1468 potest
1565 1388 1589 1450 ἰ
1634 1388 1866 1450 ascribi.
1958 1388 2053 1447 Ab
2099 1388 2211 1448 hac
2256 1388 2555 1449 sententia
2600 1386 2779 1447 verba
2826 1383 2949 1462 οὐχ
2995 1383 3084 1447 ὥ(

467 1495 615 1554 φηει
672 1479 802 1539 κτλ.
849 1477 1183 1556 discrepare
1239 1480 1445 1540 elucet.
1537 1477 1702 1549 Quae
1756 1479 1810 1539 si
1862 1479 1954 1538 ita
2006 1479 2255 1557 corrigis
2307 1481 2378 1537 ut
2435 1477 2692 1537 correxit
2735 1476 2920 1555 Uhlig
2964 1476 2995 1536 1
3043 1477 3081 1534 8

470 1562 744 1651 (eandem
781 1569 943 1629 viam
987 1569 1111 1628 iam
1147 1569 1270 1629 Ska
1306 1569 1368 1628 Π
1407 1570 1488 1629 26
1537 1560 1848 1649 ostendit),
1894 1586 2134 1646 prorsus
2182 1586 2621 1645 supervacanea
2658 1570 2812 1627 sunt.
2887 1565 3084 1636 Quare

469 1658 591 1719 Ska
637 1662 877 1719 auctore
921 1658 1144 1718 induxi.

646 1749 702 1808 3.
758 1747 1060 1809 Adverbia
1115 1767 1270 1825 quae
1325 1747 1538 1809 iisdem
1590 1747 2110 1809 terminationibus
2165 1749 2418 1807 utuntur
2462 1747 2792 1825 generatim
2844 1766 3082 1825 percen-

469 1841 676 1899 sentur
725 1839 871 1914 151,
890 1840 1218 1913 30-200,
1239 1839 1339 1899 32.

648 1918 710 2009 a)
757 1925 1058 1988 Adverbia
1102 1930 1168 1988 in
1209 1927 1255 1988 ἆ
1300 1932 1407 1989 aut
1450 1931 1745 1988 acuamur
1789 1932 1896 1988 aut
1934 1931 2266 2003 yravamtur
2314 1928 2810 2003 151,30-158,
2831 1929 2930 1988 20.

647 2033 704 2077 α.
750 2018 1110 2091 Primiyenia
1158 2022 1209 2077 et
1253 2035 1402 2091 quae
1437 2035 1478 2077 a
1512 2021 1816 2093 praesenti
1860 2018 2167 2078 verborwm
2206 2021 2456 2092 tempore
2502 2018 2862 2086 derivantur,
2912 2019 3082 2094 bary-

469 2111 606 2167 tona
659 2111 809 2165 sunt.
900 2107 1221 2167 Reiciemla
1273 2109 1455 2182 ἱρέων
1511 2111 1594 2166 est
1639 2124 1837 2166 eoru-m
1881 2109 2165 2167 sententia
2210 2109 2311 2179 qui
2359 2103 2586 2181 μίγδα
2640 2111 2884 2175 aouwnt,
2945 2109 3087 2181 quia

473 2196 754 2256 adverbia
789 2199 854 2255 in
890 2190 983 2256 δῖ
1019 2199 1155 2256 acui
1189 2197 1441 2265 solem&
1488 2197 1582 2255 his
1627 2198 1781 2256 enim
1812 2199 2080 2271 geminae
2120 2198 2186 2255 in
2217 2189 2342 2257 δ’ὀῖν
2387 2197 2614 2270 formae
2647 2200 2888 2270 praesto
2932 2200 3085 2265 sunt,

471 2282 695 2360 μίγδα
740 2289 985 2358 aogmata
1040 2288 1165 2345 eius
1213 2288 1445 2360 qeneris
1497 2287 1693 2358 forma
1738 2290 1912 2347 caret.
2002 2286 2086 2345 In
2133 2280 2358 2359 μίγδα
2411 2288 2590 2361 iyitur
2637 2278 2703 2366 (a
2748 2282 2855 2360 Ῑιῆῑ
2901 2286 3086 2363 stirpe

468 2366 767 2455 derivato)
815 2368 854 2435 δ
900 2376 1165 2436 amat
1212 2375 1828 2450 151,31—152‚26.
1916 2372 2003 2435 of.
2041 2374 2180 2435 Her.
2219 2375 2251 2435 1
2298 2376 2870 2452 495‚8-496‚19.

652 2464 901 2539 151,31
955 2460 1035 2524 τὰ
1078 2459 1238 2544 (δὲ>
1281 2464 1493 2523 Matth.
1531 2465 1564 2524 I
1612 2466 1712 2524 71.

651 2554 852 2628 152,1
905 2554 977 2612 cf.
1021 2554 1152 2613 adv.
1196 2555 1342 2631 139,
1367 2557 1476 2630 103
1522 2553 1824 2613 Schaeferi
1867 2545 1977 2636 (ad
2023 2553 2195 2633 Greg.
2237 2554 2366 2615 Cor.
2409 2545 2567 2636 573)
2615 2554 3087 2614 emendationem

470 2643 730 2719 recipere
783 2662 904 2703 non
958 2643 1256 2719 dubitavi,
1315 2662 1450 2702 cum
1493 2642 1837 2703 testimonia
1884 2642 2096 2720 quibus
2153 2640 2338 2718 μίεγα
2380 2643 2755 2704 defenderem
2800 2643 3084 2705 deessent.

653 2732 799 2808 152,
831 2734 998 2792 2—6
1061 2733 1132 2794 cf.
1179 2730 1287 2793 AO
1334 2734 1365 2793 Ι
1413 2734 1561 2808 383,
1591 2733 1657 2809 53
1720 2732 1836 2793 EM
1897 2734 2044 2809 700,
2075 2734 2173 2793 56.
2231 2736 2377 2812 701,
2408 2736 2518 2810 273
2580 2733 2746 2795 Eust
2799 2736 2946 2811 107,
2976 2736 3088 2810 293

472 2822 614 2882 Ahr.
655 2816 774 2901 ‘Pe
818 2844 874 2900 p.
909 2825 1079 2899 vsq.;
1126 2823 1264 2882 Her.
1300 2822 1331 2880 1
1368 2825 1651 2899 490,23;
1695 2823 1768 2883 de
1815 2817 2060 2899 ἀτρέμα
2095 2825 2166 2884 ef.
2197 2824 2330 2885 adv.
2366 2825 2646 2900 160,26;
2689 2821 2799 2885 Ao
2836 2824 2867 2882 1
2905 2826 2964 2900 s,
2987 2827 3086 2884 21.

654 2914 860 2988 152‚5
908 2912 1060 2972 Bast
1104 2913 1180 2971 ad
1227 2910 1400 2991 Greg.
1441 2910 1570 2973 Cor.
1619 2913 1690 2972 ed
1739 2912 2018 2973 Schaefer
2061 2933 2118 2990 p.
2161 2915 2304 2974 573.

653 3003 800 3076 152,
822 3004 1081 3061 11-12
1128 3002 1289 3062 linea
1334 3003 1399 3061 in
1451 3002 1652 3062 codice
1707 3003 2047 3080 subscripta
2099 3003 2415 3065 lectionem
2468 3003 2712 3063 dubiam
2766 3021 2891 3063 esse
2935 3002 3086 3063 indi-

473 3093 654 3150 catur.
735 3090 824 3150 Ac
868 3110 1010 3151 sane
1056 3091 1107 3152 si
1154 3091 1426 3152 abessent
1469 3092 1617 3151 haec
1661 3091 1861 3168 verba,
1905 3111 2026 3153 non
2071 3093 2561 3154 desiderarentur.
2600 3126 2688 3135 —
2725 3094 2815 3153 De
2858 3093 2952 3153 his
2998 3094 3087 3152 lu·

472 3179 678 3239 dorum
716 3181 1053 3241 nominibus
1091 3182 1163 3240 cf.
1192 3181 1330 3240 Her.
1359 3182 1391 3240 I
1430 3182 1711 3257 495‚17;
1755 3181 1907 3241 Poll.
1938 3201 2129 3242 onom.
2171 3179 2224 3244 Θ
2259 3186 2413 3258 11ος
2458 3183 2601 3243 Lob.
2631 3182 2903 3243 Parall.I
2942 3183 3086 3243 155.

654 3271 903 3346 152,12
952 3271 1022 3329 cf.
1063 3271 1195 3331 adv.
1229 3272 1374 3346 139,
1398 3272 1509 3346 213
1553 3269 1695 3330 Lob.
1726 3270 1944 3331 Parall.
1973 3271 2005 3330 I
2046 3274 2189 3333 153.
2229 3306 2303 3315 —
2339 3273 2463 3332 Ska
2500 3274 2561 3332 H
2601 3275 2715 3348 263
2761 3268 2851 3332 ὡ(
2896 3275 3089 3332 trans-

469 3359 807 3435 ponendum
851 3360 1049 3435 potius
1097 3362 1188 3420 est
1232 3379 1410 3436 quam
1460 3359 1778 3421 delendum
1824 3361 1921 3421 vel
1966 3361 2030 3420 in
2073 3357 2163 3423 ἔτι
2209 3362 2581 3438 mutandum,
2629 3363 2774 3439 quia
2818 3364 2955 3438 post
3003 3361 3088 3421 al-

471 3449 665 3507 terum
720 3445 832 3519 ὡε,
896 3449 1052 3525 quod
1107 3453 1200 3510 est
1252 3452 1753 3527 comparativum,
1811 3454 1882 3510 ut
1924 3452 2177 3512 iteretur
2229 3452 2395 3529 prius
2442 3448 2531 3512 ὡ(
2577 3472 2615 3512 a
2659 3447 2863 3527 φάναι
2908 3450 3090 3511 verbo

473 3537 733 3615 pendens
777 3539 934 3598 ratio
978 3538 1229 3617 flagitat.

656 3628 904 3703 152‚17
954 3630 1025 3687 ef.
1065 3628 1196 3688 adv.
1239 3630 1777 3704 139‚5—140‚4;
1822 3630 2001 3690 schol.
2041 3630 2092 3688 B
2140 3630 2215 3690 ad
2260 3628 2311 3691 Α
2352 3633 2494 3691 148.

656 3717 908 3793 152,20
955 3714 1032 3776 τὸ
1078 3716 1188 3776 del.
1227 3717 1439 3777 Matth.
1478 3718 1509 3778 1
1559 3720 1669 3794 293
1717 3718 1791 3777 ad
1837 3739 2005 3795 pron.
2047 3724 2104 3795 7,
2127 3722 2225 3779 28.

657 3805 900 3881 152‚21
949 3805 1150 3866 Choer.
1181 3826 1306 3865 can.
1340 3807 1736 3881 878,3=[1
1775 3810 1983 3884 349,6
2015 3810 2177 3887 Hilg.
2226 3806 2329 3871 καὶ
2375 3806 2568 3870 πάλιν
2614 3806 2690 3870 τὸ
2737 3805 3090 3885 ’Ἠφαιετοε

474 3889 832 3967 δαεύνεται,
889 3892 991 3956 καὶ
1045 3890 1219 3970 ὅμως
1273 3891 1373 3957 ἐπ’
1427 3891 1802 3972 Ἡφαίστοιο
1850 3893 2109 3978 θύρῃειν
2165 3895 2435 3959 ἰωνικῶε
2490 3893 2670 3959 εἶπεν
2714 3894 2753 3960 ὁ
2799 3895 3085 3974 ποιητής,

474 3983 511 4042 i.
552 4004 597 4043 e.
645 3984 953 4045 Homerus.
1047 3983 1235 4054 Quem
1279 3985 1525 4044 Homeri
1570 3986 1766 4045 locum
1812 3987 2149 4048 accuratius
2195 3989 2409 4048 vellem
2470 3988 2790 4049 indicasset
2838 3987 3088 4049 Choero·

475 4072 711 4133 boscus:
767 4073 893 4150 ipse
940 4074 1099 4134 enim
1134 4094 1254 4134 non
1298 4075 1555 4152 reperi03
1601 4075 1856 4154 Hilgard
1906 4079 2182 4154 ascripsit
2230 4071 2296 4160 (θ
2338 4079 2461 4137 268
2476 4069 2555 4158 Ρ),
2601 4078 2702 4138 sed
2748 4077 2834 4136 ibi
2881 4081 2972 4140 est
3016 4074 3090 4138 ἐν

473 4157 847 4237 Ἡφαίετοιο
893 4160 1155 4238 δόμοιει.
1200 4197 1274 4206 —-
1317 4164 1407 4223 De
1451 4184 1516 4223 re
1561 4165 1632 4224 cf.
1672 4164 1855 4230 Lentz
1903 4168 1967 4225 in
2011 4166 2229 4227 Philol.
2267 4167 2461 4244 suppl.
2499 4167 2530 4225 I
2578 4168 2722 4227 643.

658 4253 803 4327 152,
834 4255 913 4311 24
983 4249 1053 4313 ἐν
1115 4252 1251 4314 τοῖς
1314 4249 1783 4333 προκειμένοις]
1850 4257 1997 4330 137,
2028 4258 2113 4315 20
2140 4275 2268 4333 sqq.
2329 4251 2584 4335 (Ans)
2650 4252 2720 4316 ἐν
2784 4256 2921 4317 τοῖς
2983 4273 3086 4331 πρ.

476 4340 687 4400 Matth.
724 4342 756 4400 I
798 4343 895 4401 71.

656 4431 706 4506 β.
758 4430 1014 4491 Gravem
1059 4435 1256 4491 tonum
1299 4432 1513 4492 habent
1545 4450 1696 4506 quae
1737 4451 1857 4492 non
1903 4436 2249 4493 conveniunt
2289 4435 2485 4508 forma
2522 4453 2652 4494 cum
2692 4437 2918 4494 neutris
2952 4437 3090 4510 plu-

475 4520 701 4579 ratibus
748 4511 1140 4601 (quamquam
1186 4540 1257 4579 ex
1300 4521 1511 4581 iisdem
1557 4521 1843 4598 stirpibus
1896 4515 2212 4605 oriuntur).
2305 4524 2599 4584 Notabilis
2644 4527 2824 4599 iyitur
2870 4529 2953 4584 est
2996 4542 3091 4584 ac-

476 4612 672 4669 centus
716 4605 911 4684 θαμά
956 4610 1234 4678 adverbii,
1282 4613 1492 4684 quippe
1526 4613 1694 4671 cuius
1727 4613 1925 4686 forma
1959 4615 2244 4688 discrepet
2277 4632 2315 4673 a
2350 4618 2554 4673 neutro
2601 4611 2869 4688 θαμέα;
2919 4631 3093 4688 eoque

475 4700 665 4772 παρίει
710 4693 906 4773 θαμά
949 4703 1104 4759 vocis
1150 4703 1319 4758 tonus
1364 4704 1446 4759 est
1489 4702 1799 4770 notandus,
1847 4704 2001 4776 quod
2047 4720 2114 4762 ex
2160 4698 2359 4778 θαμά
2412 4706 2680 4763 nascitur
2726 4698 2873 4778 ἅμα
2919 4704 3090 4778 bary-

476 4788 706 4874 {ommn
759 4805 1114 4862 quamquam
1163 4788 1394 4863 Tmpho
1446 4806 1659 4848 rursus
1713 4792 1788 4850 ab
1850 4786 1999 4864 ἅμα
2052 4795 2249 4852 venire
2303 4794 2441 4852 dicit
2485 4787 2708 4865 θαμά,
2768 4796 2834 4851 ut
2876 4795 2944 4851 in
2986 4794 3093 4852 hoc

477 4877 515 4936 e
550 4877 834 4935 redundet
873 4878 1440 4952 152‚27—153‚9.
1509 4877 1595 4937 of.
1623 4878 1762 4938 Her.
1793 4879 1824 4938 1
1854 4882 2002 4956 488,
2027 4883 2314 4958 11—163
2349 4881 2464 4940 ΕΜ
2495 4883 2643 4956 492,
2665 4882 2766 4940 44.
2810 4883 3091 4958 111‚5o;

479 4962 590 5024 Ao
627 4965 658 5024 1
700 4967 845 5041 148,
866 4967 966 5026 30.
1008 4968 1240 5043 448,8;
1286 4966 1392 5026 AP
1427 4967 1520 5026 111
1558 4969 1827 5042 306‚13.
