3738 5530
662 376 782 442 138
1554 382 1731 433 ΠΕΡΙ
1787 379 2343 437 ΕΠΙΡΡΗΜΑΤΩΝ.

1663 504 1705 540 p.
1733 491 1824 541 548,
1853 492 1903 531 ιε
1928 512 1978 520 -
2005 490 2176 542 550,11
2205 492 2235 531 b

650 590 841 651 τικῶν
888 586 960 652 ἐν
1007 586 1334 669 ὑποςτολῇ
1381 590 1497 649 τοῦ
1542 590 1583 664 ἦ
1627 586 2000 668 παραθέςει,
2051 591 2170 650 τοῦ
2217 584 2517 650 ἐντελοῦς
2561 584 2755 652 ὄντος
2813 584 2964 651 ὑπὸ
3016 586 3104 664 δή
3152 584 3244 664 ῥα

652 686 864 753 ἰδών.
935 688 1131 754 «οὐδὲ
1174 688 1298 769 γὰρ
1342 689 1640 772 πιθανόν,
1685 690 2154 767 παρακειμένου
2199 693 2316 753 τοῦ
2362 688 2540 769 ἰδών,
2588 690 2662 752 τὸ
2710 687 2996 766 ὑποδράξ
3037 708 3239 765 παρα-
3295 700 3344 740 1⁵

653 790 1027 873 λαμβάνειν·
1084 792 1155 856 ἐν
1198 793 1322 869 γὰρ
1367 796 1459 873 τῷ
1507 791 1793 869 ὑποδράξ
1840 792 2110 867 ἔγκειται
2148 793 2225 856 τὸ
2268 790 2561 854 ὑπιδών.»
2626 790 2785 855 ὥςτε
2817 789 2963 854 κατ’
3008 789 3242 854 αὐτοὺς

650 892 800 972 μηδ’
846 893 1158 972 ἐπίρρημα
1200 890 1366 957 εἶναι
1410 894 1484 957 τὸ
1530 894 1804 975 ὑπόδρα,
1849 893 2195 973 παράθεςιν
2243 893 2314 957 δὲ
2357 893 2722 972 προθέςεως
2766 893 2865 956 καὶ
2908 893 3241 972 παραπλη-

582 1013 613 1061 5
651 1001 1030 1074 ρωματικῶν
1078 995 1474 1076 ςυνδέςμων,
1521 995 1678 1059 ὥςτε
1723 997 1837 1074 τὴν
1885 995 2016 1061 ὑπό
2060 1002 2150 1079 τῷ
2197 994 2354 1059 ἰδών
2400 992 2871 1076 ςυντάςςεςθαι,
2929 995 3033 1057 καὶ
3076 992 3241 1059 εἶναι

649 1098 725 1161 τὸ
782 1096 923 1173 ἑξῆς
984 1094 1316 1180 ὑπιδών,
1377 1101 1495 1162 τοῦ
1555 1097 1637 1177 ῥά
1690 1098 1790 1161 καὶ
1845 1101 1964 1161 τοῦ
2022 1098 2101 1175 δή
2157 1098 2303 1176 μίαν
2365 1097 2468 1160 καὶ
2520 1096 2635 1174 τὴν
2693 1096 2893 1175 αὐτὴν
2950 1097 3237 1175 ἐχόντων
3293 1114 3344 1152 20

649 1199 938 1277 δύναμιν.
988 1235 1060 1244 -
1125 1199 1301 1262 Ἀλλ’
1356 1198 1483 1264 ἔςτι
1536 1219 1608 1274 γε
1656 1200 1819 1277 πρὸς
1865 1195 2294 1279 ἀμφοτέρους
2333 1198 2484 1262 τοὺς
2547 1198 2783 1274 λόγους
2827 1200 3049 1279 φάναι.
3132 1198 3244 1262 Καὶ

649 1301 812 1379 πρὸς
858 1302 974 1380 μὲν
1019 1301 1137 1366 τὸν
1179 1301 1519 1381 πρότερον,
1567 1301 1657 1365 ὡς
1703 1300 1819 1365 οὐκ
1863 1300 2031 1366 ἔςτιν
2076 1299 2328 1379 ἀληθές,
2378 1300 2467 1363 ὡς
2511 1300 2589 1365 τὰ
2634 1300 2704 1365 ἐν
2751 1300 3074 1383 ὑποςτολῇ
3109 1308 3240 1367 τῶν

650 1403 1040 1485 ςυμφώνων,
1082 1401 1191 1468 ἵνα
1236 1406 1315 1483 μὴ
1363 1402 1787 1487 μερικώτερόν
1831 1425 1927 1467 τις
1972 1403 2074 1467 ἐπὶ
2119 1406 2236 1467 τοῦ
2276 1391 2311 1468 ἓ
2355 1403 2653 1485 διαλάβῃ,
2713 1403 2991 1468 πάντοτε
3034 1405 3240 1483 φυλα-

550 1523 615 1569 10
650 1504 825 1569 κτικά
874 1504 997 1569 ἑςτι
1027 1510 1141 1569 τοῦ
1172 1506 1392 1588 τόνου,
1439 1504 1491 1569 εἰ
1534 1507 1615 1585 μὴ
1664 1505 1702 1569 ὁ
1746 1505 1949 1570 τύπος
1996 1505 2034 1569 ὁ
2081 1505 2594 1583 ὑπολειπόμενος
2641 1506 3073 1584 παραδέχοιτο
3119 1506 3236 1569 τὸν
3290 1520 3342 1561 25

649 1605 866 1672 τόνον.
927 1605 1072 1672 οἷον
1117 1608 1193 1674 τὸ
1239 1607 1546 1672 πολλάκις
1591 1609 1630 1687 ἢ
1677 1607 1922 1672 δεκάκις
1968 1608 2004 1685 ἢ
2050 1609 2128 1672 τὰ
2172 1611 2432 1671 τοιαῦτα
2477 1606 2547 1671 ἐν
2596 1606 2890 1690 ἀποβολῇ
2936 1611 3053 1670 τοῦ
3082 1612 3116 1670 Ε
3159 1606 3237 1671 οὐ

650 1708 963 1774 κωλύεται
1007 1709 1219 1787 μένειν
1265 1711 1425 1774 κατὰ
1468 1710 1583 1775 τὸν
1631 1710 1828 1775 αὐτὸν
1873 1709 2102 1779 τόνον,
2161 1709 2291 1785 εἴγε
2336 1707 2570 1787 ἄπειρα
2614 1711 2694 1774 τὰ
2739 1709 2826 1774 εἰς
2883 1712 2905 1773 ῑ
2958 1710 3241 1787 λήγοντα

649 1810 1045 1891 ἐπιρρήματα
1088 1811 1248 1875 κατὰ
1303 1814 1563 1892 βαρεῖαν
1607 1814 1814 1878 τάςιν·
1873 1813 1953 1877 τὰ
1997 1813 2069 1875 δὲ
2123 1809 2484 1890 ὀξυνόμενα
2529 1810 2600 1876 ἔν
2646 1832 2769 1874 τινι
2823 1811 3069 1890 τηρήςει
3115 1811 3241 1875 ἑςτὶ

649 1914 808 1977 κατὰ
862 1914 978 1990 τὴν
1041 1911 1345 1996 ὀξύτητα,
1412 1916 1557 1992 περὶ
1612 1912 1709 1980 ὧν
1769 1913 2166 1992 ἑκτεθείμεθα
2231 1915 2333 1977 καὶ
2387 1914 2456 1977 ἑν
2514 1917 2608 1995 τῷ
2666 1914 2809 1991 περὶ
2869 1918 2986 1977 τοῦ
3053 1914 3237 1992 ἕκητι.
3291 1929 3346 1971 ³⁰

556 2029 615 2078 15
651 2015 863 2097 τούτῳ
919 2015 1044 2095 γὰρ
1086 2021 1178 2097 τῷ
1234 2015 1410 2098 λόγῳ
1457 2017 1560 2080 καὶ
1601 2018 1676 2082 τὸ
1722 2019 1948 2097 χωρίς,
2009 2016 2347 2096 ἀποβαλὸν
2391 2016 2474 2079 τὸ·
2513 2018 2576 2096 ἱ,
2634 2014 2753 2079 οὐκ
2799 2014 3078 2094 ἐφύλαξε
3123 2017 3239 2093 τὴν

530 2160 537 2163 -
650 2116 755 2180 ἐπὶ
797 2120 915 2180 τοῦ
958 2117 1185 2181 τέλους
1231 2115 1481 2198 ὀξεῖαν,
1540 2116 1867 2199 ἀνεβίβαζε
1914 2118 2014 2194 δέ,
2073 2116 2194 2196 οὐχ
2241 2115 2614 2182 ὑποπῖπτον
2671 2121 2747 2199 τῇ
2799 2116 3049 2195 ὀξύτητι
3108 2121 3238 2182 τῶν

616 2217 738 2299 ,εἰς
781 2220 804 2282 ἰ
846 2217 1181 2297 ληγόντων
1227 2219 1710 2302 ἐπιρρημάτων,
1755 2220 1825 2284 ἑν
1876 2227 1964 2302 τῷ

907 2323 1067 2400 χῶρι
1112 2321 1555 2399 διατμήγουςιν
1601 2319 1886 2406 (Gallim.
1934 2320 2012 2383 fr.
2060 2320 2144 2383 48
2189 2320 2463 2403 Bentley
2509 2317 2907 2401 Schneider).
3275 2337 3376 2386 549

645 2421 894 2502 ἔφαμεν
942 2423 1012 2487 δὲ
1059 2423 1158 2486 καὶ
1203 2422 1363 2486 αὐτὸ
1409 2423 1482 2487 τό
1529 2424 1699 2502 ἕκητι
1744 2424 2031 2499 εὐλόγως
2076 2422 2598 2503 ἀναβεβιβακέναι
2640 2421 2757 2486 τὸν
2799 2424 3014 2488 τόνον.
3074 2423 3241 2487 ἀλλὰ

543 2540 609 2587 20
645 2523 746 2588 καὶ
790 2524 892 2588 ἐπὶ
935 2528 1052 2588 τοῦ
1098 2523 1337 2588 οὕτως·
1382 2525 1565 2602 ἡνίκα
1612 2524 2047 2605 ἀποβάλλεται
2092 2526 2169 2589 τὸ
2214 2529 2247 2589 Ξ
2291 2524 2362 2590 ἐν
2406 2532 2498 2611 τῷ
2545 2525 2749 2600 οὕτω,
2801 2525 2918 2589 οὐκ
2964 2524 3239 2603 εἴργεται

645 2628 760 2703 τῆς
808 2625 1157 2704 βαρύτητος
1203 2630 1315 2705 τῆς
1360 2629 1519 2692 κατὰ
1562 2631 1642 2693 τὰ
1687 2627 1775 2691 εἰς
1822 2634 1932 2711 ῶς,
1978 2628 2114 2692 ἐπεὶ
2158 2627 2509 2707 πάμπολλα
2554 2629 2632 2691 τὰ
2678 2628 2748 2692 ἐν
2796 2627 3015 2710 βαρείᾳ
3047 2627 3236 2691 τάςει.
3289 2646 3315 2684 5

643 2729 743 2793 καὶ
788 2727 901 2792 ἐπ’
944 2726 1286 2806 ὀνομάτων
1340 2729 1411 2793 δὲ
1457 2727 1584 2793 ἔςτι
1628 2731 1702 2795 τὸ
1748 2729 1910 2795 αὐτὸ
1956 2734 2371 2809 παραςτῆςαι,
2427 2730 2528 2793 καὶ
2579 2729 2691 2793 ἐπ’
2747 2728 2966 2794 ἄλλων
3023 2733 3237 2807 μερῶν

646 2829 869 2913 λόγου,
914 2829 1063 2906 εἴγε,
1110 2830 1199 2895 ὡς
1246 2831 1514 2914 ἔφαμεν,
1561 2831 1637 2895 τὸ
1684 2833 2235 2912 ςυνεληλαςμένοι,
2282 2832 2588 2910 ἐνδεῆςαν
2629 2853 2746 2896 του
2775 2835 2829 2912 ἰ,
2876 2831 3238 2907 ἀναγκαίως

643 2932 972 3012 ἀνεβίβαζε
1031 2934 1149 2998 τὸν
1203 2933 1430 3010 τόνον,
1488 2935 1564 2999 τὸ
1622 2935 1960 3016 δεςπότης,
2019 2935 2094 2999 τὸ
2153 2933 2435 3014 ἐργάτης.
2510 2934 2584 2998 τό
2637 2954 2709 3010 γε
2763 2936 2882 3012 μὴν
2940 2936 3238 3011 ςυγχεῦαι

541 3049 609 3097 25
642 3035 784 3117 (δεῖ
836 3035 1221 3116 φυλάςς>ειν
1268 3036 1383 3099 τὸν
1431 3034 1632 3100 αὐτὸν
1678 3036 1894 3100 τόνον.
1971 3035 2328 3111 ἀναγκαίως
2385 3036 2457 3100 δὲ
2503 3037 2606 3099 καὶ
2647 3036 2722 3099 τὸ
2778 3033 2969 3112 ἄναξ,
3029 3032 3236 3112 <ἀπο-
3290 3057 3339 3096 ιο

643 3138 893 3219 βαλὸν)
934 3138 1009 3204 τὸ
1050 3125 1113 3214 ἒ,
1171 3139 1287 3202 τὸν
1332 3136 1531 3202 αὐτὸν
1577 3137 1775 3202 τόνον
1820 3137 2144 3217 φυλάςςει.
2220 3138 2457 3201 πολλαὶ
2508 3139 2632 3216 γὰρ
2678 3136 2739 3199 αἱ
2783 3136 2872 3201 εἰς
2918 3139 2960 3199 ἆ
3003 3137 3234 3215 (βαρυ-

642 3238 968 3321 νόμενον)
1014 3241 1292 3317 κλητικαὶ
1336 3246 1469 3304 τῶν
1517 3238 1899 3322 ἀρςενικῶν,
1959 3239 2249 3322 Ὀρέςτα,
2307 3239 2569 3303 Θυέςτα.
2651 3240 2752 3303 καὶ
2795 3238 2954 3302 αὐτὸ
3002 3240 3073 3303 δὲ
3117 3239 3235 3320 <τὸ

640 3344 759 3404 τοῦ
804 3338 1005 3422 ἄναξ>
1051 3341 1259 3407 πάθος
1304 3340 1659 3423 ἀνάλογον,
1707 3340 1777 3405 ἐν
1826 3340 1924 3405 οἷς
1967 3346 2080 3419 τῆς
2123 3343 2237 3420 μὲν
2286 3339 2532 3406 εὐθείας
2575 3341 2650 3404 τὸ
2692 3327 2876 3406 {mix
2908 3341 3234 3421 ἀφείλετο,

779 3491 993 3546 Αιιανιι.
1080 3499 1109 3546 7
1146 3492 1257 3546 Sed
1294 3492 1524 3562 Trypho
1562 3492 1803 3557 fellitum
1841 3508 1973 3546 nam
2010 3509 2201 3558 voces,
2237 3493 2297 3545 in
2332 3492 2536 3562 quibus
2571 3508 2814 3547 consona
2848 3491 3232 3561 supprimitur,

641 3577 937 3630 accentum
972 3593 1085 3631 non
1120 3579 1379 3644 servant,
1410 3577 1517 3630 nisi
1553 3577 1652 3630 ubi
1688 3577 1871 3631 forma
1904 3577 1988 3632 ita
2022 3578 2174 3632 facta
2209 3577 2461 3632 eiusdem
2498 3579 2762 3632 accentus
2785 3577 3007 3646 patiens
3031 3576 3143 3643 est3
3170 3611 3234 3619 —

641 3666 706 3715 19
758 3661 879 3715 iure
924 3660 1101 3730 igitur
1143 3664 1363 3730 ὑπόδρα
1409 3663 1704 3716 accentum
1749 3663 2014 3728 retrahit,
2067 3661 2221 3732 quod
2263 3679 2375 3717 non
2421 3663 2480 3715 in
2531 3661 2601 3716 iis
2647 3662 2930 3717 adverbiis
2975 3662 3062 3715 est
3106 3660 3165 3714 in
3200 3661 3237 3715 ἃ

640 3746 1003 3812 exeuntibus,
1040 3763 1187 3816 quae
1224 3749 1519 3802 accentum
1557 3748 1869 3805 retrahunt.

776 3864 960 3919 Drscs.
1008 3883 1202 3920 scam.
1278 3873 1320 3919 1.
1371 3866 1730 3921 ‘Concinnius
1773 3866 1980 3936 legeris
2027 3867 2353 3932 πσραθέςει’
2400 3866 2437 3919 b
2482 3864 2543 3918 in
2579 3883 2692 3920 var.
2729 3865 2884 3930 lect„
2932 3865 3235 3932 παράθεςις

642 3951 737 4004 Ab
774 3951 833 4004 in
869 3950 1031 4004 textu
1065 3954 1074 4017 Ι
1102 3957 1150 4005 9.
1189 3950 1405 4005 ‘Malim
1443 3952 1701 4020 διαλάβῃ’
1739 3951 1775 4004 b
1812 3951 1872 4004 in
1907 3968 2027 4007 var.
2065 3950 2216 4016 lect,
2252 3951 2505 4017 διαλάβοι
2531 3950 2623 4005 Ab
2658 3950 2720 4003 in
2743 3951 2902 4004 textu
2934 3952 2942 4014 Ι
2976 3955 3058 4003 10.
3087 3965 3235 4003 εςτιν

640 4038 683 4091 Α
740 4040 749 4103 Ι
806 4041 885 4089 11.
923 4045 1049 4090 οίον
1084 4052 1153 4089 το
1190 4037 1263 4103 Α,
1301 4037 1370 4089 τὸ
1405 4036 1442 4090 b
1496 4040 1505 4106 Ι
1560 4043 1639 4090 13.
1673 4037 1858 4090 τάςιν·
1893 4038 1966 4090 τὰ
2000 4038 2060 4090 δὲ
2097 4034 2347 4106 GUhlig,
2385 4038 2570 4104 τάςιν,
2606 4038 2678 4089 τά
2713 4052 2776 4089 τε
2814 4035 2905 4089 Αἱ)
2937 4039 2946 4101 Ι
2988 4050 3050 4088 εν
3085 4049 3231 4100 τηνι,

638 4119 738 4174 sed
786 4119 966 4174 altera.
1012 4138 1047 4189 η
1092 4120 1316 4175 litterae
1361 4121 1575 4175 lineola
1610 4120 1821 4187 deleta,
1868 4122 1935 4174 ut
1967 4121 2041 4174 sit
2075 4137 2140 4176 εν
2174 4137 2327 4186 τινι,
2376 4124 2443 4185 Α;
2491 4120 2641 4174 ‘foi-t.
2676 4120 2788 4190 leg.
2829 4121 2890 4174 ἐν
2926 4126 3064 4173 τινι’
3105 4119 3138 4169 b
3174 4117 3234 4171 in

639 4221 755 4261 var.
789 4204 950 4271 lect,
988 4205 1141 4260 idem
1179 4205 1420 4260 coniecit
1455 4204 1927 4273 GFSchoemann,
1967 4207 2032 4261 ἐν
2067 4223 2197 4275 τηνι
2231 4205 2268 4259 b
2303 4205 2364 4258 in
2398 4206 2588 4270 textu,
2638 4205 2816 4271 μόνον
2852 4204 2916 4258 ὲν
2951 4210 3021 4272 τῇ
3057 4208 3162 4258 τοῦ
3199 4207 3227 4258 ἰ

640 4288 919 4344 GDronke
983 4295 993 4363 1
1062 4297 1138 4346 15.
1174 4308 1364 4346 τουτω
1400 4309 1507 4360 γαρ
1540 4308 1626 4345 τω
1663 4295 1816 4358 λογω
1857 4295 1900 4347 Α
1955 4295 1965 4360 Ι
2029 4296 2309 4359 εφυλαξεν
2346 4292 2389 4345 Α
2444 4295 2452 4359 Ι
2510 4298 2588 4344 19.
2625 4291 3102 4357 αναβεβηβακεναι
3138 4290 3180 4342 Α
3223 4289 3228 4353 1

638 4381 720 4429 20.
745 4375 837 4429 ἐπὶ
874 4380 976 4429 τοῦ
1017 4378 1228 4432 οὕτως·
1266 4376 1345 4430 sic
1376 4376 1732 4446 interpunxit
1754 4376 2135 4440 RSchneider‚
2174 4378 2265 4431 ἐπὶ
2292 4382 2395 4432 τοῦ
2423 4377 2637 4442 οὕτως,
2675 4375 2737 4442 b,
2777 4375 2869 4428 ἐπὶ
2895 4378 2997 4428 τοῦ
3026 4374 3231 4438 οὕτως,

639 4459 802 4528 (ὡς)
846 4459 1235 4526 RSkrzeczka‚
1288 4462 1370 4515 ἔτι
1415 4463 1484 4516 τὸ
1530 4464 1716 4517 οὕτως
1764 4460 2043 4515 GDronke
2089 4460 2330 4532 margini
2377 4460 2713 4530 exemplaris
2757 4457 2842 4512 sui
2887 4456 3182 4526 adscripsit
3223 4457 3228 4522 Ι

637 4550 721 4598 23.
755 4548 862 4598 τοῦ
900 4545 966 4612 b,
1002 4562 1071 4599 το
1108 4548 1151 4601 Α
1212 4548 1220 4612 Ι
1289 4551 1372 4602 24.
1413 4553 1672 4614 ςυγχεοαι
1709 4545 2180 4612 GFSchoemann,
2227 4548 2498 4613 ςυγχεύας
2537 4546 2654 4612 Ab,
2691 4545 2820 4614 post
2854 4544 3000 4597 hanc
3035 4557 3231 4596 vocem

636 4627 732 4682 fol.
766 4635 910 4683 122r.
952 4631 964 4698 Ι
1005 4630 1127 4696 <δεῖ
1164 4632 1505 4702 φυλάςς>ειν
1539 4631 1631 4687 vel
1666 4633 1788 4699 (δεῖ
1822 4632 2057 4700 τηρ>εῑν
2093 4629 2566 4696 GFSchoemann,
2602 4632 2724 4698 (δεῖ
2761 4629 3104 4697 ἀναμέν>ειν
3141 4625 3230 4680 vel

636 4711 984 4783 <ἀναμέν>ει
1020 4715 1385 4770 RSkrzeczka
1414 4720 1424 4784 Ι
1453 4722 1668 4770 26-27.
1696 4717 2164 4785 (βαρυνόμενον)
2190 4718 2224 4771 b
2256 4720 2265 4784 1
2297 4723 2376 4770 ²27.
2409 4721 2653 4771 κλιτικαι
2678 4717 2720 4769 Α
2754 4720 2762 4784 Ι
2793 4729 2962 4783 supra
2995 4711 3232 4765 alteram

640 4813 673 4849 ν
707 4796 767 4849 in
803 4815 1115 4867 αρςενικων
1152 4817 1289 4855 voce
1327 4800 1673 4870 adscriptum
1713 4807 1793 4870 ·s.,
1828 4817 1942 4869 quo
1978 4802 2256 4856 indicetur
2290 4801 2504 4870 aliquid
2542 4801 2593 4856 h.
2622 4801 2658 4854 l.
2687 4797 3054 4862 intercidisse,
3092 4797 3153 4850 et
3174 4795 3229 4848 in

638 4881 893 4952 margine
917 4883 1057 4940 haec
1082 4902 1203 4940 esse
1222 4885 1484 4940 videntur
1500 4902 1753 4952 ονοματα
1771 4888 1985 4954 δοτικα,
2009 4886 2107 4941 sed
2127 4887 2220 4940 vix
2242 4886 2358 4956 legi
2377 4887 2612 4956 possunt
2640 4887 2649 4953 Ι
2679 4889 2882 4940 27-28
2913 4882 3017 4936 lac.
3037 4873 3228 4948 expl.b
