3738 5530
618 348 734 411 136
1524 349 1705 399 ΠΕΡΙ
1742 347 2299 403 ΕΠῙΡΡΗΜΑΤΩΝ,

1640 467 1684 504 ι».
1712 455 1801 506 546,
1830 455 1857 494 4
1882 477 1933 485 -
1958 457 2049 506 548,
2079 456 2127 496 ιε
2153 455 2184 495 b

611 557 828 628 πηξιν,
888 551 978 615 ὡς
1024 551 1078 615 εἰ
1122 549 1424 615 κλινιδίου
1468 550 1635 614 ποὺς
1688 548 1727 627 ἤ
1772 570 1831 613 τι
1876 553 2178 614 τοιοῦτον
2232 550 2488 629 μερικόν
2584 550 2659 614 τὸ
2706 548 3062 628 ὑπόδειγμα
3106 549 3210 614 ἐπὶ
3260 568 3287 608 s

614 651 831 716 πολλὰ
864 653 1187 717 ςυντείνει.
1248 650 1416 715 ἔςτιν
1465 649 1583 717 οὖν
1626 672 1720 716 τις
1762 651 2007 730 τρόπος
2039 650 2140 714 καὶ
2167 655 2460 716 τοιοῦτος
2500 652 2571 716 ἐν
2614 651 2870 730 λέξεςιν,
2915 653 2990 716 ὃς
3031 654 3210 716 δοκεῖ

615 754 730 832 μὲν
787 751 1038 817 ἁπλοῦς
1096 751 1291 835 εἶναι,
1350 750 1703 832 ύπόμνηςιν
1758 754 1829 816 δὲ
1889 753 2019 833 ἔχει
2072 756 2189 817 τοῦ
2243 753 2717 817 ἐκπεπτωκέναι
2773 752 2843 817 ἐκ
2901 753 3209 818 ςυνθέτου

617 855 866 919 λέξεως.
939 855 1040 918 καὶ
1085 854 1273 920 ἕνεκά
1314 874 1387 930 γε
1434 852 1901 934 ύποδείγματος
1946 855 2017 920 ἕν
2061 876 2191 921 που
2236 855 2339 920 καὶ
2383 855 2689 933 δεύτερον
2733 855 3207 933 παραληπτέον.

547 972 578 1020 5
617 992 694 1002 -
743 958 833 1021 Τὸ
890 956 1164 1034 ἠνορέα,
1221 955 1473 1021 ἁπλοῦν
1519 956 1885 1034 νοούμενον
1930 956 2284 1038 ἁπάντοτε,
2350 956 2430 1020 ού
2474 957 2932 1034 καταςτήςεται.
3004 956 3207 1021 πόθεν
3264 976 3313 1013 10

616 1059 739 1138 γὰρ
784 1059 961 1136 παρὰ
1005 1059 1081 1121 τὸ
1127 1057 1290 1135 ἀνήρ
1337 1058 1375 1136 ἢ
1419 1059 1538 1136 τὴν
1584 1058 1816 1138 ἀνέρος
1860 1060 2138 1137 γενικήν,
2184 1060 2222 1137 ἢ
2266 1059 2382 1136 τὴν
2414 1058 2920 1137 ςυγκεκομμένην
2951 1058 3209 1137 ἀνδρός,

618 1162 692 1226 τὸ
750 1159 994 1239 ήνορέα
1049 1160 1405 1237 ςυςτήςεται
1461 1161 1499 1238 ἢ
1558 1160 1782 1239 ἀνερία
1835 1162 1956 1241 (ὡς
2012 1160 2266 1240 αἰθέρος
2322 1160 2621 1245 αἰθερία),
2681 1163 2791 1237 τῆς
2845 1161 2916 1223 δὲ
2972 1158 3211 1239 ἀνδρός

622 1263 741 1342 (ὡς
796 1261 897 1324 καὶ
953 1259 1149 1345 ἔςτιν)
1206 1260 1245 1337 ἡ
1311 1261 1566 1341 ἀνδρίας
1614 1299 1695 1307 -
1751 1261 1918 1328 ἀλλὰ
1974 1264 2074 1327 καὶ
2131 1264 2210 1328 τὰ
2266 1267 2381 1328 τοῦ
2438 1263 2640 1337 λόγου
2694 1267 2846 1344 τῇδε
2905 1260 3058 1341 ἔχει.
3133 1262 3210 1326 τὸ

584 1362 783 1442 Δἀνήρ
817 1364 1263 1441 ςυντιθὲμενον
1304 1364 1379 1428 τὸ
1426 1367 1466 1428 ἇ
1508 1363 1595 1429 εἰς
1637 1368 1675 1442 ἦ
1717 1365 2121 1445 μεταβάλλει,
2164 1365 2240 1430 τὸ
2271 1367 2342 1429 δὲ
2372 1368 2412 1444 ἦ
2443 1364 2530 1430 εἰς
2561 1368 2635 1428 ὦ.
2703 1363 2863 1441 ἀνήρ
2888 1364 3210 1447 ἀντήνωρ,
3266 1379 3314 1418 1⁵

522 1483 582 1529 ιο
618 1466 1004 1544 ἀγαπήνωρ,
1051 1464 1333 1548 εὐήνωρ,
1391 1465 1787 1546 Ἐλεφήνωρ·
1850 1468 2063 1546 φαμὲν
2109 1469 2180 1532 δὲ
2224 1469 2327 1532 καὶ
2370 1468 2476 1532 διὰ
2518 1470 2714 1532 τοῦτο
2759 1467 2860 1530 καὶ
2902 1467 2977 1530 τὸ
3026 1466 3210 1531 Νικά-

618 1589 787 1646 νωρ,
833 1566 1200 1647 Εὐφράνωρ
1246 1566 1532 1649 Δωρικά.
1607 1568 1687 1647 ἦν
1734 1567 1856 1635 οὖν
1903 1569 2003 1633 καὶ
2046 1570 2124 1634 τὸ

1339 1669 1622 1748 εὐήνορα
1667 1669 1855 1736 οἶνον
1901 1670 1966 1754 (δ
2011 1668 2198 1755 622),

619 1771 745 1851 ἀφ’
791 1770 870 1837 οὗ
914 1772 1186 1847 γέγονεν
1232 1773 1271 1850 ἡ
1318 1770 1621 1851 εὐηνορία
1666 1772 1768 1836 καὶ
1812 1772 2150 1855 εὐηνορέα,
2195 1775 2300 1838 καὶ
2343 1774 2626 1852 ἐλλείψει
2669 1776 2780 1850 τῆς
2829 1776 2901 1837 εὖ
2947 1774 3211 1854 διφθόγ-
3263 1789 3315 1826 20

618 1895 776 1956 γου,
821 1873 1079 1953 ἠνορέα.
1153 1872 1258 1938 καὶ
1298 1875 1423 1953 γὰρ
1467 1874 1696 1954 ςαφές,
1744 1873 1841 1939 ὅτι
1888 1874 1964 1939 τὸ

520 1991 580 2039 15
1514 1975 1736 2052 δόμοις
1781 1974 1880 2041 ἔνι
1926 1979 2283 2055 ποιητοῖςιν
2332 1978 2396 2058 (ν
2441 1976 2595 2059 306)

615 2076 774 2158 <ἐν>
819 2077 1101 2156 ἐλλείψει
1147 2076 1275 2141 ἐςτὶ
1317 2081 1435 2141 τοῦ
1482 2075 1585 2141 εὖ·
1634 2076 1760 2142 ἑςτὶ
1803 2077 1927 2157 γὰρ
1973 2078 2087 2158 (ἐν
2133 2080 2270 2143 τοῖς
2315 2078 2431 2160 εὖ)
2476 2074 2961 2159 πεποιημένάις·
3008 2080 3108 2144 καὶ
3136 2082 3211 2144 τὸ

1282 2182 1563 2259 κρητῆρα
1608 2181 2000 2260 τετυγμένον
2045 2181 2133 2262 (Ψ
2179 2178 2331 2265 741)

618 2279 896 2361 ςημαίνει
953 2283 1069 2347 τὸν
1127 2281 1201 2346 εὖ
1257 2282 1660 2359 τετυγμένον.
1737 2282 1838 2345 καὶ
1895 2281 2062 2346 ἄλλα
2118 2283 2190 2346 δὲ
2246 2283 2462 2348 πολλά
2515 2284 2680 2348 ἐςτιν
2693 2332 2711 2366 ,
2770 2282 2932 2362 ἅπερ
2988 2282 3208 2347 ἁπλῶς
3263 2294 3315 2333 2⁵

619 2384 735 2463 μὲν
782 2382 1060 2459 λέγεται,
1110 2384 1425 2447 ςυνθέτως
1471 2383 1543 2448 δὲ
1586 2386 1854 2448 νοεῖται·

521 2499 587 2546 20
878 2483 1031 2548 ἀλλ’
1075 2483 1250 2562 ὑμεῖς
1297 2484 1554 2564 ἔρχεςθε
1604 2485 1649 2567 (Ι
1697 2483 1850 2570 649)

621 2586 763 2652 ἀντὶ
805 2590 923 2651 τοῦ
968 2586 1345 2665 ἀπέρχεςθε,
1392 2587 1494 2651 καὶ

1362 2689 1590 2769 πικρὰς
1635 2688 1876 2754 ὠδῖνας
1921 2688 2178 2768 ἔχουςαι
2225 2690 2302 2774 (Λ
2346 2689 2500 2775 271)

618 2789 761 2855 ἀντὶ
805 2793 922 2855 τοῦ
970 2790 1344 2873 ἐπέχουςαι,
1391 2793 1495 2856 καὶ
1537 2792 1614 2855 τὸ
3011 2795 3016 2799 ’
3268 2804 3320 2843 ³⁰

882 2891 948 2956 οἵ
992 2912 1140 2972 ςφιν
1184 2891 1469 2968 γείτονες
1512 2893 1672 2972 ἧςαν
1719 2892 1768 2974 (ι
1812 2892 1925 2973 48)

521 3001 587 3050 25
625 2994 768 3060 ἀντὶ
796 2997 915 3058 τοῦ
948 2992 1404 3069 ἀςτυγείτονες.
1464 2995 1566 3059 καὶ
1607 2994 1932 3061 ἀνάπαλιν
1962 2996 2137 3075 παρὰ
2167 2996 2496 3076 προθέςεις
2539 2997 2920 3063 ἐλλείποντα
2951 2998 3217 3080 ῥήματα,

1363 3096 1539 3176 πάρα
1582 3098 1649 3160 δ’
1695 3097 1886 3176 ἀνήρ,
1935 3098 2010 3162 ὃς
2054 3099 2384 3177 καταθήςει
2433 3098 2508 3181 (π
2552 3099 2683 3180 45).

878 3196 1031 3261 ἀλλ’
1075 3196 1228 3272 ἄνα,
1275 3196 1330 3261 εἰ
1374 3198 1652 3277 μέμονάς
1697 3219 1770 3274 γε
1817 3200 1857 3279 (Ι
1905 3198 2071 3280 247).
2119 3236 2194 3246 -
3252 3208 3352 3259 547

622 3299 801 3362 Ἀλλ’
847 3297 1001 3363 οὐδὲ
1046 3299 1122 3362 τὸ
1182 3306 1414 3379 φρονῶ
1460 3299 1652 3365 πάλιν
1710 3300 1877 3381 ῥῆμα
1922 3303 2299 3381 ςυςτήςεται.
2373 3302 2547 3382 παρὰ
2598 3303 2721 3382 γὰρ
2765 3304 2839 3367 τὸ
2898 3303 3072 3382 φρήν
3117 3303 3218 3366 καὶ

625 3402 743 3478 τὴν
788 3400 1027 3465 τούτου
1082 3403 1338 3479 γενικὴν
1396 3402 1639 3481 φρενός
1682 3401 2053 3468 ἀπετελεῑτό
2097 3425 2154 3468 τι
2213 3411 2465 3487 φρενῶ,
2530 3406 2687 3469 καθὸ
2734 3406 2836 3470 καὶ
2878 3406 3056 3484 παρὰ
3100 3406 3217 3482 τὴν

521 3513 586 3560 30
628 3503 775 3567 ἑνός
832 3503 1064 3582 φωνὴν
1122 3501 1249 3567 ἑνῶ
1305 3523 1436 3567 που
1491 3504 1749 3581 γίνεται.
1839 3505 1921 3569 οὐ
1988 3507 2066 3584 δὴ
2131 3504 2251 3571 οὖν
2311 3505 2438 3570 ἔςτι
2503 3509 2835 3587 θαρρῆςαι,
2905 3505 2993 3570 ὡς
3059 3507 3219 3571 κατὰ
3269 3520 3295 3558 ⁵

626 3603 835 3669 πάθος
876 3605 953 3669 τὸ
999 3608 1033 3668 ἒ
1077 3603 1166 3668 εἰς
1209 3606 1284 3669 τὸ
1332 3607 1373 3667 ὃ
1416 3606 1708 3685 μετετέθη
1756 3607 1826 3671 ἐν
1871 3612 1964 3690 τῷ
2006 3612 2256 3686 φρονῶ.
2321 3607 2404 3671 οὐ
2442 3607 2567 3685 γὰρ
2604 3607 2685 3687 ἦν
2715 3607 2754 3684 ἡ
2785 3608 2944 3687 αὐτὴ
2976 3607 3218 3689 ἔννοια,

629 3704 757 3781 εἴγε
802 3706 882 3770 τὰ
928 3705 1097 3782 πάθη
1144 3705 1223 3770 οὐ
1265 3709 1399 3770 τῶν
1458 3710 1734 3785 λεκτῶν,
1792 3712 1925 3796 τῶν
1982 3709 2052 3773 δὲ
2110 3716 2373 3789 φωνῶν.
2448 3708 2661 3774 ἄλλως
2720 3730 2788 3774 τε
2841 3711 2917 3774 τὸ
2974 3710 3217 3789 μετατί-

629 3812 841 3872 θεςθαι
885 3807 960 3871 τὸ
1005 3805 1039 3869 ἒ
1085 3807 1172 3871 εἰς
1218 3809 1292 3875 τὸ
1339 3813 1377 3872 ὃ
1423 3808 1494 3873 ἐν
1541 3808 1921 3888 βαρυτόνοις
1969 3808 2230 3889 ῥήμαςίν
2276 3810 2430 3888 ἐςτι,
2489 3811 2675 3892 φέρω
2721 3818 2945 3894 φορῶ,
3003 3812 3218 3890 πέρθω

629 3914 879 3991 πορθῶ,
924 3909 1095 3987 νέμω
1141 3915 1342 3987 νομῶ.
1403 3909 1532 3989 ἔχει
1579 3908 1699 3975 οὖν
1741 3910 1822 3975 τὰ
1866 3915 1975 3989 τῆς
2017 3912 2450 3978 καταςτάςεως
2481 3917 2653 3998 τῇδε.
2712 3914 2787 3978 τὸ
2819 3913 2992 3993 φρήν
3024 3912 3217 3978 πάλιν
3276 3926 3323 3965 10

768 4081 978 4136 Ano-vu.
1051 4082 1082 4130 5
1118 4077 1274 4132 velut
1308 4078 1512 4147 ήνορέα
1549 4093 1617 4132 ex
1655 4079 1934 4148 εὐηνορέα
1971 4078 2183 4133 factum
2221 4082 2321 4146 est,

770 4229 993 4284 Tsss‘rm.
1069 4236 1133 4292 10
1169 4230 1236 4284 cf.
1272 4230 1378 4285 An.
1416 4231 1517 4285 Ox.
1557 4229 1636 4299 II,
1674 4236 1799 4297 444,
1841 4238 1923 4286 11.
1958 4230 2045 4285 Et.
2085 4231 2159 4284 Μ.
2202 4239 2259 4297 9,
2294 4238 2376 4288 46.
2424 4264 2487 4272 -
2541 4239 2597 4286 14
2633 4235 2702 4291 cf.
2739 4233 2826 4291 Et.
2864 4231 2937 4287 M.
2977 4239 3101 4298 432,
3140 4238 3221 4288 77.

767 4365 952 4418 Discn.
1008 4384 1213 4419 somma
1301 4372 1349 4419 5.
1405 4369 1720 4432 νοούμενον
1772 4369 2092 4433 ἁπάντοτε,
2148 4369 2218 4422 οὐ
2265 4367 2300 4420 b
2361 4367 2834 4434 GFSchoemann‚
2891 4370 3224 4434 νοούμενον,

631 4434 921 4490 ἁπάντοτε
968 4435 1038 4489 οὐ
1086 4434 1198 4503 (vel
1236 4435 1302 4488 οὐ
1341 4438 1612 4490 πάντωςῖ
1680 4433 2048 4488 RSkrzeczka,
2110 4438 2118 4502 Ι
2184 4442 2350 4490 5-6.
2390 4438 2569 4492 πόθεν
2604 4439 2734 4505 γὰρς
2779 4437 3132 4505 interpunxit
3164 4436 3220 4502 b,

631 4501 1092 4572 interrogationis
1128 4502 1349 4573 signum
1375 4502 1590 4557 deleviss
1665 4502 1980 4556 Skrzeczka
2007 4507 2016 4567 1
2049 4509 2094 4560 ’1.
2120 4505 2190 4557 τὸ
2216 4505 2421 4572 ἠνορὲα
2458 4507 2786 4571 ςυςτήςεται
2821 4507 2855 4571 ἢ
2893 4506 3086 4570 ἀνερία
3111 4503 3221 4570 Αἱ),

633 4572 704 4624 τὸ
741 4570 951 4638 ἢνορέα
1000 4573 1354 4636 ςυςτήςεται;
1402 4571 1528 4625 ἀλλ’
1572 4575 1605 4636 ἢ
1654 4571 1849 4637 ἀνερία
1895 4569 2287 4636 RSkrzeczka‚
2339 4573 2444 4627 οὐκ
2490 4575 2698 4641 ἠνορέη
2737 4575 3064 4639 ςυςτήςεται
3100 4573 3225 4625 ἀλλ’

633 4639 825 4704 ἀνερία
884 4637 1356 4704 GFSohoemann,
1427 4638 1817 4708 interrogandi
1876 4637 2100 4704 signum
2159 4641 2288 4708 post
2343 4641 2538 4707 ἀνδρία
2595 4657 2698 4710 pro
2768 4641 2978 4710 puncto
3039 4639 3226 4708 posuit

638 4705 992 4760 RSchneider
1040 4711 1049 4773 1
1097 4713 1144 4760 8.
1180 4710 1314 4772 τηδε
1342 4709 1384 4761 Α
1439 4711 1449 4768 Ι
1499 4713 1576 4760 15.
1604 4722 1889 4774 ποιητοιςι
1915 4708 1957 4760 Α
2000 4710 2008 4766 Ι
2060 4712 2137 4762 16.
2175 4708 2239 4762 ἑν
2275 4707 2400 4762 add.
2437 4709 2475 4761 b
2526 4711 2535 4777 Ι
2582 4712 2709 4778 post
2743 4726 2849 4777 γαρ
2884 4708 2981 4762 fol.
3025 4715 3112 4760 1⁵21
3141 4709 3219 4770 12}

633 4775 695 4827 ἐν
731 4779 850 4828 τοῖς
886 4775 949 4827 εὖ
988 4774 1047 4839 b,
1086 4775 1150 4828 εὖ
1175 4774 1351 4829 habet
1373 4774 1544 4829 etiam
1570 4773 1639 4838 L,
1676 4773 1776 4828 sed
1799 4774 1987 4827 nescio
2012 4791 2084 4829 an
2111 4791 2178 4829 ex
2203 4776 2529 4830 coniectura
2551 4776 2836 4832 addiderit
2864 4783 2872 4846 Ι
2905 4783 2985 4834 20.
3013 4777 3227 4844 ερχεςθ’

631 4842 675 4894 Α
707 4845 716 4909 1
747 4846 829 4901 29.
865 4844 1204 4897 αποτελειτο
1242 4843 1285 4896 Α
