3738 5530
437 795 612 848 eeA

560 1708 617 1761 Β

563 2521 611 2576 C

442 3237 611 3291 97A

1254 376 1774 429 PERSONALIVM
1808 375 2162 428 GENETIVI
2201 374 2650 427 SINGVLARIS.
3171 372 3253 436 75

657 582 812 646 κατ’
857 583 1126 657 ἔγκλιςιν
1159 583 1454 656 ςύζυγος,
1500 578 2044 657 έκπεφάναντί
2087 598 2264 643 τεος
2307 580 2430 642 ταὶ
2475 578 2915 657 δυςθαλίαι,
2961 576 3251 656 (ώφρων

662 683 768 762 (fr.
817 683 899 745 75
943 680 1252 757 Ahrens)·
1300 683 1375 746 τὸ
1420 683 1544 759 γὰρ
1589 680 2154 758 ὀρθοτονούμενον
2200 682 2494 758 κτητικὴν
2541 678 2835 757 ςημαίνει.

915 786 1056 850 Τεῦ
1077 806 1124 850 ς.
1221 783 1388 861 Αὕτη
1448 783 1715 858 ςύζυγος
1780 789 1858 865 τῇ
1916 782 2119 860 έμεῦς.
2219 782 2596 860 Ἐπίχαρμος
2660 780 2731 845 έν
2791 781 3153 858 Κωμαςταῑς
3213 780 3251 857 ἢ

653 886 977 969 Ἁφαίςτῳ
1021 885 1128 969 (fr.
1178 886 1261 948 64
1306 882 1620 968 Abrens)·

915 988 1168 1070 <Ἀλλ’>
1213 986 1370 1052 οὐδὲ
1414 989 1766 1061 ποτιθιγείν
1812 985 1911 1049 ἔτ’
1956 984 2126 1060 ἐγὼν
2169 987 2315 1049 τεῦς
2347 983 2541 1049 ἀξιῶ·

914 1091 1017 1153 καὶ
1058 1088 1219 1153 πύκ’
1263 1089 1432 1166 ἐγὼν
1477 1088 1653 1166 παρὰ
1698 1092 1841 1153 τεῦς
1885 1107 1945 1151 τι
1988 1086 2228 1167 μαθών,

655 1189 1002 1268 Θεόκριτος
1047 1188 1137 1273 (V
1182 1189 1325 1274 39)·
1374 1190 1499 1256 ἔςτι
1545 1190 1617 1254 δὲ
1660 1190 1764 1252 καὶ
1809 1189 2202 1253 Βοιωτιακόν
2249 1189 2449 1264 δῆλον
2495 1186 2614 1252 ὼς·

913 1296 1058 1357 τεῦς
1100 1293 1224 1372 γὰρ
1266 1291 1325 1357 ὁ.
1351 1295 1587 1370 κλᾶρος
1633 1288 1987 1372 (Corinnae
2032 1288 2108 1354 fr.
2161 1290 2234 1354 17
2282 1287 2569 1369 AhrenS,
2613 1287 2696 1349 24
2749 1284 2956 1371 Bergk
2974 1286 3041 1371 ³).

654 1395 699 1459 ὃ
746 1395 1164 1473 περιςπαςθὲν
1209 1396 1324 1473 τὴν
1371 1393 1799 1473 πρωτότυπον
1846 1392 2155 1470 ςημαίνει·
2209 1388 2349 1455 ἴςον
2407 1390 2531 1467 γὰρ
2576 1388 2745 1458 ἔςται
2789 1395 2881 1471 τῷ
2926 1393 3076 1469 ςοῦ,
3136 1388 3255 1452 οὐκ

654 1494 886 1573 ἄλλης·
942 1497 1019 1561 τὸ
1074 1497 1146 1560 δὲ
1203 1496 1274 1560 ἐν
1332 1493 1504 1578 ὀξείᾳ
1559 1493 1760 1571 τάςει,
1817 1493 1888 1557 ἐν
1940 1494 2160 1572 μέντοι
2214 1497 2290 1575 τῇ
2337 1489 2694 1567 ἀναγνώςει
2738 1490 3060 1572 ἑγκλιθέν,
3114 1488 3254 1555 ἴςον

654 1617 736 1861 Ξ
784 1597 908 1761 “3ss
950 1698 1081 1762 ςέο
1125 1698 1503 1777 μεταβάλλει
1544 1698 1620 1762 τὸ
1664 1698 1698 1760 ἰ
1742 1695 1832 1761 εἰς
1875 1696 1951 1759 τὸ
1993 1698 2030 1759 f
2073 1696 2250 1775 παρὰ
2277 1696 2654 1774 Δωριεῦςιν.
2730 1692 3000 1771 Ἀλκμάν
3033 1692 3139 1774 (fr.
3180 1694 3256 1754 19

720 1797 973 1881 ergk³)·

916 1900 1024 1980 ἐμὲ
1066 1900 1347 1965 Λατοίδα
1388 1900 1499 1964 τέο
1546 1899 1743 1978 λάχος
1787 1899 1990 1977 χόρον

656 2002 766 2065 καὶ
811 2001 898 2065 ἔτι
943 2022 1020 2066 τε
1037 2005 1092 2065 ῦ.

832 2103 989 2168 Ἀπὸ
1045 2107 1157 2181 τῆς
1214 2106 1329 2167 ςοῦ
1386 2092 1652 2181 Δώριος
1711 2102 1960 2179 ἐγίνετο
2004 2103 2043 2181 ἡ
2088 2105 2271 2166 τεοῦ
2317 2101 2666 2178 ὁμότονος,
2727 2104 3060 2179 μεταθεῑςα
3104 2101 3178 2164 τὸ
3223 2103 3256 2163 ἰ

656 2204 752 2269 εἰς
795 2204 871 2267 τὸ
916 2206 953 2269 ’τ
995 2205 1095 2269 καὶ
1139 2205 1545 2270 πλεονάςαςα
1587 2211 1678 2288 τῷ
1723 2207 1791 2285 ἒ,
1842 2205 2128 2283 καθάπερ
2174 2204 2272 2267 καὶ
2315 2204 2354 2282 ἡ
2400 2203 2508 2265 ςός
2553 2202 2625 2266 έν
2671 2209 2760 2283 τῷ
2805 2202 2999 2266 τεός.
3075 2201 3257 2265 Τινὲς

653 2306 874 2383 μέντοι
934 2304 1152 2383 ἠξίουν
1211 2309 1619 2389 βαρυτονεῖν,
1676 2306 1962 2383 οἰόμενοι
2019 2304 2150 2370 ἀπὸ
2205 2308 2317 2381 τῆς
2372 2306 2480 2368 τέο
2538 2309 2613 2385 τῇ
2669 2305 2788 2367 τοῦ
2846 2304 2883 2367 fi
2927 2302 3256 2380 προςθέςει

654 2409 1051 2483 γεγενῆςθαι.
1144 2407 1216 2471 Ἡ
1263 2410 1478 2486 χρῆςις
1521 2408 1684 2486 παρ’
1728 2407 2089 2489 Ἐπιχάρμῳ
2134 2408 2238 2470 καὶ
2282 2404 2601 2484 (ώφρονι.

917 2501 1313 2588 αἰνοδρυφής
1380 2509 1451 2573 δὲ
1515 2509 1815 2573 τάλαινα·
1881 2513 2033 2572 τεοῦ
2105 2506 2264 2570 κάτα
2369 2506 2769 2585 τυμβοχόηςα
2844 2502 3124 2585 (Gallim.
3192 2501 3255 2566 ll

1879 2630 1938 2692 p.
1988 2608 2109 2672 753
2155 2605 2558 2685 Schneider).
3227 2610 3231 2616 ’

3289 993 3320 1040 5

3293 1499 3357 1547 10

3294 2007 3355 2054 15

3294 2512 3359 2559 20

656 2710 957 2793 (ώςρρων
990 2710 1097 2796 (fr.
1124 2711 1205 2774 76
1221 2709 1519 2797 Ah1·ens)·
1554 2732 1592 2778 ο
1608 2710 1643 2776 ὐ
1658 2732 1696 2792 χ
1726 2712 1766 2791 ἥ
1781 2733 1812 2778 ς
1827 2731 1975 2776 ςων
2007 2731 2084 2775 τε
2102 2731 2139 2776 ο
2154 2715 2208 2775 ῦ.
2254 2708 2631 2788 Ἐπίχαρμος
2661 2706 2767 2791 (fr.
2800 2706 2915 2771 157
2943 2704 3229 2788 Ahrens)
3244 2725 3258 2739 ·
3343 2714 3350 2721 '

921 2815 1095 2878 παιδὶ
1137 2818 1307 2879 τεοῦ.

662 2915 780 2979 Καὶ
846 2914 936 2979 ἔτι
999 2917 1036 2994 ἡ
1102 2916 1289 2981 τίος.
1392 2917 1466 2980 Ἠ
1525 2916 1742 2993 με’ντοι
1805 2915 1945 2980 τίω
2002 2915 2102 2979 καὶ
2145 2914 2364 2993 τίως,
2422 2916 2794 2988 ςυζυγοῦςαι
2838 2917 2914 2994 τῇ
2960 2911 3115 2990 ἐμίω
3160 2910 3259 2975 καὶ

658 3016 884 3094 ἐμίως,
930 3018 1125 3082 πάλιν
1170 3018 1346 3095 παρά
1388 3023 1481 3099 τῷ
1526 3017 1701 3100 αὐτῷ
1745 3015 2037 3081 Ῥίνθωνι
2083 3014 2381 3093 εἴρηνται.

834 3117 899 3182 ei
941 3119 1006 3182 αἱ
1050 3118 1620 3197 ὁμοιοκατάληκτοι
1665 3120 1736 3182 έν
1769 3117 2094 3196 δευτέροις
2127 3118 2496 3196 προςώποις
2527 3118 2662 3179 ταῖς
2694 3115 2853 3180 κατὰ
2886 3116 2960 3179 τὸ
2991 3121 3255 3193 πρῶτον

656 3217 956 3302 ἀποβολῇ
1001 3224 1120 3285 τοῦ
1167 3226 1197 3283 ξ
1242 3221 1322 3285 τὰ
1364 3221 1542 3298 τρίτα
1587 3220 2004 3300 ἀποτελοῦςι,
2062 3219 2384 3298 ςυμφανὲς
2445 3217 2535 3282 ὡς
2577 3219 2682 3281 καὶ
2725 3215 2857 3281 ἀπὸ
2901 3219 3012 3293 τῆς
3058 3220 3172 3279 ςοῦ
3218 3215 3255 3292 ἡ

656 3318 755 3384 οὗ
813 3321 1239 3400 πρωτότυπος
1295 3322 1653 3404 γενήςεται,
1708 3321 1904 3385 πάλιν
1959 3320 2403 3399 ὁμοφωνοῦςα
2456 3325 2531 3401 τῇ
2588 3317 2720 3383 ἀπὸ
2765 3322 2875 3396 τῆς
2921 3317 2995 3381 ὅς
3039 3323 3256 3399 γενικῇ

798 3555 1014 3609 Anava.
1084 3562 1151 3610 26
1188 3555 1449 3611 Genetivi
1485 3554 1786 3625 singularis
1818 3542 2024 3609 teitiae
2061 3569 2352 3622 personae.

798 3772 980 3829 Daca.
1017 3795 1212 3833 sempr.
1236 3761 1334 3835 ⁹1,
1372 3777 1761 3842 ἐκπεφάναντι
1798 3774 2148 3840 HLAhrene,
2188 3791 2500 3841 εκπεφαντι
2538 3776 2609 3839 A,
2646 3775 3036 3839 ἑκπεφήναντι
3075 3774 3134 3830 b.
3174 3774 3256 3827 ἑκ-

658 3861 943 3925 πὲφανται
969 3859 1417 3916 LCValekenaer
1446 3863 1455 3930 Ι
1485 3864 1576 3914 ταὶ
1603 3862 1646 3915 Α
1673 3859 2011 3926 HLAhrenS,
2047 3861 2105 3913 αἱ
2130 3859 2165 3912 b
2192 3861 2201 3927 Ι
2238 3866 2286 3916 3.
2322 3864 2393 3926 τῇ
2431 3861 2594 3923 ἑμεῦς
2631 3859 2695 3924 b,
2734 3857 2790 3910 in
2819 3860 2860 3912 A
2890 3859 2976 3910 est
2999 3873 3259 3926 τηεμευς,

656 3946 822 4010 parte
856 3943 1142 4013 superiore
1179 3951 1213 4001 ἒ
1249 3946 1474 4000 litterae
1512 3945 1629 3999 fere
1656 3944 1928 4008 evanida3
1966 3943 2051 3997 ita
2084 3944 2294 3998 factum
2331 3946 2417 3997 eet
2453 3945 2518 3997 ut
2549 3943 2587 3996 b
2622 3942 2681 3995 in
2719 3960 2836 3996 var.
2864 3941 2994 3995 lect.
3018 3958 3260 4010 τηςμευς

658 4028 921 4082 enotaret
959 4032 969 4098 1
1012 4038 1059 4085 5.
1101 4031 1179 4085 sic
1214 4030 1595 4098 fragmentum
1631 4028 1884 4084 restituit
1917 4027 2248 4092 HLAhrem,
2286 4029 2562 4082 ουδεποτ’
2605 4032 2679 4080 ϊοι
2715 4043 2872 4091 γινετ
2893 4027 2907 4046 ’
2943 4044 3095 4092 εγων
3131 4043 3259 4081 τευς

659 4115 799 4164 αξιω
838 4112 961 4179 Ab,
1009 4115 1288 4169 οὐδέποτ’
1324 4159 1336 4171 .
1379 4156 1391 4169 .
1431 4160 1441 4169 .
1481 4114 1706 4178 ἐγένετ’
1748 4114 1910 4177 ἀγών
1944 4130 2073 4167 τευς
2112 4115 2260 4167 ἄξιος
2297 4110 2738 4166 LCValckenaer
2801 4111 2808 4174 Ι
2875 4115 2921 4162 6.
2960 4112 3111 4175 ἐγὼν
3149 4112 3261 4178 Ab,

660 4194 699 4247 k
738 4196 891 4262 apud
927 4196 1309 4268 CZieglerum,
1345 4199 1457 4263 ἐγὼ
1498 4197 1651 4266 vulg.
1685 4199 1695 4264 Ι
1724 4201 1852 4250 τεῦς
1880 4197 1973 4251 Ab
2011 4196 2179 4262 lunt„
2216 4201 2316 4251 τεῦ
2354 4213 2390 4264 p
2428 4195 2465 4248 k
2503 4194 2652 4263 apud
2680 4192 3037 4262 CZieglerum
3067 4195 3217 4264 vulg.
3257 4200 3262 4262 ι

660 4283 709 4334 7.
750 4295 897 4334 εςτιν
935 4284 978 4337 Α
1009 4292 1018 4346 Ι
1054 4289 1130 4344 12.
1162 4283 1435 4348 Ἀλκμάν·
1472 4283 1570 4348 ἐμὲ
1596 4283 1840 4335 Λατοΐδα
1877 4283 1977 4337 τέο
2014 4284 2180 4349 λάχος
2217 4283 2390 4349 χόρον
2418 4278 2949 4341 FWSehneidewin‚
2991 4281 3258 4342 Ἀλκμάν·

659 4363 759 4428 ἐμὲ
809 4365 1053 4422 Λατοίδα
1104 4370 1203 4421 τέο
1264 4369 1627 4433 δἀχοςχορον
1679 4364 1807 4428 Ab,
1867 4367 2112 4432 Ἀλκμὰν
2166 4369 2228 4420 ἐν
2276 4367 2348 4421 ε’·
2415 4364 2684 4427 Λατοίδα,
2756 4363 2855 4416 τέο
2908 4364 3262 4431 δ’άρχέχορον

661 4443 995 4503 GHermann
1017 4492 1030 4516 ‚
1071 4452 1343 4517 Ἀλκμάν·
1382 4452 1506 4516 ἐμέ,
1545 4451 1824 4515 Λατοίδα,
1861 4452 1963 4504 τέο
2000 4452 2392 4518 δαυχνοφόρον
2429 4445 2706 4516 ThBergk
2743 4446 2822 4513 (iu
2848 4446 2934 4500 ed.
2963 4446 3053 4509 ΙΙΙ,
3093 4449 3264 4500 antea

668 4529 995 4588 eonieeerat
1028 4538 1371 4604 ὁςχοφόρον)
1405 4537 1413 4602 Ι
1447 4541 1525 4588 15.
1559 4539 1661 4589 τεῦ
1699 4534 1764 4598 b,
1801 4550 1931 4588 τευς
1960 4536 2002 4587 Α
2035 4536 2044 4600 Ι
2077 4540 2155 4588 16.
2192 4540 2324 4589 τεοῦ
2360 4534 2424 4598 b,
2460 4549 2625 4588 τεους
2653 4567 2711 4575 -
2744 4534 2785 4585 Α
2819 4532 2827 4597 Ι
2865 4536 2940 4584 18.
2979 4537 3051 4598 τῇ
3087 4536 3191 4584 τοῦ
3228 4538 3260 4586 ῦ

664 4620 952 4683 προςθέςει
986 4618 1318 4690 PEgenolff,
1354 4622 1464 4685 τὴν
1499 4624 1604 4673 τοῦ
1640 4626 1675 4672 U
1710 4621 2009 4686 πρόςθεςιν
2048 4619 2138 4672 Ab
2170 4620 2179 4683 Ι
2209 4623 2288 4671 24.
2331 4617 2505 4670 verba
2543 4618 2641 4671 Καὶ
2676 4617 2759 4669 ἔτι
2794 4619 2829 4680 ἡ
2867 4616 2987 4669 τίος
3025 4615 3259 4671 fortasse

666 4703 794 4770 post
817 4703 987 4769 ἐμίως
1007 4703 1046 4758 l.
1073 4711 1139 4758 26
1159 4703 1580 4773 transponenda
1604 4718 1726 4756 ense
1751 4705 1946 4755 censet
1969 4701 2287 4756 HLAhrens
2316 4709 2324 4767 Ι
2354 4701 2492 4754 τίως
2517 4699 2574 4767 b,
2598 4716 2745 4753 τεως
2765 4701 2808 4754 Α
2842 4705 2850 4766 Ι
2883 4705 3101 4755 24—25.
3122 4702 3260 4766 ἐμίω

665 4788 758 4839 καὶ
792 4787 959 4852 ἐμίως
998 4787 1341 4854 HLAhrene,
1384 4788 1530 4854 ἐμὲω
1569 4789 1661 4840 καὶ
1695 4787 1877 4852 ἐμέως
1915 4786 2008 4840 Ab
2039 4788 2049 4854 1
2080 4791 2161 4839 26.
2197 4783 2487 4851 inscriptio
2523 4799 2650 4850 περι
2684 4799 2787 4851 της
2825 4783 2891 4837 οὗ
2921 4783 3151 4842 maiusc.
3177 4786 3220 4839 A
3251 4788 3258 4852 Ι

661 4875 742 4928 27.
780 4876 1150 4930 αποτελσυςιν
1187 4875 1230 4926 Α

3293 3020 3359 3067 25
