3738 5530
1062 379 1183 448 [DE
1221 381 1584 434 EMA‘r'ro‘r
1620 381 1716 432 ΕΤ
1750 381 1995 434 ΑΊἾῸΣ
2029 377 2621 448 ΡΒοΝοΜιΝῙΒνΒ.]
3018 380 3138 446 113

473 598 517 656 G
800 586 1027 667 μοῦςαί
1073 608 1172 654 νιν
1218 588 1351 654 ἑοῖς
1398 587 1503 651 ἐπὶ
1544 588 1783 652 τυννὸν
1828 588 2055 653 ἔθεντο
2104 585 2213 671 (fr.
2258 584 2388 649 420
2431 583 2828 669 Schneider),

549 711 647 755 και

728 775 743 783 ’
1123 792 1234 857 ἑὸν
1280 792 1352 857 δέ
1397 811 1501 872 μιν
1548 789 1656 856 ota
1698 798 1906 870 γονῆα
1953 789 2060 875 (fr.
2112 792 2182 854 11
2234 788 2643 877 schneider)-

549 895 698 959 δέον
755 895 882 972 γὰρ
945 894 1170 975 «ςφόν»
1218 894 1319 960 καὶ
1366 897 1634 974 «ςφοῖς».
1700 930 1773 940 -
1829 894 1932 956 καὶ
1987 893 2163 973 παρὰ
2206 892 2428 959 ἄλλοις
2472 894 2543 958 δὲ
2587 896 2876 958 πλεῑςτα·
2935 914 3139 974 παρα·

551 996 878 1074 πεμπτέον
924 997 996 1060 δὲ
1041 995 1203 1075 ὑπὲρ
1244 999 1364 1060 τοῦ
1407 998 1489 1075 μὴ
1536 995 1642 1059 ἐπὶ
1684 999 1916 1060 πλεῖον
1959 995 2273 1074 προάγειν
2317 996 2433 1060 τὸν
2481 996 2702 1070 λόγον.
2748 1032 2830 1043 -
2877 996 3038 1076 ὑπὲρ
3069 998 3140 1061 δὲ
3176 1008 3208 1057 5

548 1102 664 1162 τοῦ
710 1097 1068 1162 Ἣςιοδείου
1114 1098 1285 1163 οὕτω
1327 1099 1498 1163 τινὲς
1544 1098 1940 1177 ἐκδέχονται·
1990 1099 2128 1174 «τῆς
2174 1095 2311 1163 ἀντὶ
2357 1099 2563 1177 πυρὸς
2605 1096 2892 1176 δοθείςης
2922 1118 3135 1175 γυναι-

551 1199 660 1263 κὸς
703 1199 1044 1277 τέρπονται
1089 1201 1201 1265 ἐὸν
1246 1201 1507 1266 ἕκαςτος
1551 1201 1751 1265 κακὸν
1797 1199 2233 1276 ἀγαπῶντες».

342 1311 516 1369 144A
716 1301 964 1366 Αἰολεῖς
1019 1301 1461 1381 άμμέτερον
1517 1303 1617 1366 καὶ
1671 1302 1924 1382 ἄμμον
1981 1303 2082 1366 καὶ
2125 1301 2377 1381 ὔμμον
2436 1302 2536 1367 καὶ
2581 1302 2803 1383 ςφόν.
2894 1302 3140 1383 (απφώ

552 1401 655 1487 (fr.
705 1403 790 1466 70
830 1401 1118 1484 Ahren8‚
1171 1404 1251 1467 10
1292 1402 1512 1487 Bergk
1530 1403 1617 1487 ³)·

805 1505 916 1585 ἔμε
963 1505 1170 1587 τιμίαν
1214 1506 1495 1584 ἐπόηςαν
1541 1505 1698 1584 ἔργα
1738 1506 1820 1569 τὰ
1862 1504 1996 1586 cip&
2040 1509 2265 1571 δοῖςαι.
3149 1519 3212 1568 10

550 1608 746 1687 Ὑπὲρ
791 1609 862 1672 δὲ
904 1611 1025 1672 roo
1067 1607 1144 1673 τὸ
1188 1606 1348 1686 ἁμός
1392 1608 1492 1671 καὶ
1537 1608 1694 1686 ὑμός
1723 1606 1894 1689 (μὴ)
1939 1608 2359 1688 ςυγκεκόφθαι
2403 1609 2580 1686 παρὰ
2621 1609 2760 1672 ταῖς
2789 1608 3143 1673 διαλέκτοις

553 1709 629 1775 οὐ
687 1710 947 1790 ῥητέον,
1007 1707 1097 1774 ὥς
1152 1729 1320 1775 τινες
1377 1707 1738 1793 ὑπέλαβον,
1792 1710 1953 1773 καθὸ
2010 1709 2130 1775 δύο
2175 1711 2476 1791 ςυλλαβαὶ
2522 1710 2601 1775 οὐ
2645 1709 3141 1786 ςυγκόπτονται·

551 1812 689 1876 ἰδοὺ
734 1812 857 1890 γὰρ
900 1813 977 1876 τὸ
1007 1810 1406 1889 Δευκαλίδης
1451 1812 1552 1874 καὶ
1596 1811 1991 1891 Ἀνθεμίδης·
2038 1812 2204 1877 ἀλλὰ
2249 1813 2406 1876 καθὸ
2451 1815 2532 1892 μὴ
2566 1814 2982 1895 βαρύνονται,
3026 1818 3144 1879 τοῦ

552 1911 854 1994 ἡμέτερος
914 1912 1356 1994 βαρυνομένου
1411 1913 1514 1977 καὶ
1569 1912 1874 1992 ὑμέτερος
1928 1913 2029 1977 καὶ
2075 1913 2401 1993 ςφέτερος.
2505 1915 2697 1993 χωρὶς
2740 1916 2795 1981 εἰ
2840 1917 2921 1995 μὴ
2967 1916 3144 1992 λέγοι

474 2023 519 2077 Β
554 2036 643 2080 τις
688 2015 1335 2096 ςυνεκδεδραμηκέναι
1382 2014 1579 2080 αὐτὰς
1625 2016 1785 2080 κατὰ
1826 2016 1945 2094 τὴν
1991 2014 2165 2080 τάςιν
2211 2022 2285 2100 τῇ
2331 2015 2482 2094 ἐμός
2527 2018 2629 2081 καὶ
2659 2018 2852 2098 ςφός·
2899 2018 2974 2082 τὸ
3019 2018 3143 2097 γὰρ
3187 2024 3248 2075 15

553 2118 713 2198 ςφός
757 2119 859 2182 καὶ
903 2120 1432 2197 μονοςυλλαβοῦν
1479 2115 1840 2193 ἀναγκαίως
1884 2115 2183 2184 ὠξὺνετο.
2659 2102 2670 2111 ”

1666 2267 1703 2306 *
1994 2267 2031 2306 *

1831 2315 1866 2354 *

721 2405 877 2488 [Τῆς
932 2404 1280 2484 ἐμαυτοῦ
1337 2405 1615 2480 πλαγίου
1660 2405 1764 2468 καὶ
1814 2404 1907 2468 ἔτι
1948 2409 2079 2470 τῶν
2124 2403 2659 2485 ὑπολειπομένων
2706 2406 2856 2471 οὔτε
2902 2406 3057 2486 ῥητὴ
3103 2409 3141 2486 ἡ

552 2506 763 2571 εὐθεῖα
819 2506 969 2571 οὔτε
1028 2507 1310 2584 ςυςτατή.
1407 2509 1509 2572 καὶ
1564 2505 1664 2570 ὅτι
1725 2505 1805 2569 οὐ
1866 2506 2059 2588 ῥητή,
2126 2508 2448 2571 τουτέςτιν
2506 2507 2585 2571 οὐ
2632 2507 2931 2587 ςυνήθης,
3001 2528 3143 2589 ςυμ-

551 2609 784 2688 φανές,
850 2609 1048 2688 χωρὶς
1102 2608 1155 2674 εἰ
1200 2610 1282 2687 μὴ
1339 2608 1411 2673 ἐν
1472 2609 1807 2673 Μετοίκοις
1863 2607 2306 2686 Φερεκράτους
2364 2607 2530 2676 ἅπαξ
2592 2609 2756 2673 ἐςτίν
2825 2609 3142 2692 εἰρημένη,

552 2711 648 2775 καὶ
690 2709 840 2776 ἴςως
886 2710 1074 2790 ἕνεκα
1116 2713 1233 2774 τοῦ
1276 2711 1556 2787 γελοίου.
1647 2710 1735 2775 ὡς
1783 2711 1854 2775 δὲ
1901 2710 2021 2774 οὑκ
2064 2709 2191 2775 ἔςτι
2235 2711 2532 2792 ςυςτατή,
2581 2712 2779 2792 ςαφὲς
2824 2710 3141 2779 ἐντεῦθεν.
3178 2717 3244 2767 20

552 2851 632 2861 —-
704 2814 929 2879 Καθότι
994 2813 1057 2878 αἱ
1125 2813 1384 2889 πλάγιοι
1456 2812 1745 2880 ςὺνταξιν
1810 2817 2145 2879 ποιοῦνται
2207 2812 2277 2877 ἐν
2332 2818 2715 2896 διαβιβαςμῷ
2773 2815 3144 2892 προςώπων

685 3017 900 3069 Anava.
986 3022 1044 3068 ιι
1091 3014 1320 3068 Formas
1366 3015 1507 3081 ἁμός
1552 3016 1692 3082 ὑμός
1736 3031 1849 3070 non
1899 3032 2018 3069 esee
2054 3015 2234 3069 factas
2271 3031 2339 3069 ex
2376 3016 2649 3083 ἡμέτερος
2685 3016 2982 3083 ὑμέτερος,
3032 3033 3144 3071 non

552 3100 759 3168 poteris
801 3099 885 3153 ita
927 3099 1325 3169 comprobare,
1377 3101 1443 3153 ut
1487 3099 1724 3153 duarum
1777 3099 2125 3168 syllabarum
2182 3116 2464 3169 syncopen
2522 3115 2632 3153 non
2681 3099 2904 3154 admisti
2959 3100 3141 3154 dicas:

553 3183 871 3237 admittitur
908 3183 1077 3242 enim.
1158 3183 1220 3237 In
1257 3183 1441 3238 tonoei
1477 3184 1797 3254 analogiam
1835 3186 1966 3250 ἐμός
2003 3186 2143 3251 ςφὸς
2192 3201 2390 3238 vocum
2436 3186 2662 3238 secutae
2707 3199 2825 3239 esse
2862 3185 3143 3239 videntur.

552 3300 616 3307 —-
658 3274 715 3322 1⁷
744 3266 1166 3340 [Nominativue
1192 3271 1437 3335 ἐμαυτοῦ
1474 3268 1728 3323 reflexivi
1762 3286 1866 3324 neo
1905 3270 1992 3322 est
2025 3270 2084 3323 in
2109 3287 2240 3335 usu,
2275 3286 2379 3322 nee
2405 3285 2523 3323 esse
2550 3271 2754 3338 potest.
2793 3301 2854 3310 —-
2892 3277 2953 3323 21
2983 3271 3145 3325 Actio

551 3353 785 3408 subiecti
842 3355 943 3407 aut
990 3352 1062 3408 ad
1108 3354 1398 3422 obliquum
1444 3354 1792 3424 pronominis
1838 3354 1908 3407 ab
1956 3352 2054 3407 illo
2102 3354 2312 3407 diversi
2359 3369 2548 3408 casum
2597 3355 2803 3408 transit
2847 3355 2940 3420 (ad
2977 3372 3146 3425 quem

553 3438 839 3508 obliquum
866 3454 1057 3492 casum
1082 3440 1254 3494 αὑτός
1280 3440 1548 3494 accedere
1574 3440 1787 3506 potest,
1825 3438 2027 3505 nequit
2050 3440 2239 3492 autem
2267 3455 2393 3491 cum
2419 3439 2750 3506 pronomine
2776 3441 3145 3507 coalescere);

550 3526 649 3577 aut
682 3523 832 3578 actio
870 3539 1017 3591 quae
1052 3523 1110 3576 in
1146 3524 1318 3578 verbo
1353 3523 1503 3578 inest
1538 3524 1609 3577 ad
1646 3523 1962 3578 subiectum
1998 3521 2174 3589 redit;
2211 3523 2362 3590 quod
2397 3522 2495 3575 ubi
2533 3522 2618 3586 fit,
2667 3523 2939 3579 reflexim
2975 3529 3146 3591 (oom-

552 3607 754 3677 poeita)
791 3608 982 3662 locum
1015 3607 1244 3662 habent.

840 3714 961 3722 .-.——-

685 3776 866 3831 stcn.
920 3795 1109 3831 scum.
1207 3785 1250 3832 1.
1303 3795 1391 3833 νιν
1437 3777 1559 3843 Ab,
1622 3794 1713 3843 μιν
1759 3775 2140 3842 OSohneider,
2202 3794 2290 3831 νιν
2344 3778 2454 3831 ἑοῖς
2510 3778 2602 3832 ἐπὶ
2655 3780 2893 3843 γούνας’
2946 3780 3146 3836 ἔθεντο

551 3862 881 3916 DRuhnken
947 3865 956 3930 Ι
1019 3869 1067 3917 3.
1105 3863 1203 3916 ἑόν
1240 3863 1298 3916 δέ
1336 3880 1427 3928 μιν
1462 3861 1795 3916 DRuhnken
1833 3860 2215 3930 OSehneider,
2263 3864 2361 3916 ἑὸν
2407 3865 2466 3917 δέ
2504 3880 2595 3930 μοι
2632 3864 2753 3930 Ab,
2802 3865 2917 3918 νέοι
2954 3866 3015 3919 δέ
3054 3882 3146 3930 μιν

551 3946 822 4001 Stobaeus
857 3951 1073 4016 ιγονῆα
1108 3949 1151 4002 Α
1172 3949 1206 4000 b
1245 3945 1627 4023 oschneigler‚
1662 3951 1844 4014 τοκῆα
1869 3945 2146 4001 stobaeue
2174 3953 2182 4012 Ι
2214 3952 2263 4004 4.
2301 3965 2454 4015 παρα
2480 3950 2552 4015 Α,
2590 3951 2732 4016 παρ’
2768 3947 2838 4015 b!
2875 3955 2920 4002 5.
2944 3952 3145 4003 πλεῖον

548 4032 617 4099 b,
662 4036 883 4087 πλειονι
924 4036 969 4090 Α
1010 4035 1019 4098 Ι
1067 4038 1141 4090 10.
1179 4033 1237 4085 in
1272 4032 1359 4085 hie
1396 4049 1681 4099 εμετιμιαν
1714 4031 1939 4085 litterae
1978 4050 2112 4099 εμετ
2146 4031 2205 4084 in
2240 4048 2350 4086 ras,
2400 4049 2458 4098 ιμ
2495 4034 2797 4086 renovatae
2833 4033 2891 4086 in
2929 4035 2998 4099 A,
3046 4036 3144 4099 ἔμε

550 4117 739 4184 τιμίαν
774 4118 837 4184 b,
873 4118 933 4172 αἵ
968 4134 1033 4184 με
1069 4133 1256 4184 τιμιαν
1290 4115 1643 4171 JFASeidler
1678 4115 2020 4183 HLAhrenS,
2055 4117 2114 4172 αἴ
2151 4133 2218 4182 με
2253 4115 2442 4182 τιμίαν
2480 4116 2759 4186 ThBergk
2823 4120 2833 4186 Ι
2897 4119 3147 4187 ἐπόηςαν

550 4200 894 4269 ΗΒΑΙη-οοε,
944 4202 1214 4270 ἐποίηςαν
1250 4200 1343 4257 Ab
1409 4202 1418 4269 Ι
1482 4203 1617 4269 ἔργα
1650 4203 1724 4255 τὰ
1769 4199 1947 4254 Jvoss
1991 4200 2029 4254 b
2075 4199 2393 4257 HLAhrens
2436 4200 2738 4271 ThBergk‚
2797 4219 3003 4269 ερτατα
3049 4206 3092 4259 Α
3135 4204 3142 4272 Ι

559 4294 637 4340 11.
680 4289 753 4355 μὴ
791 4285 1030 4341 inseruit
1063 4286 1100 4339 b
1136 4286 1195 4340 in
1233 4303 1350 4340 var.
1386 4285 1542 4349 lect„
1580 4302 1689 4339 om.
1727 4287 1770 4340 A
1810 4285 1846 4338 b
1882 4286 1942 4338 in
1977 4286 2141 4338 textu
2175 4283 2528 4355 JGuttentag
2579 4289 2588 4351 Ι
2647 4294 2722 4342 12.
2760 4289 2828 4341 οὐ
2865 4289 3072 4356 ῥητέον
3107 4288 3145 4340 b

552 4371 611 4424 in
647 4388 760 4426 var.
790 4371 947 4438 lect„
985 4373 1258 4440 εὑρητέον
1283 4371 1376 4426 Ab
1410 4371 1470 4423 in
1504 4372 1698 4437 textu,
1735 4371 1804 4424 οὐ
1830 4371 2108 4438 ζητητέον
2131 4368 2512 4440 ἆθυὺίῐειιωςΙ
2539 4375 2617 4424 15.
2641 4376 2713 4438 τῇ
2752 4373 2908 4438 ἐμός·
2945 4374 3014 4426 τὸ
3038 4374 3147 4442 γὰρ

554 4457 648 4511 coc
693 4459 784 4511 καὶ
831 4458 973 4523 ςφός
1019 4459 1110 4511 καὶ
1148 4459 1675 4522 μονοςυλλαβοῡντα
1709 4452 2088 4524 JGuttentag,
2135 4470 2376 4522 quocum
2421 4455 2560 4508 facit
2603 4454 2854 4526 GUhlig,
2900 4459 3148 4525 praeter·

554 4556 723 4609 quam
766 4540 919 4609 quod
964 4543 1033 4596 τὸ
1078 4543 1185 4610 γὰρ
1230 4543 1324 4596 coc
1371 4545 1462 4595 καὶ
1506 4542 1577 4595 τὸ
1624 4541 1764 4607 ςφός
1800 4539 2023 4605 scribit,
2068 4543 2293 4593 servata
2329 4542 2783 4607 μονοςυλλαβοῠν
2819 4541 3097 4611 scriptura
3134 4544 3143 4613 Ι

559 4632 636 4679 17.
673 4643 760 4680 οτι
795 4641 1075 4695 ουρητεον
1114 4643 1354 4693 εμαυτος
1391 4625 1680 4695 inscriptio
1716 4624 1945 4682 maiusc.
1971 4624 2015 4678 A
2049 4627 2057 4688 Ι
2088 4623 2242 4688 Quae
2268 4624 2580 4693 sequuntur
2615 4623 2780 4692 libro,
2817 4626 2915 4694 qui
2952 4628 3040 4680 est
3074 4626 3144 4681 de

556 4712 912 4778 pronomine,
951 4710 1303 4780 abroganda·
1324 4727 1470 4776 esse,
1518 4709 1766 4764 ostendit
1801 4707 2200 4778 RSohneiderl
2241 4711 2715 4777 ὑπολειπομένων
2751 4710 2817 4778 b,
2854 4714 3148 4778 υπολειμε·

556 4812 674 4848 νων
710 4800 752 4852 Α
783 4799 794 4866 Ι
824 4802 907 4853 20.
947 4812 1096 4850 εςτιν
1132 4798 1175 4851 Α
1207 4799 1217 4863 1
1247 4801 1329 4851 21.
1368 4797 1574 4850 Καθότι
1609 4795 1701 4851 Ab
1737 4793 1794 4847 in
1831 4795 2023 4861 textu,
2071 4795 2328 4847 ‘fortasse
2365 4796 2630 4849 καθόλου’
2669 4796 2705 4846 b
2741 4795 2799 4849 in
2837 4812 2953 4851 var.
2988 4795 3140 4861 leot.;

558 4879 683 4934 hino
715 4879 811 4934 fol.
849 4886 948 4935 193
973 4898 1025 4934 v.
3103 4883 3108 4888 ’

658 4976 935 5024 Apollonius
962 4975 1206 5025 Dyscolus.
1254 4976 1291 5015 Ι.
2449 4995 2458 5002 -
2710 4971 2743 5020 8
