3738 5530
564 291 1005 348 Commentarius
1035 292 1263 348 criticus
1291 294 1349 347 et
1377 291 1697 363 exegeticus
1725 291 1787 346 in
1812 291 2104 363 Apollonii
2130 292 2362 363 Dyscoli
2391 292 2602 364 scripta
2628 293 2861 350 minora.
2935 295 3062 360 261

453 465 522 521 ut
559 461 841 523 adverbia
875 463 940 522 in
978 460 1033 523 sc‘
1074 464 1220 538 138,
1244 464 1343 523 15.
1379 464 1522 538 161,
1547 465 1602 521 1.
1636 463 1916 543 162‚233
1961 461 2026 521 in
2061 459 2100 537 ἦ
2136 458 2178 542 ᾖ
2221 464 2447 538 149,3.
2484 465 2628 539 151,
2652 464 2751 523 16.
2786 465 3067 542 172,10;

451 554 515 611 in
560 550 615 612 {i
669 554 813 627 132,
835 554 944 611 26:
999 553 1099 612 sed
1148 551 1582 612 concedendum
1629 554 1718 611 est
1761 551 2046 626 Dronkio,
2102 551 2230 610 fieri
2275 571 2394 613 non
2450 556 2714 630 potuisse
2759 554 2905 629 quin
2950 554 3064 631 Ap.

453 645 514 701 et
567 641 640 701 de
693 642 786 701 his
841 642 1155 720 generibus
1211 645 1271 701 et
1324 642 1395 700 de
1451 641 1852 719 singularibus
1909 642 2141 717 formi8‚
2207 641 2279 701 de
2336 641 2548 720 quibus
2603 642 2761 704 filius
2821 643 2946 704 eius
3001 644 3066 703 in

451 731 605 792 libro
651 728 797 806 περὶ
843 727 1165 807 μονήρου(
1212 726 1444 794 λέξεως
1491 732 1633 810 egit,
1676 730 1915 791 uberius
1959 730 2307 810 disputaret.

1717 927 1791 985 V.

624 1071 976 1132 Accedimus
1021 1071 1145 1130 iam
1192 1070 1268 1131 ad
1313 1090 1445 1131 eam
1499 1071 1790 1150 epistulae
1835 1069 2217 1131 Dronkianae
2261 1074 2523 1149 partem,
2578 1091 2699 1149 qua
2742 1074 3064 1150 pristinum

448 1161 870 1237 disputationis
933 1163 997 1220 in
1060 1160 1515 1237 epirrhematico
1579 1161 1874 1234 ordinem,
1942 1178 2120 1236 quem
2179 1161 2596 1239 perturbatum
2658 1181 2784 1223 esse
2848 1167 3062 1240 censet,

445 1253 756 1311 restituere
800 1250 1014 1311 studet.
1106 1250 1272 1311 Dicit
1324 1251 1483 1311 enim
1530 1249 1942 1326 Apollonium,
1995 1249 2100 1309 ubi
2145 1250 2642 1312 demonstraverit
2686 1244 2865 1334 (123,
2890 1257 2919 1313 1
2936 1256 3058 1314 —8

448 1366 531 1388 =
563 1342 709 1416 533,
735 1333 980 1421 1—10)
1042 1340 1163 1399 alia
1218 1338 1501 1399 adverbia
1556 1359 1690 1399 cum
1744 1341 1909 1399 omni
1960 1339 2128 1398 verbi
2184 1340 2379 1401 forma
2442 1337 2878 1419 (καθολικῶς),
2940 1343 3062 1403 alia

445 1448 579 1489 cum
633 1431 809 1490 certis
864 1429 989 1490 sive
1044 1429 1235 1489 modis
1291 1432 1415 1490 sive
1468 1429 1834 1505 temporibus
1890 1429 2015 1489 sive
2069 1432 2335 1505 personis
2380 1429 2661 1508 coniungi
2707 1427 3058 1510 (μερικῶε);

444 1538 576 1579 eam
619 1539 746 1580 rem
790 1537 910 1579 non
954 1520 1043 1578 ita
1080 1518 1362 1595 exemplis
1407 1518 1708 1578 illustrare
1754 1519 2038 1595 potuisse,
2084 1522 2154 1577 ut
2198 1522 2459 1597 primum
2496 1520 2734 1580 afferret
2770 1515 2889 1592 ἄγε
2926 1540 3062 1581 cum

441 1628 558 1668 uno
613 1609 815 1669 modo
869 1612 1274 1669 constructum
1330 1600 2413 1690 (123,12—16=533,14—20)3
2476 1608 2687 1669 deinde
2744 1614 3065 1688 exponeret

441 1716 594 1775 quae
657 1702 1007 1775 tempora
1080 1697 1466 1758 admitterent
1528 1693 1712 1771 ἐχθές
1776 1692 2004 1772 αὔριον
2067 1696 2186 1757 νῦν
2248 1692 2371 1773 ἤδη
2437 1691 3055 1782 (123,16-124,7

442 1813 526 1837 --
559 1788 707 1862 533,
728 1788 1053 1863 20-534,
1075 1779 1172 1869 9);
1208 1789 1340 1846 tum
1377 1786 1592 1864 quibus
1628 1785 1855 1847 modis
1891 1787 2295 1847 tribuerentur
2322 1781 2401 1849 οὔ
2430 1791 2492 1848 et
2523 1783 2605 1864 μή
2636 1780 2819 1871 (124,
2839 1790 3057 1851 8-14

441 1903 525 1925 =
557 1877 705 1952 534,
728 1869 999 1959 9—17);
1064 1876 1317 1952 denique
1373 1895 1525 1953 quae
1578 1881 1902 1954 tempora
1956 1876 2068 1935 sibi
2123 1871 2321 1937 πάλαι
2378 1881 2716 1954 exposceret
2770 1870 3055 1960 (124,15

438 1958 1481 2047 —125,2=534,18—535‚4);
1530 1985 1712 2042 quare
1760 1984 1912 2042 quae
1957 1965 2164 2025 modos
2210 1969 2552 2043 respiciant,
2596 1986 2753 2027 nunc
2798 1968 2861 2027 in
2908 1969 3057 2030 duas

437 2058 640 2134 partes
676 2055 912 2116 divulsa
947 2057 1035 2115 ita
1072 2055 1263 2115 denuo
1303 2055 1662 2115 conectenda
1689 2073 1832 2129 esse,
1868 2058 1940 2116 ut
1977 2074 2128 2132 quae
2166 2054 2238 2114 de
2277 2050 2355 2115 οὔ
2393 2059 2455 2116 et
2490 2052 2572 2131 μή
2609 2057 3059 2135 praecipiuntur

438 2138 617 2227 (124,
638 2136 886 2227 8—14)
932 2145 995 2204 in
1040 2146 1357 2222 pristinam
1402 2144 1600 2204 sedem
1650 2147 1900 2220 123,16
1941 2137 2056 2225 (=
2080 2136 2437 2227 533‚20)*)
2482 2150 2865 2222 reponantur.
2941 2148 3057 2207 Sed

436 2237 507 2294 ut
549 2235 877 2311 particulas
921 2235 1098 2294 huius
1145 2234 1568 2311 disputationis
1607 2252 1760 2311 quae
1806 2234 2011 2294 modos
2049 2237 2324 2311 spectant
2357 2235 2575 2295 litteris
2623 2254 2660 2294 a
2679 2255 2733 2311 a,
2780 2255 2934 2313 quae
2981 2236 3055 2296 ad

436 2327 706 2401 tempora
749 2323 1052 2401 pertinent
1094 2323 1132 2382 b
1152 2323 1191 2383 b
1235 2326 1537 2384 notemus:
1583 2342 1682 2384 eas
1729 2342 1923 2384 nonne
1967 2324 2142 2384 licuit
2185 2325 2577 2402 grammatico
2614 2325 2706 2383 ita
2750 2325 3057 2403 collocare,

434 2418 506 2474 ut
568 2414 834 2473 alternae
893 2431 1019 2473 sese
1078 2414 1438 2490 exciperent,
1502 2413 1660 2473 hunc
1716 2414 1782 2472 in
1835 2412 2081 2472 modum
2135 2413 2229 2472 ab
2289 2432 2326 2472 a
2344 2411 2426 2471 b?
2451 2406 2548 2496 **)
2640 2414 2841 2491 Atque
2897 2416 3057 2493 quod

434 2503 675 2564 Dronke
720 2503 1091 2563 Priscianum
1136 2495 1276 2584 (XV
1325 2504 1495 2563 1—3
1543 2523 1598 2580 p.
1641 2504 1743 2578 60,
1767 2505 2002 2578 2—62,
2027 2493 2138 2584 15)
2185 2504 2400 2563 testem
2453 2502 2759 2580 producit:
2819 2522 2956 2564 eum
3001 2506 3055 2566 si

433 2595 601 2669 sequi
637 2593 850 2668 voluit,
897 2592 1100 2652 debuit
1144 2593 1468 2670 particulas
1506 2593 1590 2652 sic
1625 2593 1826 2669 potius
1863 2592 2156 2670 digerere:
2201 2591 2289 2650 bb
2336 2610 2445 2668 aa3
2491 2594 2833 2654 testimonio
2871 2594 3051 2655 schol.

433 2682 628 2741 DThr.
678 2682 835 2760 quod
887 2683 1085 2759 ipsum
1130 2700 1364 2759 quoque
1419 2682 1617 2758 affert,
1670 2683 1821 2741 nihil
1879 2681 2033 2741 effici
2086 2683 2299 2758 potest.
2394 2679 2650 2742 Omnino
2705 2683 2894 2742 nolim
2939 2683 3051 2744 hac

433 2770 673 2849 quidem
716 2774 780 2832 in
823 2792 888 2833 re
932 2773 1109 2833 nimis
1153 2773 1411 2832 multum
1453 2772 1640 2831 tribui
1678 2772 2013 2847 Priscian03
2058 2790 2199 2831 nam
2245 2789 2379 2831 cum
2413 2771 2526 2850 Ap.
2567 2763 2838 2856 (119,1)
2877 2768 3043 2855 πάεῃ

434 2857 596 2925 λέξει
650 2863 812 2922 dicat
864 2857 983 2922 δύο
1038 2858 1426 2937 παρέπεεθαι
1482 2858 1746 2938 λόγους,
1804 2858 1921 2922 τόν
1977 2876 2047 2921 τε
2101 2857 2248 2935 περὶ
2300 2860 2414 2935 τῆς
2469 2857 2723 2923 ἐννοίας
2777 2859 2882 2923 καὶ
2928 2859 3046 2924 τὸν

432 2948 579 3026 περὶ
622 2950 740 3012 τοῦ
788 2947 1104 3026 (χήματοε
1148 2951 1260 3025 τῆς
1306 2950 1557 3027 φωνῆεε
1618 2951 1958 3011 Priscianus
1994 2952 2289 3028 praecipit
2327 2942 2466 3032 (XV
2497 2953 2534 3009 5
2573 2972 2630 3029 p.
2663 2953 2767 3027 63,
2790 2945 2859 3034 6)
2898 2954 3053 3012 acci-

433 3040 569 3100 dere
606 3041 885 3101 adverbio
914 3043 1170 3118 speciem
1206 3040 1699 3118 significationem
1732 3040 1988 3118 figuram
2026 3033 2228 3117 (εἶδος
2265 3035 2525 3101 ἔννοιαν
2563 3037 2821 3119 εχῆμα);
2871 3061 3052 3118 quam

433 3131 785 3191 divisionem
830 3132 1029 3208 potius
1076 3130 1365 3207 Dionysio
1405 3130 1622 3189 Thraci
1667 3129 1868 3190 debet:
1917 3148 2280 3206 quamquam
2316 3149 2390 3189 ne
2428 3129 2587 3206 apud
2625 3150 2759 3190 eum
2797 3131 3053 3208 quidem,

433 3219 538 3279 ubi
582 3220 655 3279 de
701 3218 999 3281 adverbiis
1047 3221 1175 3300 agit
1220 3213 1357 3301 (73,
1383 3223 1414 3279 1
1440 3212 1584 3301 sq.)‚
1637 3220 1745 3278 illa
1801 3221 2320 3295 commemoratum
2375 3218 2693 3298 distinguit
2747 3222 2904 3280 enim
2951 3220 3053 3280 ad-

431 3308 635 3369 verbia
689 3309 988 3387 simplicia
1043 3329 1080 3368 a
1123 3309 1465 3386 compositis
1513 3305 1799 3387 (εχῆμα),
1860 3310 2170 3387 primitiva
2223 3327 2261 3367 a
2306 3308 2591 3369 derivatis
2648 3303 2878 3388 (cibet)
2933 3330 3053 3372 non

434 3398 766 3478 distinguit.
833 3398 904 3457 V.
942 3399 1116 3458 infra.
1486 3413 1489 3414 ’

611 3487 728 3548 Sed
763 3489 945 3548 etiam
981 3489 1174 3567 magis
1211 3488 1562 3565 perturbata
1597 3506 1723 3548 esse
1762 3506 1833 3548 ea
1869 3506 2023 3565 quae
2059 3487 2422 3566 praecedunt
2453 3490 2600 3563 120,
2623 3489 3048 3563 19-122,33

433 3569 613 3659 (530,
637 3579 939 3639 15-532
989 3569 1163 3658 extr.)
1221 3577 1603 3655 comprobare
1657 3577 1860 3637 studet
1912 3577 2170 3637 Dronke.
2275 3578 2348 3637 In
2408 3580 2492 3638 eis
2549 3579 2708 3637 enim
2763 3596 2915 3654 quae
2975 3576 3052 3636 ad

431 3668 585 3727 hanc
639 3667 1000 3728 definitionis
1052 3670 1287 3744 partem
1341 3665 1786 3742 κατηγοροῦεα
1846 3665 1981 3726 τῶν
2045 3662 2117 3727 ἐν
2181 3665 2317 3727 τοῖς
2381 3661 2646 3742 ῥήμαειν
2711 3661 3050 3737 ἐγκλίεεων

431 3749 851 3817 illustrandam
894 3756 1165 3834 proferat
1209 3756 1537 3833 technicus,
1584 3774 1710 3816 esse
1755 3757 2045 3816 nonnulla
2087 3754 2296 3832 verba,
2344 3775 2494 3833 quae
2541 3775 2659 3833 quo
2706 3758 2974 3833 spectent
3021 3775 3052 3816 e

430 3846 649 3907 codicis
714 3846 919 3906 ordine
983 3848 1046 3905 in
1101 3845 1359 3906 Bekkeri
1423 3844 1745 3905 editionem
1806 3848 2044 3923 recepto
2107 3864 2349 3923 prorsus
2406 3846 2618 3922 dispici
2679 3863 2798 3904 non
2859 3864 3048 3923 posse.

431 3934 595 4004 Quae
640 3938 763 3995 sint
806 3936 915 3995 illa
950 3935 1148 4011 verba,
1193 3936 1521 4011 permirum
1557 3937 1648 3995 est
1682 3935 2020 3995 Dronkium
2055 3937 2278 3996 tacere:
2324 3953 2465 3994 nam
2500 3933 2613 3994 hoc
2647 3933 3050 3994 firmissimum

430 4028 586 4086 esset
645 4026 769 4085 eius
830 4028 1264 4103 argumentum.
1365 4022 1494 4094 Quo
1552 4025 1972 4101 praetermisso
2037 4027 2229 4084 totam
2293 4024 2758 4101 disputationem
2822 4025 2885 4083 in
2949 4043 3050 4083 sex

430 4115 622 4175 frusta
667 4115 968 4191 discerpit,
1014 4133 1166 4191 quae
1212 4114 1278 4173 in
1313 4133 1534 4174 novum
1578 4114 1735 4173 hunc
1786 4113 2054 4174 ordinem
2093 4113 2313 4192 redigit
2348 4113 2380 4172 I
2428 4115 2575 4188 120,
2600 4115 2923 4188 19—121‚
2947 4116 3046 4173 13.

428 4203 491 4262 Π
532 4206 1148 4281 121,27—122‚12.
1213 4202 1308 4262 HI
1349 4203 1795 4278 122,16—33.
1862 4202 1951 4263 IV
1992 4204 2437 4277 121,19—26.
2499 4202 2558 4260 V
2597 4204 3046 4278 122‚13-15.
3128 4204 3131 4208 ’

427 4291 516 4352 VI
556 4295 702 4368 121,
726 4294 1003 4354 14-19.
1086 4291 1218 4363 Qua
1261 4295 1327 4351 in
1370 4313 1435 4352 re
1480 4292 1816 4351 technicum
1861 4293 2015 4352 hanc
2060 4293 2352 4352 rationem
2397 4292 2567 4369 sequi
2612 4292 2935 4368 contendit,
2979 4295 3049 4352 ut

428 4381 618 4443 tribus
673 4382 971 4459 prioribus
1026 4381 1464 4459 maioribusque
1518 4382 1725 4441 frustis
1779 4382 1939 4441 idem
1992 4381 2146 4440 illud
2198 4384 2609 4459 praeceptum,
2666 4380 3048 4457 κατηγορεῖν

604 4588 652 4660 ‘)
700 4587 792 4642 Sic
842 4587 993 4644 enim
1045 4586 1333 4671 scripsisse
1380 4585 1692 4643 Dronkium
1742 4603 1827 4672 ex·
1862 4588 1987 4642 tota
2034 4585 2420 4672 disputatione
2467 4587 2677 4654 elucet3
2728 4587 2831 4642 sed
2881 4587 3047 4712 (Ἐρο-

426 4660 620 4715 thetae
657 4676 841 4716 errore
876 4678 932 4730 p.
954 4665 1058 4714 338
1086 4659 1124 4714 l.
1146 4665 1179 4713 9
1207 4660 1419 4730 legltur
1455 4664 1577 4727 530,
1599 4665 1696 4727 203
1733 4677 1832 4730 qui
1859 4676 2014 4715 error
2040 4659 2229 4714 fraudi
2261 4658 2373 4713 fuit
2400 4657 2879 4715 GFSchoemanno
2985 4660 3048 4713 4*

430 4758 497 4778 Ξ
527 4731 1186 4874 olzgscflltligrg41i‘1'aiorem
1224 4802 1334 4857 sibi
1372 4802 1805 4874 argumentandi
1840 4801 2133 4857 licentiam
2163 4801 2439 4857 concessit
2474 4802 2764 4857 technicus
2801 4803 2862 4857 in
2898 4802 3045 4859 libro

428 4873 499 4927 de
535 4875 882 4943 pronomine,
919 4874 1019 4929 ubi
1057 4876 1389 4943 argumenta
1417 4891 1562 4943 quae
1600 4873 1741 4928 alios
1778 4874 2126 4943 proferentes
2163 4873 2305 4929 facit
2340 4873 2536 4929 ordine
2572 4874 2786 4930 refutat
2819 4891 3046 4945 prorsus

431 4945 650 5001 diverso
688 4947 761 5001 ab
801 4963 867 5002 eo
906 4963 1017 5016 quo
1053 4945 1279 5017 prolata
1315 4947 1462 5015 sunt,
1502 4945 1571 5001 cf.
1613 4946 1802 5001 adnot.
1842 4945 1918 5001 ad
1956 4952 2041 5014 29,
2060 4950 2287 5014 12-31,
2309 4951 2374 5000 12
2405 4945 2497 5001 all.
2528 4944 2586 5001 11.
