3738 5530
1230 368 1749 420 PERSONALIVM
1783 368 2037 420 DATIVI
2074 366 2524 420 SINGVLARIS.
3079 365 3157 428 81

503 585 543 640 C
577 591 750 651 μεναι
806 573 925 648 τὴν
983 570 1143 635 κατὰ
1194 572 1271 635 τὸ
1325 571 1540 650 τρίτον
1597 570 2086 650 περιςπωμένην
2131 567 2375 648 ἔχουςι·
2445 570 2561 634 ςοὶ
2619 571 2758 647 μὲν
2815 569 2940 647 γὰρ
2984 552 3162 651 ἐγώ,

579 675 660 739 ςὺ
703 673 761 737 δ’
806 672 978 751 ἐμοί
1023 673 1112 753 (Δ
1159 670 1300 755 63)·
1344 672 1450 736 ἐπὶ
1492 673 1563 736 δὲ
1605 677 1722 737 τοῦ

876 770 923 849 ἦ·
962 773 1187 850 ὀλίγον
1234 772 1299 838 οἶ
1340 777 1539 838 παῖδα
1583 772 1654 857 (Ε
1699 772 1848 853 800)

579 882 996 955 περιςπῶμεν.
1084 875 1236 940 ὅθεν
1281 875 1369 941 ὼς
1414 876 1792 954 παράλογον
1838 875 1877 938 ὁ
1924 874 2228 939 (ιδώνιος
2273 873 2548 955 ὤξυνεν,
2592 873 2631 956 ᾖ
2677 872 2740 937 αἱ
2783 873 3164 953 ὁμοιοκατά-

581 982 790 1056 ληκτοι
847 977 951 1041 καὶ
1005 976 1312 1056 ὁμότονοι
1365 978 1525 1042 κατὰ
1568 981 1698 1043 πᾶν
1743 975 2118 1056 πρόςωπον.
2177 1011 2259 1022 -
2320 975 2431 1039 Καὶ
2474 975 2661 1040 ἕνεκα
2705 977 2820 1053 μὲν
2863 982 2998 1040 τῶν
3045 976 3164 1040 δύο
3202 986 3234 1034 5

580 1080 741 1158 πρὸς
793 1079 869 1142 τὸ
927 1079 1002 1143 ἓν
1056 1078 1134 1142 τὸ
1188 1079 1261 1143 ἓν
1319 1077 1685 1162 εὐθύνεται,
1744 1078 1934 1143 ἕνεκα
1996 1079 2068 1142 δὲ
2121 1080 2232 1154 τῆς
2284 1083 2415 1141 τῶν
2476 1082 2723 1156 φωνῶν
2786 1076 3167 1143 ἀκολουθία(

583 1181 959 1246 εὐθύνονται
1024 1178 1089 1243 αἱ
1143 1180 1280 1244 δύο.
1349 1215 1428 1226 -
1495 1182 1663 1245 πᾶςα
1719 1181 1844 1258 γὰρ
1909 1180 2127 1257 δοτικὴ
2193 1176 2788 1257 μακροκατάληκτος
2851 1177 3168 1243 οὐδέποτε

376 1301 547 1350 104A
581 1282 898 1347 ὀξύνεται·
956 1280 1021 1344 αἱ
1074 1279 1200 1359 γὰρ
1256 1279 1637 1362 ὀξυνόμεναι
1694 1280 2311 1363 βραχυκατάληκτοι,
2368 1281 2468 1344 καὶ
2524 1280 2629 1344 διὰ
2684 1284 2877 1345 τοῦτο
2922 1282 3167 1357 μᾶλλον

578 1384 653 1447 τὸ
697 1383 832 1463 ἐμίν
877 1382 1187 1461 Δωρικὸν
1231 1381 1580 1458 ἀνάλογον.
1627 1419 1708 1430 -
1754 1381 2064 1463 ὁμότονοί
2121 1382 2272 1446 εἰςιν
2318 1381 2382 1445 αἱ
2426 1381 2666 1457 γενικαὶ
2709 1384 2844 1446 ταῖς
2888 1385 3168 1447 δοτικαῖς

594 1483 1178 1564 ἰςοςυλλαβούςαις·
1223 1487 1363 1549 πῶς
1394 1483 1513 1549 οὖν
1544 1482 1729 1549 αὗται
1758 1483 2129 1561 ὀξύνονται,
2175 1490 2306 1551 τῶν
2335 1488 2606 1559 γενικῶν
2634 1484 3167 1563 περιςπωμένων;
3207 1493 3273 1542 10

585 1586 908 1661 ἀνάλογος
952 1584 1077 1663 ἄρα
1121 1584 1160 1662 ἡ
1206 1581 1285 1649 οῖ.
1335 1621 1410 1631 -
1459 1584 1521 1650 αἱ
1551 1585 2021 1665 μονοςύλλαβοι
2066 1585 2307 1650 δοτικαὶ
2347 1589 2800 1664 περιςπῶνται·
2845 1584 3171 1661 ἀνάλογος

579 1687 701 1764 ἄρα
763 1686 802 1764 ἡ
872 1684 954 1750 οἷ.
1051 1685 1478 1769 ὁμοτονοῦςιν
1546 1686 1611 1752 αἱ
1656 1688 1950 1767 ’κτητικαὶ
2003 1690 2143 1751 ταῖς
2207 1686 2693 1765 πρωτοτύποις,
2753 1687 2935 1767 ἐμός
2998 1687 3169 1767 ἐγώ,

580 1787 767 1867 ἐμόν
825 1787 988 1869 ἐμέ,
1048 1786 1181 1851 ςόν
1239 1788 1345 1853 ςέ·
1403 1788 1460 1853 εἰ
1516 1788 1637 1854 οὖν
1695 1789 1847 1872 ἐμῷ
1913 1790 2016 1853 καὶ
2079 1794 2209 1871 (ᾧ,
2265 1794 2405 1854 πῶς
2460 1788 2608 1868 οὐχὶ
2674 1789 2776 1853 καὶ
2841 1788 3018 1869 ἐμοῖ
3071 1789 3174 1852 καὶ

581 1892 725 1972 ςοῖ;
785 1888 1113 1965 ἀνάλογος
1162 1887 1289 1968 ἄρα
1339 1887 1378 1965 ἡ
1432 1886 1514 1956 οἷ.
1575 1926 1653 1939 -
1710 1890 1997 1972 «Ἀλλά»,
2053 1909 2279 1969 φαςιν,
2337 1891 2404 1969 «ἡ
2445 1891 2560 1970 μὲν
2615 1890 2771 1969 ἐμοῦ
2821 1892 3171 1971 διαιρεῖται,

510 2005 550 2058 Β
584 1991 623 2069 ἡ
666 1993 737 2055 δὲ
782 1990 923 2071 ἐμοί
968 1990 1228 2055 οὐκέτι».
1290 2028 1362 2037 -
1424 1991 1591 2057 Ἀλλ’
1635 1992 1716 2057 οὐ
1761 1996 1956 2056 τοῦτο
2001 1990 2209 2056 αἴτιον
2264 1991 2590 2069 γενήςεται
2633 1995 2745 2070 τῆς
2788 1991 3054 2067 τάςεως,
3115 1989 3173 2055 εἴ
3209 2003 3272 2050 ιτ)

578 2094 652 2169 γέ
693 2113 837 2157 τινα
879 2092 1332 2173 περιςπώμενά
1378 2092 1541 2159 ἐςτιν
1586 2093 1910 2172 ἀδιαίρετα
1939 2094 2041 2158 καὶ
2072 2091 2430 2172 ὀξυνόμενα
2460 2093 2887 2172 διαιρούμενα.
2960 2092 3171 2157 ἐκεῖνο

582 2194 699 2259 οὖν
744 2193 1011 2277 ῥητέον,
1058 2195 1150 2259 ὡς
1193 2193 1505 2259 πολλάκις
1546 2197 1662 2272 τὴν
1707 2194 2096 2260 ἀκολουθίαν
2142 2194 2604 2273 διαψεύδονται
2649 2193 2713 2257 αἱ
2745 2194 3169 2273 ἀντωνυμίαι·

579 2300 862 2361 τοιαῦται
907 2294 1031 2361 οὖν
1077 2297 1180 2360 καὶ
1223 2295 1287 2360 αἱ
1329 2295 1757 2373 προκείμεναι.

746 2397 1010 2462 Ἀττικοὶ
1054 2396 1089 2461 ἔ
1102 2415 1353 2476 μοιγε.
1441 2396 1690 2462 Αἰολεῖς
1733 2395 1905 2474 ἔμοι
1951 2399 2216 2477 βαρέως.
2295 2397 2563 2461 Βοιωτοὶ
2608 2397 2712 2461 διὰ
2754 2401 2874 2461 τοῦ
2904 2402 2972 2479 ῡ,
3019 2397 3171 2475 ἐμύ,

584 2499 896 2576 ςυνήθως,
950 2498 1168 2563 καθότι
1221 2499 1325 2562 καὶ
1377 2499 1455 2562 τὸ
1508 2499 1694 2563 καλοί
1745 2500 1952 2563 καλύ.
2038 2500 2317 2577 Δωριεῖς
2380 2497 2551 2578 ἐμίν
2596 2499 2700 2563 καὶ
2741 2498 2835 2563 ἔτι
2879 2498 3171 2579 ἐμίνγα.
3209 2510 3276 2559 20

509 2616 551 2670 c
590 2599 880 2680 (ώφρων
910 2598 1019 2682 (fr.
1049 2599 1134 2663 53
1166 2597 1447 2680 Ahrens)
1481 2599 1737 2679 μόνον
1783 2600 2056 2679 ἐμίνγα
2098 2601 2186 2664 τὸ
2230 2602 2369 2663 τοῦ
2413 2599 2768 2677 γόγγρου
2813 2600 3171 2679 τέμαχος.

578 2702 650 2767 Ἡ
698 2701 924 2781 ἐμίνη
970 2701 1239 2781 ςυνήθης
1282 2701 1729 2781 Ταραντίνοις·
1773 2701 1812 2780 ἡ
1860 2703 1932 2767 δὲ
1975 2706 2191 2781 χρῆςις
2235 2702 2411 2780 παρὰ
2454 2700 2767 2767 Ῥίνθωνι.

751 2803 900 2868 (οἱ.
990 2803 1301 2869 Ἀττικῶς.
1387 2805 1633 2880 Ἴωνες,
1677 2804 1926 2870 Αἰολεῖς
1968 2802 2244 2884 ὁμοίωςζ
2490 2835 2496 2842 ·

885 2905 986 2969 col
1029 2906 1086 2969 δ’
1129 2904 1262 2981 ἔγω
1308 2903 1538 2970 λεύκας
1583 2905 1689 2969 ἐπὶ
1732 2909 1950 2985 βῶμον
1995 2903 2180 2982 αἴγος

586 3007 831 3087 (απφώ
881 3005 982 3087 (fr.
1028 3006 1063 3070 7
1110 3005 1401 3087 Ahrens3
1448 3003 1743 3091 Bergk3).
1806 3008 1911 3071 καὶ
1951 3008 2029 3071 τὸ
2074 3006 2234 3071 κατὰ
2276 3005 2586 3070 ἀπόλυςιν
2632 3006 2736 3070 διὰ
2778 3008 2896 3070 τοῦ
2938 3008 3004 3070 τ’
3212 3019 3278 3067 25

886 3106 1246 3188 κάπιλείψω
1291 3126 1391 3171 τοι
1435 3105 1763 3191 (Sapphus
1808 3107 1885 3171 fr.
1936 3107 2012 3170 91
2059 3107 2350 3188 Ahren8‚
2397 3107 2436 3170 8
2475 3105 2764 3192 Bergk3).

580 3211 687 3276 καὶ
741 3210 936 3289 ςαφὲς
993 3209 1084 3273 ὡς
1128 3210 1372 3289 μάλλον
1417 3209 1682 3288 Δώριος
1721 3209 1759 3287 ἡ
1806 3209 2188 3292 μετάληψις,
2245 3209 2403 3288 παρ’
2455 3208 2554 3275 οἶς
2598 3210 2674 3274 τὸ
2719 3213 2752 3272 ’ς’
2797 3215 2927 3276 τῶν
2973 3209 3175 3275 ἀντω-

358 3339 469 3386 105
494 3329 545 3381 A
584 3316 828 3391 νυμιῶν
886 3315 924 3376 τ
973 3311 1232 3387 γίνεται.
1337 3314 1470 3375 τῶν
1527 3311 1604 3388 δὴ
1664 3311 2011 3376 ἀπολύτων
2068 3312 2173 3376 διὰ
2216 3316 2332 3375 τοῦ
2376 3315 2413 3376 ·ῖ’
2457 3312 2826 3391 λεγομένων
2870 3313 3032 3390 μόνη
3079 3331 3176 3389 ςη-

582 3413 897 3494 μειούςθω
943 3413 1337 3491 διαςταλτικὴ
1384 3410 1544 3476 οὖςα
1586 3411 1625 3489 ἡ

556 3507 561 3512 ’
888 3517 1008 3578 νῦν
1054 3514 1125 3578 δέ
1168 3533 1270 3577 τοι
1316 3511 1436 3596 οἴῳ
1483 3511 1751 3591 πάμπαν
1794 3510 1858 3598 (τ
1900 3513 2076 3595 369).·
3215 3527 3281 3574 3ο

582 3618 659 3682 τὸ
702 3616 825 3696 γὰρ

888 3716 968 3781 οὔ
1011 3738 1143 3794 τοι,
1188 3716 1418 3780 τέκνον
1464 3715 1653 3795 ἐμὸν,
1701 3717 1956 3781 δέδοται
2005 3718 2074 3796 (Ε
2117 3716 2271 3802 428)

580 3819 846 3885 δύναται
889 3817 1060 3898 ἔχειν
1102 3818 1220 3883 τὸν
1268 3817 1468 3893 λόγον
1515 3817 1754 3882 οὕτως·
1819 3817 1932 3882 «οὐ
1978 3820 2234 3883 δέδοταί
2278 3838 2375 3884 ςοι
2420 3819 2737 3898 πολεμήϊα
2781 3819 2970 3900 ἔργα,
3014 3817 3180 3882 ἀλλὰ

576 3927 676 4004 τῷ
716 3922 920 4000 Ἄρει·
978 3920 1051 3985 ςὺ
1109 3918 1230 3984 οὖν
1285 3919 1596 4018 μετέρχου
1639 3922 1719 3982 τὰ
1762 3918 1920 3997 ἔργα
1962 3924 2081 3984 τοῦ
2124 3921 2401 4003 γάμου»,
2457 3921 2569 3986 ἵνα
2611 3921 2775 3999 πρὸς
2819 3919 2938 3983 τὸν
2982 3920 3179 3997 Ἄρην

720 4105 934 4159 Anam.
1012 4108 1072 4157 19
1116 4102 1309 4156 Dativi
1351 4101 1655 4170 singularis
1698 4101 1915 4172 primae
1963 4119 2253 4172 personae.
2302 4134 2366 4144 —
2411 4110 2477 4158 23
2524 4102 2717 4159 nativi
2759 4101 3060 4172 singularis
3096 4119 3176 4156 ue-

583 4187 802 4243 cundao
835 4204 1128 4259 personae.

721 4340 910 4395 stcn.
947 4359 1144 4398 sempr.
1210 4347 1256 4394 1.
1294 4356 1513 4407 εχουςιν
1539 4341 1582 4394 Α
1614 4341 1623 4407 1
1653 4344 1708 4393 9.
1741 4341 1985 4407 δωρικον
2010 4344 2071 4407 Α,
2107 4343 2335 4410 Δώριον
2358 4343 2396 4397 b
2433 4345 2442 4410 Ι
2473 4349 2551 4396 14.
2591 4360 2760 4410 φαςιν
2796 4344 2871 4408 Α,
2907 4349 3078 4410 φηςιν
3103 4342 3139 4396 b
3169 4343 3176 4410 Ι

583 4432 671 4482 22.
707 4443 1074 4494 ταραντηνοις
1111 4429 1154 4482 Α
1221 4428 1232 4491 Ι
1295 4432 1377 4479 24.
1415 4426 1502 4479 col
1535 4424 1700 4488 δ’ἔγω
1737 4422 2039 4493 ThBergk,
2089 4442 2172 4479 ςοι
2206 4429 2355 4492 δεγω
2394 4430 2466 4492 Α,
2513 4433 2597 4481 ςοῖ
2643 4429 2807 4492 δ’ἐγω
2846 4426 3180 4492 HLAhrenn,

584 4513 674 4565 ςοί
708 4511 907 4574 δ’ἔγων
940 4511 978 4564 b
1009 4515 1018 4578 Ι
1060 4513 1153 4566 ἐπὶ
1190 4515 1385 4579 βῶμον
1422 4509 1582 4573 αἶγος
1619 4506 1655 4558 b
1694 4509 1752 4560 et
1785 4506 2090 4578 ThBergk,
2130 4509 2228 4576 qui
2264 4511 2559 4565 adnotavit
2593 4511 2723 4563 ‘nisi
2761 4511 2906 4565 forte
2942 4511 3053 4564 fuit
3086 4513 3180 4567 ἐπί

585 4597 653 4648 τ’
688 4595 842 4660 ὦμον
879 4595 935 4661 (i.
975 4612 1021 4652 ο.
1063 4597 1294 4663 ὠμόν)’,
1328 4598 1423 4650 ἐπὶ
1460 4595 1656 4658 βῶμον
1693 4591 1863 4654 Αἷγας
1900 4591 2238 4659 HLAhrenS,
2277 4598 2567 4660 επιδωμον
2602 4612 2760 4660 αιγος
2798 4597 2839 4649 Α
2873 4597 2882 4662 Ι
2913 4601 2996 4648 25.
3037 4596 3180 4650 κατὰ

592 4678 865 4733 ἀπόλυςιν
900 4679 1124 4750 scripsit
1156 4679 1536 4741 RSchneider‚
1575 4674 1720 4728 κατὰ
1754 4677 2048 4732 ἀπόλυτον
2084 4679 2177 4733 Ab
2209 4684 2217 4745 Ι
2249 4684 2332 4733 26.
2374 4681 2711 4745 κάπιλειψώ
2748 4697 2835 4733 τοι
2875 4682 2918 4733 Α
2951 4683 2959 4747 Ι
2990 4686 3074 4733 27.
3102 4696 3181 4734 ως

589 4765 808 4827 ιῖάλλον
844 4766 913 4831 Α,
951 4767 1040 4840 ὄπι
1076 4768 1290 4831 μᾶλλον
1323 4765 1360 4819 b
1391 4768 1401 4834 Ι
1433 4749 1746 4844 μεταλήψίς
1775 4763 1847 4828 Α,
1885 4766 2098 4830 puncta
2131 4763 2339 4817 adiecit
2362 4764 2427 4817 A¹
2467 4766 2475 4829 Ι
2502 4769 2718 4820 33-34.
2747 4764 2892 4818 ἀλλὰ
2917 4769 3000 4830 τῷ
3027 4765 3182 4831 Ἄρει

588 4844 717 4910 Ab,
751 4847 891 4902 ἀλλὰ
925 4848 1146 4914 (ταῦτα
1181 4851 1447 4919 μελήςει)
1482 4856 1566 4918 τῷ
1604 4853 1758 4918 Ἀρει
1796 4847 2023 4903 KLehrs

700 4939 970 4986 Apollonia»
998 4943 1231 4992 Dyscolnn.
1272 4945 1310 4985 1.
2424 4980 2430 4988 ‚
2734 4936 2766 4984 6
