3738 5530
1308 380 1431 430 ΔΕῙ
1467 381 1561 430 ΕΤ
1598 381 1749 431 xPH
1786 352 2025 429 VER'BA
2064 378 2265 429 SVNT.
2667 419 2676 425 .
2973 376 3081 440 131

499 580 569 644 ἐν
617 577 716 642 οἷς
761 578 1095 655 αἰτιατικῆς
1140 579 1378 653 γίνεται
1426 581 1502 644 τὸ
1545 582 1837 662 γράφειν.
1899 581 1953 645 -ὁ
1998 580 2193 644 αὐτὸς
2250 579 2445 655 λόγος
2490 579 2590 642 καὶ
2634 578 2740 642 ἐπὶ
2783 581 2900 642 τοῦ
2945 579 3086 657 χρή,

502 686 1034 758 ςυνωνυμοῦντος
1077 687 1167 764 τῷ
1213 685 1331 745 δεῖ.

369 793 460 844 541
679 782 868 847 Ἀλλὰ
896 790 1039 848 πῶς
1070 783 1350 867 ἄκλιτον,
1382 783 1436 848 εἰ
1468 783 1664 864 ῥῆμα;
1706 788 1847 849 πῶς
1879 785 1958 848 οὐ
1993 785 2499 864 ςυςχηματίζεται
2527 785 2664 848 τοῖς
2694 785 3094 862 προςώποιςς

502 886 645 950 Ὅτι
689 885 727 963 ἡ
771 886 1080 966 γινομένη
1126 885 1328 950 αὐτοῦ
1374 886 1659 950 ςύνταξις
1706 885 1824 950 οὐκ
1868 887 1971 950 ἐπὶ
2014 887 2093 950 τὰ
2136 886 2453 964 πρόςωπά
2497 885 2697 968 ἐςτιν,
2755 886 2858 949 ἐπὶ
2905 888 2976 950 δὲ
3021 887 3096 951 τὸ
3133 902 3165 948 5

507 988 697 1070 [πρὸς
742 986 824 1070 ᾧ]
885 986 1382 1068 ἀπαρέμφατον,
1443 987 1481 1049 ὅ
1528 987 1655 1051 ἐςτι
1699 988 2251 1069 μονοπρόςωπον,
2314 988 2417 1051 καὶ
2460 986 2647 1052 ἔνθεν
2693 989 3095 1067 μονοςχημά-

504 1110 713 1153 τιςτον
768 1090 842 1152 τὸ
912 1088 1040 1167 ἐμὲ
1106 1092 1225 1154 δεῖ
1287 1091 1644 1171 γράφειν.
1734 1091 1810 1155 τὸ
1866 1092 1990 1168 γὰρ
2048 1092 2144 1154 δεῖ
2199 1089 2301 1153 ἐπὶ
2356 1090 2432 1152 τὸ
2487 1088 2762 1169 γράφειν
2818 1091 3100 1171 φέρεται,

430 1206 456 1245 ⁵
508 1192 669 1269 ὅπερ
727 1191 806 1254 οὐ
865 1185 1218 1269 προςώπου
1277 1192 1404 1257 ἐςτὶ
1448 1191 1754 1257 δεκτικόν.
1831 1193 1933 1255 καὶ
1976 1192 2193 1266 ἔνθεν,
2254 1193 2583 1256 ςυντεῑνον
2629 1190 2717 1255 εἰς
2764 1190 2979 1274 [αὐτὸ]
3025 1192 3101 1255 τὸ

504 1292 811 1374 γράφειν,
872 1294 972 1356 καὶ
1027 1293 1274 1375 (αὐτὸ)
1328 1296 1447 1359 τὸν
1502 1294 1619 1359 ἕνα
1675 1294 2096 1374 ςχηματιςμόν
2154 1292 2552 1371 ἀναδέχεται.
2626 1293 2972 1372 Πρόδηλον
3031 1293 3102 1356 δὲ

504 1396 773 1470 γινέςθω
800 1395 900 1459 καὶ
931 1395 1000 1459 ἐκ
1043 1395 1320 1475 ῥήματος
1349 1400 1467 1460 τοῦ
1509 1396 1725 1461 λείπει.
1787 1396 1866 1460 οὐ
1909 1397 2033 1475 γὰρ
2076 1394 2239 1459 ἐςτιν
2271 1393 2440 1459 ὅςτις
2472 1394 2696 1471 ὀλίγον
2741 1395 3103 1468 διςτάςειεν,

507 1497 604 1561 ὅτι
647 1498 724 1561 τὸ
770 1497 970 1561 λείπει
1015 1496 1181 1577 ῥῆμά
1224 1499 1378 1563 ἐςτι·
1438 1500 1536 1562 καὶ
1583 1497 1663 1563 οὐ
1707 1486 1884 1577 παρὰ
1927 1501 2122 1561 τοῦτο
2169 1496 2315 1575 οὐχὶ
2358 1496 2525 1576 ῥῆμα
2566 1497 2921 1574 γενήςεται,
2983 1497 3097 1562 ἐὰν
3138 1510 3202 1558 10

407 1616 459 1654 10
510 1585 1087 1678 μονοςχημάτιςτον
1142 1601 1401 1678 γένηται
1459 1601 1615 1680 μετὰ
1658 1604 1770 1679 τῆς
1825 1600 1944 1664 τοῦ
1999 1597 2468 1678 ἀπαρεμφὰτου
2527 1598 2897 1664 ςυντάξεως.
2974 1599 3103 1678 ἔχει

508 1702 631 1779 γὰρ
676 1706 827 1783 τῇδε
873 1700 953 1764 τὰ
994 1704 1107 1779 τῆς
1143 1701 1518 1785 ςυντάξεως,
1564 1701 1816 1766 λείπει
1862 1702 1994 1781 ἐμὲ
2036 1702 2123 1766 τὸ
2168 1701 2544 1782 γράφειν,
2591 1702 2848 1765 λείπει
2895 1702 2973 1765 ςὲ
3017 1701 3110 1764 τὸ·

510 1802 879 1886 γράφειν,
945 1804 1200 1868 λείπει
1262 1804 1580 1869 ἐκεῖνον
1644 1804 1730 1868 τὸ
1786 1804 2147 1884 γράφειν.
2223 1802 2326 1866 καὶ
2381 1802 2521 1866 ἐπεὶ
2574 1802 2786 1867 οὐκέτι
2838 1823 3104 1881 μεταπε-

512 1904 766 1982 ποίηται
809 1906 974 1982 πρὸς
1017 1907 1093 1969 τὸ
1139 1910 1403 1984 πρῶτον
1459 1905 1499 1983 ἢ
1545 1904 1852 1983 δεύτερον
1897 1905 1937 1983 ἢ
1981 1904 2230 1986 τρίτον,
2288 1904 2433 1981 οὐχὶ
2478 1905 2739 1969 πάντως
2786 1903 2866 1967 οὐ
2922 1904 3104 1985 ῥῆμα.

410 2020 460 2060 16
513 2005 705 2070 πάλιν
762 2008 885 2084 γὰρ
931 2006 1080 2070 καθ’
1125 2006 1240 2071 ἕνα
1286 2008 1704 2086 ςχηματιςμόν
1750 2007 1877 2071 ἐςτι
1931 2006 2034 2070 διὰ
2079 2007 2195 2084 τὴν
2252 2006 2543 2071 ςύνταξιν
2598 2008 2714 2085 τὴν
2769 2008 2889 2071 τοῦ
2943 2004 3105 2070 ἀπα-
3150 2018 3209 2064 15

516 2107 878 2191 ρεμφάτου,
926 2108 1089 2186 ὅπερ
1132 2108 1350 2187 τρίτον
1397 2110 1475 2174 ὂν
1521 2109 1856 2191 ἀμέριςτον
1901 2106 1981 2185 ἦν
2026 2108 2185 2172 κατὰ
2228 2109 2345 2186 τὴν
2379 2108 2929 2187 προςωποποιίαν.
3005 2109 3107 2172 καὶ

515 2213 710 2290 ςαφὲς
776 2210 903 2292 ἔτι,
968 2211 1126 2275 κατὰ
1183 2212 1298 2289 τὴν
1343 2212 1643 2290 τοιαύτην
1698 2210 1990 2276 ςύνταξιν
2049 2209 2138 2273 ὡς
2197 2210 2270 2273 τὸ
2335 2209 2612 2289 γράφειν
2678 2208 2872 2290 ὀρθῆς
2939 2210 3109 2274 ἔςται

513 2313 814 2376 πτώςεως
858 2311 964 2376 διὰ
1008 2313 1084 2377 τὸ
1131 2312 1345 2376 λείπει.
1391 2350 1450 2358 -
1511 2313 1624 2376 Καὶ
1667 2312 1757 2377 ὡς
1801 2313 1917 2391 μὲν
1963 2312 2109 2376 καθ’
2154 2310 2271 2375 ἕνα
2315 2299 2735 2392 ς’χηματιςμὸν
2773 2311 3110 2392 ἐκφέρεται

413 2425 465 2464 2⁰
518 2414 594 2477 τὸ
639 2414 760 2493 χρή
806 2413 906 2476 καὶ
950 2416 1077 2494 δεῖ,
1124 2412 1194 2478 ἐν
1241 2415 1580 2493 διαφόροις
1625 2415 1998 2492 προςώποις
2042 2413 2492 2491 ἐγγινόμενον,
2544 2412 2905 2492 ἀπεδείχθη.

682 2516 966 2594 Ἔφαμεν
1023 2517 1095 2579 δὲ
1150 2516 1252 2580 καὶ
1309 2515 1388 2579 τὰ
1443 2515 1835 2594 ἐπιρρήματα
1891 2514 2346 2593 ςυνηθέςτερον
2404 2516 2569 2593 πρὸς
2636 2517 2748 2580 τὰς
2811 2514 3110 2592 ἐγκλίςεις
3145 2520 3213 2568 20

514 2616 887 2698 ἐπάγεςθαι,
943 2617 1017 2679 τὸ
1076 2616 1192 2692 ἄγε
1237 2619 1340 2681 καὶ
1392 2618 1470 2682 τὸ
1517 2615 1661 2681 εἴθε.
1736 2618 1836 2681 καὶ
1893 2616 2052 2680 κατὰ
2104 2618 2180 2681 τὸ
2222 2605 2524 2681 τοιοῦτον
2568 2617 2645 2682 τὸ
2702 2617 2823 2696 χρή
2882 2618 2983 2681 καὶ
3036 2620 3111 2682 τὸ

523 2720 620 2783 δεῖ
683 2717 1215 2799 ὑπελαμβάνοντο
1285 2718 1697 2800 ἐπιρρήματα.
1761 2752 1844 2762 —-
1909 2718 2101 2785 Ἀλλὰ
2168 2718 2270 2784 καὶ
2330 2722 2526 2783 τοῦτο
2592 2717 2960 2798 ἀπεδείχθη,
3024 2719 3115 2784 ὡς

418 2836 471 2876 2⁵
522 2823 793 2898 ψυχικῆς
824 2819 1291 2901 παρεμφάςεως
1321 2820 1526 2903 (οὐκ)
1568 2820 1648 2899 ἦν
1685 2819 2005 2900 ἐμφατικὰ
2046 2821 2127 2885 τὰ
2171 2819 2622 2901 ἀπαρέμφατα,
2670 2820 2824 2885 οὐδὲ
2870 2820 3117 2900 ῥήματα

521 2919 853 2996 ἐγκλίςεως
897 2923 1358 3005 μεμοιραμένα,
1416 2923 1701 3002 ὀνόματα
1756 2923 1828 2985 δὲ
1874 2926 2005 2986 τῶν
2050 2921 2461 3001 πραγμάτων.
2537 2924 2676 2985 τοῖς
2733 2922 2805 2986 δὲ
2850 2920 3116 3002 ὀνόμαςι
3221 2933 3228 2939 “

520 3024 763 3103 μᾶλλον
809 3024 888 3087 τὰ
948 3022 1192 3104 ῥήματα
1237 3023 1533 3089 ςύνοιςτά
1577 3023 1779 3104 ἐςτιν,
1841 3022 1933 3087 ὡς
1987 3022 2058 3088 ἐν
2103 3025 2241 3088 ταῖς
2298 3022 2594 3098 ἐγκλίςεςι
2636 3028 2770 3089 τῶν
2816 3023 3114 3103 ῥημάτων
3150 3027 3216 3075 ’25

519 3124 600 3187 τὰ
644 3123 1063 3203 ἐπιρρήματα.
1141 3126 1216 3190 τὸ
1261 3127 1338 3202 δὴ
1384 3126 1561 3201 λέγοι
1606 3126 1708 3189 καὶ
1764 3124 1910 3201 λέγε
1956 3124 2253 3200 ἐγκλίςεις
2311 3124 2609 3204 ῥημάτων
2663 3123 2804 3201 εἰςί,
2861 3125 2960 3190 καὶ
3016 3125 3120 3190 διὰ

656 3325 873 3377 Anam.
954 3332 985 3379 3
1032 3326 1304 3381 Personas
1349 3329 1539 3381 autem
1577 3343 1676 3380 cur
1710 3328 1815 3395 χρή
1854 3328 1912 3380 et
1946 3329 2030 3380 δεῖ
2067 3341 2178 3379 non
2215 3324 2595 3393 distinguant,
2641 3326 2780 3380 haec
2817 3327 2904 3381 est
2937 3343 3119 3393 causa,

524 3409 674 3475 quod
707 3409 974 3462 infinitivi
1010 3410 1263 3465 subiecta
1297 3427 1490 3465 eorum
1525 3411 1679 3476 sunt,
1717 3410 1813 3480 qui
1850 3409 1957 3478 ipsi
1991 3397 2216 3479 quoqne
2253 3425 2519 3479 personas
2553 3426 2665 3463 non
2692 3410 3027 3464 discernunt.
3056 3441 3121 3450 —

523 3499 591 3547 20
636 3492 798 3558 Quod
851 3493 1123 3548 adverbia
1156 3511 1325 3564 saepe
1370 3496 1442 3550 ad
1487 3496 1681 3549 modos
1725 3495 2071 3559 referuntur,
2109 3498 2214 3562 χρῆ
2253 3496 2313 3548 et
2346 3496 2430 3548 δεῖ
2468 3493 2749 3548 adverbiis
2783 3494 3118 3552 tribuerunt.

430 3609 447 3624 ·
527 3578 600 3630 At
642 3577 909 3630 infinitivi
953 3594 1065 3632 non
1113 3578 1326 3634 habent
1371 3579 1591 3646 modos,
1640 3579 1705 3633 ut
1741 3578 1914 3634 verba.
1948 3579 2185 3644 habent,
2234 3579 2333 3633 sed
2379 3578 2521 3632 nihil
2564 3579 2674 3632 nisi
2708 3578 3121 3649 appellationes

526 3661 811 3716 actionum
864 3662 1011 3716 sunt.
1099 3662 1235 3717 Cum
1296 3663 1769 3732 appellationibus
1828 3664 2018 3717 autem
2077 3662 2252 3717 verba
2310 3663 2743 3734 coniunguntur,
2801 3694 2864 3703 ——
2922 3664 3120 3732 Itaque

527 3745 698 3800 etiam
743 3746 921 3800 verba
955 3746 1222 3816 cupiendi
1258 3764 1385 3801 cum
1433 3747 1723 3801 infinitivis
1758 3748 2198 3817 coniunguntur,
2246 3746 2398 3816 quod
2443 3748 2565 3816 ipsa
2607 3747 2750 3801 nihil
2783 3748 2888 3801 nisi
2924 3747 3120 3802 volun·

528 3831 740 3895 tatem,
778 3847 889 3885 non
928 3832 1207 3886 actionem
1243 3832 1521 3897 indicant3
1561 3833 1633 3886 ad
1668 3833 1813 3886 hanc
1848 3831 2277 3901 significandam
2310 3831 2576 3884 infinitivi
2610 3831 2748 3886 facti
2782 3834 2927 3886 sunt.

526 3955 921 3962 ——a——ffl-—

661 4016 854 4070 D1scn.
908 4036 1104 4073 scam.
1183 4024 1230 4073 ὅ.
1286 4021 1701 4088 ἀπαρέμφατον
1753 4017 2139 4084 RSchneider,
2204 4022 2397 4084 προςῶ
2452 4034 2488 4071 α
2540 4021 2914 4087 παρεμφατον
2956 4020 3026 4086 Α,
3084 4034 3121 4073 α

527 4101 720 4156 littera
754 4118 882 4154 cum
926 4102 1031 4168 eis,
1082 4119 1224 4172 quae
1262 4105 1596 4172 sequuntur,
1643 4118 1755 4157 non
1792 4101 2120 4168 coniuncta,
2165 4101 2317 4170 quod
2352 4101 2663 4167 insolitum;
2712 4104 2855 4170 πρὸς
2892 4104 2939 4172 ᾧ
2977 4103 3118 4157 ἀπα-

529 4187 821 4253 ρέμφατον
854 4186 909 4250 b,
953 4190 1280 4255 προςώπων
1315 4189 1719 4256 ἀπαρέμφατον
1757 4185 2135 4253 RSkrzeczka,
2175 4188 2387 4255 προςὸν
2424 4187 2832 4254 ἀπαρέμφατον
2858 4185 3115 4258 GUhligl

531 4277 575 4323 7.
611 4267 809 4325 δεκτικ“
853 4273 896 4326 Α
929 4273 937 4339 1
970 4276 1118 4327 ''I—8.
1157 4275 1227 4327 τὸ
1263 4274 1528 4340 γράφειν,
1568 4274 1658 4325 καὶ
1695 4273 1839 4326 αὐτὸ
1877 4270 2100 4340 scripsit
2133 4269 2517 4336 RSchneider,
2558 4271 2728 4338 αὐτό,
2774 4270 2844 4325 τὸ
2879 4274 3120 4339 γράφειν

529 4358 620 4409 καί
656 4355 749 4410 Ab
799 4356 809 4422 Ι
856 4360 902 4408 9.
942 4357 1242 4411 διςτάςειεν
1276 4356 1343 4423 b,
1379 4359 1652 4425 διαςτηςει
1689 4372 1753 4409 εν
1788 4356 1831 4410 Α
1876 4357 1884 4423 Ι
1931 4361 2007 4408 11.
2047 4355 2295 4410 ςυνταξε“
2330 4356 2373 4410 Α
2406 4358 2417 4424 ι
2462 4362 2537 4411 12.
2572 4358 2710 4424 τηδε
2746 4358 2790 4410 Α
2823 4359 2833 4422 Ι
2866 4360 2945 4410 16.
2984 4373 3119 4424 προ·

532 4445 865 4495 ςωποποῑαν
900 4442 943 4495 Α
976 4443 985 4507 Ι
1020 4446 1098 4495 17.
1135 4440 1195 4494 in
1233 4444 1276 4497 Α
1314 4441 1555 4495 discerni
1588 4457 1702 4496 non
1737 4441 1929 4508 potest
1961 4440 2106 4494 sitne
2143 4457 2232 4503 οτι
2266 4455 2339 4493 an
2378 4457 2487 4507 ετιι
2523 4456 2610 4493 οτι
2644 4438 2687 4491 L
2712 4439 2748 4492 b
2782 4449 2790 4503 ι
2821 4442 2965 4494 κατὰ
2988 4442 3116 4509 τὴν]

532 4542 624 4594 fol.
664 4546 760 4595 119
783 4559 826 4596 r.
868 4542 876 4608 Ι
918 4557 998 4597 ως
1034 4544 1105 4609 Α,
1145 4546 1236 4596 καὶ
1275 4542 1309 4595 b
1350 4543 1359 4610 Ι
1403 4547 1483 4596 18.
1523 4544 1731 4598 πτωςε“
1767 4545 1810 4598 Α
1842 4543 1851 4608 Ι
1885 4547 1963 4595 19.
2000 4515 2229 4619 aneta}
2268 4544 2309 4595 Α
2343 4543 2352 4609 Ι
2388 4548 2471 4595 22.
2511 4543 2590 4594 ὡς
2626 4556 2728 4608 pro
2766 4541 2828 4593 ὲν
2864 4541 2951 4596 οἷς
2986 4540 3121 4594 scri-

533 4625 801 4691 bendum,
849 4625 942 4678 vel
986 4628 1074 4679 ὅτι
1110 4627 1234 4696 (ὡς)
1272 4627 1403 4681 ante
1440 4629 1505 4681 ἐν
1541 4626 1624 4682 οἷς
1661 4625 2023 4681 inserendum
2060 4642 2179 4679 esse
2224 4625 2464 4680 coniecit
2497 4624 2890 4690 RSkrzeczka,
2933 4627 2995 4679 ἐν
3032 4627 3117 4679 οἷς

531 4708 624 4762 Ab
654 4712 664 4776 1
694 4716 777 4764 23.
806 4710 910 4763 οὐκ
935 4708 1063 4763 add.
1080 4708 1447 4763 RSkrzeczka
1470 4713 1479 4777 Ι
1515 4717 1734 4764 23-24.
1763 4709 1913 4763 inter
1947 4712 2169 4778 ῥήματα
2195 4710 2255 4763 et
2277 4710 2575 4776 ἐγκλίςεως
2600 4709 2770 4763 inseri
2794 4710 2939 4764 εἶναι
2962 4709 3123 4763 iubet

531 4790 974 4847 GFSchoemann
1016 4800 1026 4862 ι
1067 4801 1149 4850 24.
1189 4795 1404 4859 ovoua‘l'
1441 4798 1485 4850 Α
1536 4797 1544 4863 Ι
1590 4801 1673 4849 25.
1711 4797 1790 4851 ὡς
1827 4796 1899 4849 ἂν
1934 4794 2027 4848 vel
2063 4795 2216 4848 ὡςὰν
2252 4810 2355 4863 pro
2393 4795 2473 4849 ὠς
2509 4795 2571 4848 ἐν
2609 4792 3063 4848 GFSchoemann
3114 4795 3122 4862 Ι

529 4881 612 4928 ⁴26.
646 4878 726 4932 Το
761 4878 893 4933 ante
929 4878 1025 4935 lin.
1065 4880 1108 4933 Α
1138 4879 1148 4944 Ι
1179 4880 1333 4943 λέγοι
1370 4881 1460 4934 καὶ
1498 4881 1628 4945 λέγε
1663 4880 1727 4946 b,
1767 4882 1920 4944 λεγει
1959 4895 2050 4945 μοι
2086 4895 2176 4933 και
2213 4881 2342 4944 λεγε
2381 4881 2425 4933 Α

2639 4968 2710 5017 9.
