3738 5530
1467 346 1847 400 Anvnssssu
1887 348 1960 399 m
1997 338 2064 402 Ᾰ.
2946 342 3068 408 155

472 552 716 629 μᾶλλον
764 548 1301 630 ἀντιπαράκειται.
1361 548 1511 616 ἰ’ςως
1553 551 1625 615 δὲ
1671 552 1774 616 καὶ
1814 552 1892 616 τὸ
1937 552 2079 634 ἦκα,
2122 551 2237 629 τὴν
2283 551 2482 629 αὐτὴν
2527 549 2684 629 ἔχον
2730 548 3061 629 ἀντιμετὰ-

474 656 692 734 ληψιν,
737 651 811 717 ἐν
857 652 1191 736 ὑπερβατῷ
1239 652 1366 717 ἐςτι
1410 656 1528 718 τοῦ
1574 655 1978 736 φωνήεντος,
2022 652 2387 729 ἀναγκαίως
2421 656 2540 718 τοῦ
2572 657 2610 716 ἧ
2641 651 3062 728 ἀποςτάντος,

393 770 421 810 ⁵
471 754 692 819 καθότι
738 753 840 818 καὶ
884 753 988 818 ἐπὶ
1031 758 1147 818 τοῦ
1191 755 1469 833 πρόςθεν
1514 756 1792 839 πρόςθα,
1836 754 2099 835 ἔνερθεν
2145 754 2393 834 ἔνερθα.

641 855 733 938 Τῇ
778 855 938 939 αὐτῇ
985 854 1335 937 ἀκολουθίᾳ
1379 857 1684 922 ςκεπτέον
1729 858 1829 921 καὶ
1874 858 2019 935 περὶ
2061 859 2178 921 τοῦ
2225 855 2548 935 οὐδαμά.
2614 855 2940 921 Ὀξύνεται
2981 854 3062 921 τὰ

471 955 556 1022 εἰς
603 962 645 1022 ἆ
691 957 975 1035 λήγοντα
1006 958 1436 1039 ἐπιρρήματα,
1484 956 1573 1023 ὡς
1604 959 1953 1041 πρόκειται,
1998 957 2085 1023 εἰς
2130 944 2214 1022 ὦ
2255 958 2556 1039 λήγοντα,
2601 957 2720 1022 οὐκ
2765 958 2834 1022 ἐκ
2878 978 3060 1035 μετα·
3097 970 3129 1019 5

472 1060 706 1125 θέςεως
763 1057 924 1124 ὄντα
967 1063 1084 1124 τοῦ
1141 1047 1273 1125 θ-ε-ν.
1352 1058 1643 1125 ὀξύνεται
1686 1061 1789 1125 καὶ
1832 1063 1910 1125 τὰ
1967 1060 2038 1124 ἐν
2094 1060 2436 1144 ὁμοφωνίᾳ
2493 1058 2858 1139 οὐδετέρων
2902 1062 3060 1137 πλη-

376 1179 425 1217 1⁰
476 1165 807 1226 θυντικῶν.
868 1162 1045 1240 παρὰ
1076 1162 1153 1226 τὸ
1189 1160 1433 1227 πυκνός
1468 1163 1855 1241 πληθυντικὴ
1890 1162 2203 1241 προφορὰ
2233 1161 2471 1236 γίνεται
2497 1160 2805 1240 οὐδετέρα
2828 1161 3058 1239 πυκνά,

472 1262 525 1344 ᾧ
581 1263 823 1327 ςύνεςτι
880 1262 1074 1327 πάλιν
1143 1261 1500 1344 ὁμόφωνον
1562 1262 1875 1344 ἐπίρρημα
1928 1266 2003 1328 τὸ
2058 1263 2282 1329 πυκνά
2370 1262 2578 1328 οὕτως
2643 1262 2772 1342 ἔχει
2828 1264 2930 1326 καὶ
2984 1262 3060 1326 τὸ

472 1364 649 1429 δεξιά
692 1365 795 1428 καὶ
836 1362 1161 1448 ἀριςτερά,
1207 1364 1592 1444 ςημαίνοντα
1635 1367 1710 1429 τὸ
1756 1369 1980 1431 δεξιῶς
2024 1367 2126 1431 καὶ
2168 1364 2524 1444 ἀριςτερῶς.
2589 1364 2891 1429 τοιοῦτόν
2935 1363 3059 1429 ἐςτι

472 1466 573 1529 καὶ
617 1467 693 1529 τὸ
739 1467 902 1529 καλά
946 1464 1015 1550 (ὃ
1062 1466 1154 1531 δι’
1198 1466 1344 1531 ἑνὸς
1399 1468 1514 1542 μὲν
1558 1455 1596 1533 λ
1651 1468 1980 1548 γράφεται·
2021 1469 2182 1533 κατὰ
2234 1468 2310 1533 τὸ
2364 1467 2584 1532 κοινὸν
2639 1466 2816 1543 ἔθος,
2884 1467 3061 1543 παρὰ
3098 1478 3162 1527 10

370 1584 420 1621 15
472 1567 786 1645 Δωριεῦςι
841 1570 913 1632 δὲ
959 1568 1048 1633 δι’
1091 1567 1314 1648 ἑτέρου
1367 1557 1436 1649 λ,
1484 1571 1586 1635 καὶ
1629 1569 1785 1652 οὐχ,
1844 1569 1935 1636 ὡς
1990 1570 2151 1635 ἔνιοι
2197 1570 2555 1649 ὑπέλαβον,
2612 1567 2758 1633 κατ’
2800 1566 3061 1631 Αἰολίδα

468 1669 833 1734 διάλεκτον·
898 1668 1246 1750 ἐβαρύνετο
1310 1674 1433 1751 γὰρ
1499 1672 1610 1749 ἄν,
1679 1673 1845 1750 πρὸς
1913 1672 2010 1739 οἷς
2070 1671 2225 1737 οὐδὲ
2280 1672 2356 1737 τὸ
2422 1671 2616 1736 καλός
2672 1668 2921 1733 Αἰολεῖς
2986 1667 3058 1733 ἐν

469 1774 898 1854 διπλαςιαςμῷ
954 1775 1071 1837 τοῦ
1126 1760 1163 1837 λ
1219 1774 1710 1859 προφέρονται).
1758 1811 1836 1820 ——
1896 1774 2094 1839 πίςτις
2150 1774 2222 1839 δὲ
2277 1777 2394 1838 τοῦ
2450 1774 2568 1852 τήν
2627 1771 3058 1849 ςυνέμπτωςιν

469 1877 586 1937 τοῦ
629 1873 829 1939 τόνου
872 1873 1233 1952 ἐπικρατεῖν
1278 1882 1409 1941 τῶν
1453 1877 1892 1955 προκειμένων
1938 1876 2383 1955 ἐπιρρημάτων
2428 1875 2503 1939 τὸ
2551 1876 2938 1954 βαρυνθῆναι
2981 1871 3057 1935 τὸ

364 1991 417 2030 ²⁰
468 1974 680 2039 πυκνά
734 1975 1043 2054 ἐνδεῆςαν
1104 1983 1194 2061 τῷ
1252 1981 1323 2061 V,
1380 1980 1537 2043 καθὸ
1594 1978 1869 2044 ἐξέκλινε
1913 1978 2030 2056 τὴν
2075 1977 2474 2058 ὁμοφωνίαν.
2523 2012 2605 2022 -
2668 1974 2777 2039 Καὶ
2821 1973 2900 2039 οὐ
2962 1976 3060 2040 δεῖ
3097 1988 3160 2036 15

465 2074 753 2155 ἀπορεῖν,
800 2078 907 2142 διὰ
948 2077 1008 2142 τί
1052 2081 1227 2159 παρὰ
1271 2080 1346 2144 τὸ
1393 2085 1614 2160 ςαφῶς
1657 2081 1733 2145 τὸ
1781 2079 1957 2160 ςάφα
2000 2079 2336 2161 ἐβαρύνθη,
2388 2079 2566 2156 παρὰ
2609 2077 2681 2142 δὲ
2724 2075 2800 2140 τὸ
2847 2076 3057 2140 καλῶς

467 2175 679 2242 οὐκέτι
723 2178 801 2244 τὸ
847 2179 1037 2245 καλά·
1098 2180 1137 2245 ὃ
1196 2182 1312 2261 μὲν
1355 2183 1479 2262 γὰρ
1524 2188 1600 2266 τῇ
1645 2181 1993 2265 ὁμοφωνίᾳ
2039 2182 2364 2260 ἐκρατεῖτο
2409 2185 2485 2263 τῇ
2529 2178 2695 2257 πρὸς
2740 2177 2814 2242 τὸ
2860 2175 3056 2241 καλός

466 2279 657 2356 καλά,
727 2281 765 2343 ὃ
822 2283 893 2346 δὲ
950 2281 1030 2346 οὐ
1085 2287 1234 2365 τῇδε
1291 2282 1445 2365 εἶχε.
1507 2319 1583 2329 -
1651 2285 1755 2349 καὶ
1814 2284 1891 2348 τὸ
1949 2282 2201 2360 οὐδαμά
2268 2282 2373 2363 δέ,
2438 2279 2905 2359 παρακείμενον
2964 2283 3054 2361 τῷ

363 2396 415 2437 ²⁵
467 2379 805 2463 οὐδαμῶς,
864 2381 1082 2461 ἔχοιτο
1139 2384 1221 2449 ἂν
1262 2389 1381 2450 τοῦ
1425 2385 1585 2450 κατὰ
1627 2387 1703 2451 τὸ
1758 2385 1949 2451 τέλος
2003 2382 2187 2451 ὀξέος
2238 2385 2437 2448 τόνου
2495 2381 2672 2464 λόγῳ
2717 2380 3054 2463 (τοιῷδε).

467 2482 585 2547 οὐκ
642 2482 809 2549 ἔςτιν
866 2483 1096 2564 ὅμοιον
1148 2488 1224 2553 τὸ
1280 2493 1499 2567 ςαφῶς
1555 2494 1646 2571 τῷ
1704 2487 2033 2566 οὐδαμῶς,
2087 2486 2198 2551 ἰ’να
2243 2483 2557 2565 ὅμ<οιον>
2613 2488 2704 2565 τῶ
2749 2481 2924 2560 ςάφα
2978 2483 3053 2545 τὸ
3090 2494 3158 2543 ⁶20

467 2583 718 2665 οὐδαμά
748 2587 906 2651 κατὰ
935 2586 1113 2654 τὰςιν
1145 2588 1513 2668 καθίςτηται.
1570 2589 1944 2669 παράκειται
1975 2591 2089 2667 μὲν
2136 2587 2259 2665 γὰρ
2302 2587 2377 2651 τὸ
2424 2589 2645 2665 ςαφῶς
2687 2589 2780 2666 τῷ
2826 2582 3052 2663 ςαφής,

465 2685 544 2751 οὖ
587 2687 664 2751 τὸ
711 2687 1058 2769 οὐδέτερον
1102 2692 1529 2770 πληθυντικὸν
1587 2690 1704 2756 οὐκ
1763 2691 1894 2770 ἔχει
1940 2689 2374 2769 ςυνέμπτωςιν
2430 2686 2501 2752 ἐν
2556 2684 2902 2782 τιζυ-ςάφα·
2961 2690 3052 2767 τῷ

362 2804 415 2843 ³0
465 2789 681 2868 μέντοι
712 2791 1011 2871 οὐδαμῶς
1041 2793 1413 2872 παράκειται
1444 2796 1519 2860 τὸ
1552 2791 1855 2872 οὐδαμός.
1917 2792 2119 2857 πίςτις
2160 2792 2231 2856 δὲ
2262 2790 2338 2855 τὸ
2369 2792 2448 2855 τὰ
2477 2789 2566 2854 εἰς
2608 2795 2719 2854 θεν
2769 2788 3053 2866 λήγοντα

463 2889 856 2970 ἐπιρρήματα
906 2895 1010 2957 καὶ
1062 2901 1155 2977 τῷ
1213 2901 1251 2958 ὃ
1309 2895 1834 2974 παρεδρευόμενα
1878 2894 1916 2972 ἢ
1976 2892 2096 2957 ἀπ’
2151 2893 2419 2958 εὐθειῶν
2473 2897 2606 2956 τῶν
2662 2890 2749 2956 είς
2806 2895 2880 2955 ὁὶ
2942 2892 3055 2968 λη·

463 2997 716 3068 γουςῶν
762 2997 1080 3074 παρῆχθαι
1126 2997 1164 3074 ἢ
1209 3002 1482 3073 γενικῶν
1527 3000 1659 3063 τῶν
1704 2996 1793 3062 εἰς
1838 2998 1934 3076 οἱ,
1982 2994 2314 3077 Λεςβόθεν,
2363 2992 2743 3073 οὐρανόθεν,
2789 2992 3048 3056 Διόθεν.
3086 3004 3153 3052 25

333 3105 431 3154 566
465 3092 628 3158 ἐςτιν
689 3093 810 3159 οὖν
867 3097 967 3160 καὶ
1023 3096 1098 3161 τὸ
1155 3097 1426 3180 ἁμόθεν,
1496 3099 1597 3163 καὶ
1661 3097 1752 3163 ἔτι
1817 3099 1894 3162 τὸ
1959 3096 2321 3175 οὐδαμόθεν
2379 3094 2516 3159 ἀπὸ·
2575 3099 2692 3160 τοῦ
2749 3094 3048 3171 οὐδαμός.

594 3263 808 3315 Anava.
866 3269 899 3317 4
935 3268 1093 3329 Quae
1128 3283 1257 3319 cum
1293 3265 1506 3321 neutris
1540 3265 1852 3336 pluralibus
1878 3263 2223 3319 conveniunt
2246 3279 2373 3317 cum
2399 3261 2646 3329 oxytona
2669 3277 2788 3315 esee
2814 3259 3049 3324 soleant,

462 3345 678 3411 οὐδαμά
711 3346 833 3401 iure
871 3350 1097 3403 acutum
1133 3350 1333 3408 habetz

788 3455 865 3462 —...-

593 3496 816 3552 Tam-nt.
872 3507 1002 3554 1-2
1039 3501 1140 3571 Ep.
1166 3501 1252 3561 Cr.
1282 3508 1403 3570 184,
1437 3494 1672 3558 ΙΟἬκα
1709 3500 1997 3574 ἐπίρρημα
2032 3495 2369 3572 μεσότητος·
2404 3500 2631 3569 ytvsroet
2668 3496 2732 3552 δὲ
2759 3494 2915 3567 παρὰ
2940 3493 3047 3566 ‘²⁸1²’

460 3580 791 3652 αἰτιατικὴν
817 3580 1011 3654 (ἀκήν
1037 3586 1163 3645 add.
1184 3586 1607 3657 RSchneider>·
1633 3579 1821 3657 ὥσπερ
1841 3581 1999 3657 παρὰ
2021 3583 2083 3642 τὸ
2109 3579 2369 3654 πρόσθεν
2395 3578 2648 3652 πρόσθα,
2677 3581 2774 3636 καὶ
2802 3580 3045 3650 ἔνερθεν

460 3664 706 3734 ἔνερθα,
744 3667 843 3722 καὶ
881 3667 1058 3725 ἔνθεν
1086 3668 1264 3739 ἔνθα,
1303 3664 1484 3735 οὕτως
1507 3667 1655 3742 ἀκήν
1682 3663 1820 3743 ἦκα·
1857 3674 2086 3742 γίνεται
2113 3667 2177 3725 δὲ
2206 3662 2354 3724 κατὰ
2380 3662 2709 3738 μετάληψιν
2735 3667 2837 3721 τοῦ
2864 3657 3045 3720 αὐτοῦ

459 3749 803 3822 φωνήεντος.
850 3746 1178 3822 ἀναγκαίως
1204 3749 1594 3829 ἅποβλητικὸν
1620 3756 1821 3829 γέγονε
1848 3759 1952 3812 τοῦ
1977 3762 2028 3810 ἶ.
2075 3756 2162 3809 Et.
2188 3753 2261 3808 M.
2283 3760 2401 3819 424,
2425 3759 2470 3807 4.
2495 3784 2554 3791 —
2578 3759 2608 3804 6
2629 3751 2729 3821 Ep.
2744 3751 2828 3806 Cr.
2854 3757 2964 3812 153,
2980 3759 3046 3806 30

456 3829 561 3890 ὅσα
610 3831 672 3891 ἐν
717 3831 1027 3911 ὁμοφωνίᾳ
1072 3838 1400 3911 καθέστηκε
1448 3839 1627 3897 πάλιν
1674 3840 2114 3912 (πληθυντικῶν
2159 3857 2262 3893 ser.
2299 3836 2676 3904 RSchneider)
2723 3830 3045 3906 οὐδετέρων

455 3914 783 3989 ὀνομάτων,
822 3918 1132 3993 μετάγεται
1171 3923 1255 3989 εἰς
1291 3920 1754 3998 ἑπιρρηματικὴν
1792 3922 2089 3994 σύνταξιν.
2145 3925 2359 3977 Eadem
2382 3924 2513 3976 sunt
2535 3922 2593 3974 in
2616 3921 2702 3979 Et.
2729 3920 2803 3975 M.
2827 3927 2954 3988 323,
2979 3929 3038 3975 31

457 4004 553 4059 ubi
589 4008 742 4061 recte
780 4009 1192 4076 πληθυντικῶν
1230 4009 1455 4081 legitur.

588 4156 774 4212 Dmcn.
816 4177 1016 4217 scam.
1076 4168 1124 4216 4.
1164 4166 1382 4230 οὐδαμὰ
1417 4151 1481 4229 13,
1521 4170 1737 4234 ουδαμα
1773 4186 1807 4236 η
1845 4168 2063 4233 ουδαμη
2103 4165 2144 4218 Α
2176 4164 2186 4231 Ι
2216 4165 2364 4215 6-7-
2390 4162 2712 4226 οὐδετέρων
2741 4167 3044 4232 πληθυντι-

456 4248 571 4296 κῶν
606 4241 994 4311 RSchneider‚
1041 4247 1311 4316 οὐδέτερα
1348 4253 1705 4318 πληθυντικά
1742 4253 1833 4308 Ab
1883 4251 1940 4304 in
1978 4253 2166 4313 textu,
2213 4247 2487 4314 Οὐδεῒέρᾳ
2523 4249 2874 4323 πληθυντικῇ
2915 4257 2947 4309 b
2985 4258 3041 4311 5¹1

456 4325 751 4406 νει-ῥόοι,
787 4329 1012 4399 (πρὸς)
1047 4332 1320 4401 οὐδέτερα
1360 4338 1714 4403 πληθυντικά
1748 4335 2116 4392 Rskrzeczka
2152 4337 2163 4399 Ι
2217 4338 2295 4385 ll·
2333 4332 2464 4396 Οὐχ»
2506 4333 2585 4389 ὡ(
2621 4333 2684 4403 b,
2722 4354 2909 4395 ουτω(
2946 4343 2987 4395 Α
3032 4347 3036 4358 “

462 4415 532 4468 13.
568 4416 599 4465 λ
639 4411 701 4477 b,
737 4419 773 4467 ᾱ
810 4415 905 4480 Αῑ,
953 4415 1105 4482 quod
1151 4417 1207 4471 in
1244 4421 1276 4472 λ
1312 4421 1557 4475 mutavit
1592 4423 1668 4476 Aa:
1733 4426 1743 4490 Ι
1811 4429 1889 4477 14.
1925 4429 2030 4476 τοῦ
2075 4424 2250 4477 τόνου
2287 4426 2350 4499 b,
2395 4447 2499 4484 τον
2534 4442 2707 4482 τονον
2744 4426 2785 4478 Α
2852 4427 2861 4490 Ι
2923 4426 3042 4482 ἐπι-

454 4502 676 4561 κρατεῖν
708 4502 816 4552 roo
852 4501 1028 4556 τόνου
1063 4518 1167 4570 pro
1202 4509 1309 4557 τοῦ
1344 4507 1519 4561 τόνου
1555 4507 1880 4575 ἐπικρατεῖν
1918 4510 2367 4571 GFSchoemann
2398 4521 2407 4582 Ι
2447 4519 2653 4569 17-18.
2693 4512 2860 4565 καλό(
2899 4513 3042 4565 καλά

455 4578 746 4648 GDronke,
784 4585 973 4639 καλῶς
1011 4586 1101 4639 ΑΙ)
1144 4591 1153 4653 Ι
1198 4595 1275 4645 18.
1314 4606 1398 4643 τω
1434 4593 1650 4657 ουδαμα
1689 4595 1730 4647 Α
1774 4596 1783 4660 Ι
1830 4601 2039 4655 18—19.
2077 4615 2147 4653 το
2182 4603 2442 4666 ουδαμωε
2478 4601 2522 4654 Α
2556 4603 2564 4662 l
2610 4604 2686 4651 19.
2721 4598 2911 4662 ἔχοιτο
2948 4599 3039 4669 ἄν]

454 4663 544 4722 fol.
584 4671 679 4720 128
708 4683 762 4721 v.
805 4671 813 4733 Ι
860 4671 940 4721 19.
981 4676 1060 4727 20.
1097 4671 1326 4728 lacunas
1364 4673 1615 4744 explevit
1652 4677 1686 4729 b
1717 4683 1726 4744 Ι
1757 4685 1839 4733 21.
1880 4685 2207 4737 καθιςταται
2245 4688 2286 4739 Α
2320 4689 2328 4748 l
2367 4690 2582 4738 22—23.
2618 4698 2703 4736 τω
2741 4699 2937 4748 μεντοι
2976 4686 3038 4750 Α,

454 4750 520 4800 τό
556 4750 751 4814 μέντοι
784 4750 822 4803 b
852 4752 863 4820 Ι
893 4758 973 4807 23.
1012 4756 1276 4822 οὐδαμῶς
1311 4759 1435 4827 Ab,
1473 4751 1689 4825 οὐδαμά
1726 4761 2006 4818 GDronke
2039 4771 2047 4832 Ι
2079 4784 2145 4821 το
2182 4771 2424 4834 ουδαμος
2452 4770 2522 4834 Α,
2558 4774 2645 4836 τῷ
2681 4769 2924 4835 ουδαμος
2960 4768 2997 4822 b
3028 4771 3034 4836 ζ

454 4832 511 4885 δὲ
544 4835 609 4887 τό
642 4836 710 4902 b,
748 4838 809 4890 δε
846 4853 931 4892 τω
972 4839 1014 4894 Α
1046 4841 1056 4908 Ι
1088 4846 1168 4893 24.
1202 4848 1288 4910 τῷ
1323 4847 1357 4900 ὃ
1394 4847 1459 4913 b,
1497 4863 1565 4899 το
1600 4854 1633 4901 ὃ
1669 4847 1713 4900 Α
1746 4851 1756 4917 Ι
1786 4853 1865 4903 26.
1904 4850 2117 4915 ἁμόθεν
2153 4852 2486 4907 DRuhnken
2521 4852 2585 4920 b,
2625 4855 2866 4908 αλλοθεν
2901 4853 2946 4909 Α
