3738 5530
609 357 729 419 142
1508 358 1688 408 ΠΕΡΙ
1721 355 2289 410 ΕΠΙΡΡΗΜΑΤΩΝ.

1607 478 1639 515 p
1679 466 2176 519 552‚18-5⁶4‚15b

605 561 784 625 ἰδίων
830 558 1426 639 παραλαμβάνεςθαι
1474 561 1838 639 λημμάτων.
1879 598 1952 606 -
2001 559 2212 639 φαμὲν
2257 557 2374 622 κάν
2415 561 2556 649 τοῖς
2590 556 3050 635 προκειμένοις,
3096 554 3200 619 ὅτι.
3246 569 3298 608 20

606 666 792 745 ἑτέρα
847 664 962 741 μὲν
1007 661 1294 726 ςύνταξίς
1339 662 1502 726 ἐςτιν
1559 662 1597 740 ἡ
1643 667 1774 727 τῶν
1821 661 2270 742 ἐπιρρημάτων
2327 660 2491 737 πρὸς
2545 661 2624 724 τὰ
2681 658 2954 741 ῥήματα,
3012 657 3198 737 ἑτέρα

606 769 677 833 δὲ
720 767 759 844 ἡ
804 771 936 830 τῶν
982 769 1316 828 πτωτικῶν
1374 763 1464 827 ὡς
1519 764 1684 843 πρὸς
1727 763 1806 827 τὰ
1862 762 2130 843 ῥήματα.
2204 767 2354 847 τῇδε
2400 763 2521 827 οὖν
2575 762 2830 826 τούτων
2887 760 3197 841 ἐχόντων,

607 869 818 949 φαμὲν
865 866 1105 948 οὕτως,
1150 865 1520 930 πεντάκις
1564 866 2084 943 παρεγένετο,
2130 864 2489 943 τετράκις
2533 865 3059 944 παρεγένετο,
3116 860 3196 925 οὐ

539 977 571 1024 5
607 971 728 1048 μὴν
773 970 864 1034 ἔτι
911 968 1153 1049 οὕτως,
1197 968 1435 1031 πέντε
1480 967 2001 1047 παρεγένετο,
2049 966 2211 1047 ὅπερ
2256 966 2310 1031 εἰ
2355 968 2438 1046 μὴ
2483 966 2869 1046 ὀνοματικὸν
2916 965 3032 1043 εἴη,
3078 964 3197 1030 κᾶν

607 1073 755 1136 καθ’
813 1072 927 1136 ἕνα
975 1071 1395 1148 ςχηματιςμὸν
1454 1068 1588 1148 εἶχε
1641 1070 1717 1134 τὸ
1762 1071 1959 1134 πέντε
2005 1068 2094 1132 ὡς
2139 1070 2304 1147 πρὸς
2347 1069 2463 1147 τὴν
2508 1072 2642 1133 τῶν
2697 1067 2996 1147 ῥημάτων
3053 1067 3198 1131 ςύν-
3250 1081 3302 1121 2⁵

607 1180 799 1238 ταξιν.
875 1173 1089 1252 φαμὲν
1147 1173 1218 1236 δὲ
1277 1171 1410 1254 [τὰ]
1466 1172 1703 1236 πέντε
1766 1171 2349 1250 παρεγένοντο,
2418 1170 3028 1250 ςυμπληθυνομένου
3079 1172 3199 1232 τοῦ

610 1274 890 1354 ῥήματος
934 1274 1024 1338 ὡς
1069 1273 1233 1353 πρὸς
1276 1274 1353 1338 τὸ
1399 1270 1640 1353 ὄνομα,
1691 1273 1780 1337 ὡς
1824 1272 1881 1337 εἰ
1924 1274 2027 1337 καὶ
2070 1271 2478 1352 ἄνθρωποι
2523 1273 3092 1352 παρεγένοντο.

777 1445 867 1509 Τό
935 1442 1246 1524 ὄφελον
1313 1443 1376 1507 οἱ
1444 1445 1559 1521 μὲν
1625 1446 1782 1509 κατὰ
1846 1443 2277 1521 ςυνεκδρομήν
2346 1442 2623 1522 ῥήματός
2683 1462 2837 1521 φαςι
2893 1439 3201 1507 κεκλίςθαι
3251 1453 3304 1494 ³⁰

510 1551 573 1598 10
608 1549 784 1626 παρὰ
837 1553 931 1630 τῷ
988 1553 1217 1630 ποιητῇ
1280 1546 1370 1611 εἰς
1426 1548 1772 1624 πρόςωπα,
1841 1545 1974 1622 εἴγε
2028 1547 2131 1609 καὶ
2186 1545 2263 1609 τὸ
2320 1545 2626 1622 δεύτερον
2681 1544 2917 1625 ὄφελες
2972 1545 3074 1608 καὶ
3127 1543 3201 1606 τὸ

610 1652 827 1729 τρίτον
882 1647 1159 1728 ὄφελεν·
1217 1647 1281 1712 οἱ
1339 1650 1409 1711 δὲ
1456 1647 1525 1711 ἐκ
1583 1647 1861 1727 ῥήματος
1907 1646 2467 1727 ὑποςυγκεκόφθαι
2509 1651 2628 1711 τοῦ
2674 1646 2994 1727 ὤφειλον,
3055 1646 3203 1709 «διὸ

611 1753 769 1815 κατὰ
834 1752 950 1828 τὴν
1014 1754 1132 1814 τοῦ
1199 1750 1669 1828 ἀπαρεμφάτου
1725 1749 2016 1815 ςύνταξιν
2071 1748 2274 1830 (οὐκ)
2342 1749 2414 1815 ἐν
2472 1748 2986 1827 παραλληλότητι
3041 1746 3203 1810 αὐτὸ

611 1853 809 1932 τίθηςι
850 1859 944 1935 τῷ
989 1851 1146 1928 εἴθε,
3239 1856 3338 1905 553

1271 1953 1409 2018 αἴθ’
1453 1954 1835 2035 ὤφ<ελλες>
1880 1954 1966 2035 (Ξ
2011 1952 2170 2037 84).»

516 2129 576 2175 15
612 2125 908 2192 Φαίνεται
954 2126 1027 2191 δὲ
1070 2123 1166 2189 ὅτι
1212 2125 1314 2189 καὶ
1355 2125 1431 2189 τὸ
1487 2129 1753 2203 δεῦρο,
1812 2124 2054 2202 ὁμοίως
2112 2124 2190 2189 ὃν
2237 2122 2580 2205 ἐπίρρημα,
2638 2123 2952 2202 ἐχόμενον
2997 2123 3069 2186 δὲ
3115 2122 3205 2187 ὡς

512 2704 580 2752 20

612 2229 1070 2307 προςτακτικῆς
1115 2226 1403 2308 ἐννοίας,
1460 2228 1618 2292 κατὰ
1664 2230 2096 2307 ςυνεκδρομὴν
2141 2227 2336 2292 πάλιν
2396 2226 2486 2290 ὡς
2544 2225 2812 2304 ἀριθμὸν
2859 2225 3204 2290 ἀνεδέξατο

769 2336 822 2394 ῶ

612 2332 685 2396 ἐν
729 2352 802 2414 τ’
867 2436 1078 2515 δεῦτε,
1124 2432 1330 2512 φίλοι·
1374 2432 1490 2496 τὸν
1535 2433 1747 2496 ξεῖνον
1793 2430 2086 2510 ἐρώμεθα
2132 2433 2199 2515 (θ
2248 2429 2414 2514 133).
3258 2445 3285 2484 5

615 2536 668 2619 ᾧ
714 2535 894 2617 λόγῳ
938 2534 1039 2597 καὶ
1081 2533 1158 2597 τὸ
1204 2532 1319 2609 ἄγε
1364 2532 1572 2608 ἄγετε.

791 2702 926 2768 «Τὰ
978 2701 1068 2768 εἰς
1124 2707 1221 2767 ων
1277 2702 1588 2782 λήγοντα,
1645 2700 1935 2783 ὀνόματα
1989 2703 2104 2784 μὲν
2164 2701 2359 2785 ὄντα,
2425 2702 3022 2782 παραςχηματιςμὸν
3079 2701 3209 2781 ἔχει

615 2806 758 2884 ἤτοι
823 2805 893 2870 ἐν
949 2805 1267 2884 κοινότητι
1332 2807 1421 2868 ὼς
1488 2805 1526 2869 ὁ
1585 2806 1871 2886 ςώφρων
1931 2807 1970 2884 ἡ
2014 2806 2331 2886 ςώφρων,
2381 2803 2419 2869 ὁ
2462 2805 2691 2880 γείτων
2749 2804 2787 2882 ἡ
2843 2807 3104 2881 γείτων,
3169 2804 3208 2881 ἢ

616 2907 689 2973 ἑν
734 2908 1062 2986 καταλήξει
1105 2911 1181 2991 τῇ
1227 2907 1314 2971 εἰς
1360 2912 1477 2990 W,
1521 2907 1748 2972 Λάκων
1794 2907 2103 2983 Λάκαινα,
2152 2905 2409 2986 δράκων
2455 2907 2792 2985 δράκαινα·
2849 2905 2947 2971 οἷς
2991 2906 3209 2985 μέντοι
3263 2921 3314 2961 1⁰

616 3006 985 3087 παράκειται
1030 3010 1270 3087 θηλυκὰ
1315 3007 1405 3073 εἰς
1451 3012 1538 3072 δᾶ
1582 3010 1885 3087 λήγοντα,
1931 3009 2185 3073 τούτοις
2216 3009 2568 3087 παρέπεται
2598 3009 2674 3073 τὸ
2712 3006 2878 3073 εἶναι
2916 3007 3210 3090 μετοχάς,

752 3160 969 3213 Αιιονιι.
1065 3168 1085 3211 1
1145 3158 1203 3212 Si
1255 3159 1529 3214 adverbia.
1572 3161 1786 3227 essent,
1842 3177 1969 3213 cum
2023 3159 2294 3229 singulari
2352 3160 2412 3212 et
2461 3158 2665 3229 plurali
2710 3158 3011 3213 verborum
3056 3157 3211 3213 nullo

618 3243 937 3298 discrimine
984 3245 1460 3298 construerentur:
1511 3244 1669 3313 atqui
1707 3245 2107 3299 construuntur
2144 3260 2271 3298 cum
2307 3259 2420 3297 uno
2455 3243 2680 3313 plurali.
2763 3243 3006 3297 Nomina
3039 3243 3213 3313 igitur

618 3330 762 3382 sunt„
802 3359 866 3369 —-
904 3336 936 3381 9
972 3329 1229 3395 Ὄφελον
1266 3329 1363 3382 alii
1397 3329 1623 3398 proprie
1660 3329 1995 3383 adverbium
2034 3345 2155 3382 esse
2191 3330 2425 3398 putant.
2472 3327 2570 3382 alii
2614 3328 2921 3398 genuinum
2958 3327 3212 3381 verbum.

511 3427 531 3446 ·
621 3443 681 3452 -—
726 3418 785 3466 15
820 3412 1033 3466 Eodem
1068 3412 1237 3467 modo
1273 3416 1472 3481 δεῦρο,
1508 3414 1659 3481 quod
1695 3413 1880 3482 ipsum
1919 3429 2145 3482 quoque
2182 3412 2509 3467 adverbium
2548 3414 2659 3479 est,
2704 3412 2941 3480 pluralis
2976 3413 3212 3466 formam

621 3496 994 3634 adeuhtlxlipeieee
1040 3496 1280 3556 videtur.
1333 3528 1397 3536 —
1451 3504 1518 3551 20
1564 3499 1780 3552 Ἀκέων
1825 3497 2055 3565 quidam
2103 3497 2464 3568 participium
2510 3513 2629 3552 esee
2674 3499 2904 3566 putant,
2951 3499 3018 3552 ut
3060 3497 3213 3566 quod

621 3581 726 3635 dec
753 3580 767 3592 ’
812 3581 955 3639 etur.

621 3822 802 3871 ρημα,
827 3798 1104 3872 ἐχόμενον
1133 3800 1197 3857 δὲ
1224 3807 1642 3874 προστακτικῆς
1667 3799 1925 3872 ἐννοίας,
1955 3797 2102 3858 κατὰ
2131 3803 2533 3872 συνεκδρομὴν
2560 3798 2903 3873 ἀναδρομὴν
2928 3811 2946 3862 ί
2953 3798 3213 3874 ἀριθμὸν

619 3903 722 3940 sor.
758 3875 1147 3952 RSZhneider)
1193 3880 1542 3958 ἀνεδέξατο,
1574 3903 1597 3947 ·.
1636 3930 1647 3942 .
1689 3879 1869 3951 οὕτως
1915 3887 1981 3944 τὸ
2019 3881 2153 3958 ἆγε,
2204 3883 2491 3957 ἐπίρρημα
2538 3883 2635 3953 ὅν,
2683 3884 2833 3943 κατὰ
2881 3884 3212 3959 συνδρομὴν

620 3967 1044 4041 (συνεκδρομὴν
1080 3990 1180 4033 scr,
1210 3971 1593 4042 RSchneider)
1629 3973 1730 4028 τοῦ
1769 3970 2024 4043 ᾇήματος
2062 3971 2189 4043 ἔσχε
2227 3968 2624 4041 παρατατικὸν
2663 3968 3088 4042 (πληθυντικὸν
3113 3990 3214 4027 scr.

618 4054 1000 4122 RSchneider)
1037 4053 1101 4113 τὸ
1140 4050 1328 4125 ἄγετε.
1402 4058 1471 4115 cf.
1511 4058 1589 4113 ib.
1630 4064 1750 4124 118,
1792 4066 1852 4113 10
1889 4077 2009 4128 sqq.

755 4173 944 4229 Discn.
983 4194 1179 4229 somn.
1252 4184 1301 4234 ὅ.
1339 4194 1421 4230 ετι
1458 4178 1531 4244 Α,
1569 4193 1675 4235 om.
1712 4178 1749 4231 b
1785 4178 1844 4230 in
1882 4179 2071 4236 textu,
2110 4176 2400 4246 supplevit
2432 4177 2491 4230 in
2529 4193 2644 4231 var.
2683 4178 2813 4236 lect.
2858 4179 2868 4245 Ι
2922 4183 2970 4231 7.
3004 4180 3076 4231 τὰ
3117 4177 3209 4232 Ab

619 4259 680 4311 in
714 4260 904 4324 textu,
941 4260 1255 4328 ‘suspectus
1291 4263 1377 4316 eet
1412 4261 1699 4316 articulus’
1738 4262 1775 4316 b
1811 4263 1872 4314 in
1909 4279 2023 4316 var.
2059 4261 2188 4319 lect.
2220 4262 2229 4329 Ι
2261 4264 2803 4330 ςυμπληθυνομένου
2838 4261 3214 4327 RSchneider‚

621 4346 1127 4413 ευμπληρουμένου
1164 4346 1256 4399 Ab
1288 4348 1297 4409 Ι
1334 4354 1410 4405 12.
1448 4349 1591 4402 κατὰ
1627 4346 2104 4413 GFSchoemann,
2143 4351 2232 4402 καὶ
2268 4348 2353 4402 Ab
2385 4352 2394 4413 Ι
2435 4349 2540 4401 οὐκ
2577 4346 3051 4412 GFSchoemann,
3090 4348 3219 4416 post

621 4430 877 4483 ςύνταξιν
932 4429 1245 4497 complures
1299 4446 1489 4496 voces,
1544 4433 1601 4485 in
1656 4431 1859 4500 quibus
1896 4432 2256 4488 ἀναδέξαςθαι
2303 4431 2471 4486 fuisse
2528 4431 2812 4496 videatur,
2868 4429 3215 4485 intercidisse

621 4514 816 4567 censet
850 4512 1215 4567 Rrizeczka
1250 4516 1261 4583 Ι
1308 4520 1380 4569 14.
1417 4515 1520 4569 lac.
1558 4515 1707 4584 expl.
1743 4514 2133 4582 RSkrzeozka.‚
2179 4517 2278 4585 qui
2314 4516 2540 4571 dubitat
2573 4532 2646 4570 an
2682 4517 2727 4569 Ω
2761 4522 2863 4570 254
2898 4514 3165 4571 afferatur
3204 4515 3210 4582 Ι

625 4603 704 4650 15.
739 4598 1013 4664 ἐχόμενον
1057 4600 1115 4652 δὲ
1161 4615 1311 4653 nunc
1355 4599 1583 4669 quidem
1630 4616 1792 4653 evan.
1836 4600 1896 4653 in
1935 4603 1977 4655 A
2044 4605 2053 4666 Ι
2118 4607 2199 4659 16.
2237 4603 2407 4656 πάλιν
2444 4603 2524 4656 ὡς
2562 4602 2626 4669 b,
2679 4600 2739 4654 in
2776 4603 2819 4656 A
2864 4600 3091 4655 litterae
3128 4604 3215 4653 λιν

620 4697 769 4735 nunc
814 4681 930 4752 legi
973 4682 1085 4736 iam
1130 4699 1241 4737 non
1297 4687 1557 4753 possunt,
1614 4686 2000 4753 πληθυντικὸν
2048 4685 2328 4740 GDronke
2390 4687 2402 4753 1
2470 4691 2550 4739 18.
2599 4689 2741 4753 μεθα
2794 4701 2958 4739 evan.
3015 4685 3072 4737 in
3117 4684 3160 4737 A
3203 4685 3210 4750 Ι

620 4771 702 4903 2ἰ2.
728 4768 883 4902 λήξει
909 4767 1003 4833 A',
1043 4784 1186 4822 κατα
1221 4767 1293 4822 ab
1320 4770 1399 4823 Ax
1434 4784 1603 4837 supra.
1627 4768 1900 4839 scriptum
1930 4772 1940 4837 Ι
1970 4775 2053 4829 23.
2093 4769 2241 4824 ‘fort
2282 4771 2361 4826 εἰς
2397 4777 2484 4825 ῑᾶ’
2523 4770 2561 4823 b
2597 4770 2655 4823 iu
2682 4787 2795 4824 var.
2822 4768 2968 4835 lect,
3007 4773 3122 4822 ειςᾶ
3147 4768 3212 4835 Α,

622 4865 647 4902 ε
673 4866 698 4902 ς
736 4855 771 4902 ἃ
879 4851 936 4904 in
972 4853 1131 4904 textu
