3738 5530
577 326 1020 382 Commentarius
1048 325 1275 381 criticus
1303 328 1362 380 et
1390 324 1710 396 exegeticus
1739 324 1798 379 in
1827 324 2116 395 Apollonii
2142 299 2372 394 Dysccli
2400 324 2613 395 scripta
2638 324 2872 381 minora.
2956 327 3036 391 21

429 498 584 557 velut
632 497 734 557 ubi
777 498 1053 558 dicim:
1107 491 1227 556 ‘ille
1272 496 1637 556 beatissimus
1684 499 1766 555 est
1809 489 1934 570 Μ’
1991 514 2038 555 e.
2088 514 2142 571 q.
2190 514 2263 572 s.,
2326 500 2544 570 spectat
2597 496 2679 556 ad
2720 513 3041 571 personam

428 591 615 647 mente
658 589 1055 662 anticipatarm.
1145 582 1337 661 Atque
1381 603 1512 646 cwm
1556 586 1833 645 dicimus:
1895 578 2010 645 ‘hie
2053 588 2146 644 vir
2190 587 2293 660 qui
2326 586 2536 660 paullo
2583 590 2717 646 ante
2758 586 2903 645 mihi
2946 587 3040 645 ob-

429 679 588 736 viam
623 670 818 745 vem't',
863 678 918 736 is
961 676 1034 736 de
1077 692 1188 750 quo
1232 692 1420 735 sermo
1466 678 1549 734 est
1592 679 1892 749 tamquam
1935 677 1989 734 si
2023 692 2311 749 praesens
2354 677 2433 735 sit
2466 677 2664 736 ammo
2700 675 3041 734 obversatur

434 766 835 841 10‚1e--26.

612 857 712 931 10,
736 857 815 915 19
864 855 936 913 cf.
983 857 1138 931 synt.
1190 855 1291 929 27,
1313 855 1349 912 6
1412 849 1488 913 τὸ
1543 848 1666 928 γὰρ
1723 848 1812 913 ὡς
1867 848 2175 928 ἐςόμενον
2232 850 2584 928 πρόςωπον
2642 847 3039 927 ἀνεπόληςεν

431 937 580 1027 (scil.
629 945 917 1004 articulus
961 935 1192 1024 praep.)
1249 938 1477 1017 ὅμοιον
1532 938 1834 1004 καθεςτὸς
1891 937 2113 1023 ἐκείνῳ
2170 936 2231 1026 (ζ
2273 936 2446 1024 158).
2513 938 2592 1003 οὐ
2640 939 2763 1018 γὰρ
2810 938 3038 1018 ὅμοιόν

429 1029 555 1095 ἑςτι
599 1035 691 1115 τῷ
738 1026 804 1117 (δ
846 1025 1020 1115 145),
1066 1028 1207 1094 ἐπεὶ
1246 1031 1441 1093 τοῦτο
1479 1029 1594 1107 μὲν
1631 1028 1707 1092 τὸ
1745 1028 2151 1107 προγεγονὸς
2188 1028 2542 1109 πρόςωπον
2581 1029 2912 1105 ἀναπολεῑ,
2960 1030 3037 1094 τὸ

432 1121 504 1184 δὲ
551 1119 974 1198 προκείμενον
1019 1118 1097 1182 τὸ
1144 1118 1233 1184 ὡς
1279 1117 1601 1197 έςόμενον.

613 1215 714 1289 10,
737 1215 817 1272 22
866 1206 1311 1291 ἀνεφώνηςεν]
1360 1212 1482 1272 scil.
1530 1214 1581 1271 is
1628 1211 1701 1272 de
1736 1231 1856 1289 quo
1894 1230 2085 1272 sermo
2123 1214 2231 1288 est,
2278 1211 2509 1288 Ulixem
2554 1213 2664 1271 hoc
2698 1213 2764 1271 in
2802 1207 3037 1273 ἀνεπό-

431 1302 619 1377 ληςεν
664 1305 863 1362 mutat
905 1302 1110 1381 Lange
1154 1322 1304 1380 mg.,
1363 1304 1516 1379 synt.
1563 1302 1910 1378 respiciens;
1973 1301 2132 1361 idem
2174 1301 2212 1360 l.
2264 1303 2348 1361 20
2392 1303 2533 1378 post
2578 1297 2681 1361 ἐπί
2727 1319 2784 1361 τι
2828 1302 3040 1362 inserit

428 1389 777 1467 πρόςωπον
825 1395 885 1452 et
929 1393 967 1451 l.
1009 1394 1088 1451 21
1139 1409 1196 1451 τι
1243 1387 1594 1466 πρόςωπον
1640 1390 1813 1450 delet.
1908 1390 2174 1451 Frustra.

606 1484 664 1541 3.
727 1482 1117 1550 Pronmnina,
1164 1480 1268 1540 ubi
1313 1500 1534 1559 genera
1576 1479 1995 1540 terminatione
2041 1499 2159 1542 non
2205 1479 2550 1541 discernunt
2594 1472 2767 1562 (haec
2811 1481 3041 1541 omittit

426 1570 568 1648 Ap.;
633 1571 710 1631 ad
760 1574 817 1647 7,
839 1563 979 1652 28),
1040 1571 1406 1645 inaequalem
1462 1570 1672 1629 habere
1725 1571 2166 1630 declinationem
2220 1575 2273 1629 et
2311 1587 2427 1644 per
2487 1586 2760 1630 umeros
2824 1574 2876 1629 et
2925 1588 3041 1644 per

427 1679 616 1730 casae,
662 1665 780 1720 octo
827 1662 1045 1735 leqibus
1088 1661 1517 1720 danen-stratur
1567 1661 1666 1734 10,
1690 1660 1968 1718 27—28.
2246 1735 2257 1742 ·

604 1745 982 1811 Ἀκολουθία
1037 1752 1128 1809 est
1180 1748 1512 1825 aequalitas
1566 1748 1861 1823 flexioniS,
1926 1767 2077 1824 quae
2131 1768 2252 1808 non
2307 1749 2499 1808 solum
2558 1750 2621 1807 in
2667 1767 2812 1808 sono
2858 1749 3037 1824 vocis,

427 1840 530 1900 sed
557 1841 742 1899 etiam
769 1834 839 1899 ἐν
867 1838 1003 1900 τοῖς
1030 1834 1504 1914 παρεπομένοις
1532 1839 1626 1897 vel
1657 1833 2249 1913 ςυμπαρεπομένοις
2286 1830 2468 1921 (synt.
2506 1840 2652 1914 102,
2673 1838 2754 1897 23
2793 1833 2833 1912 ἡ
2876 1836 3037 1909 γοῦν

430 1925 671 1990 ἐκεῖνος
717 1926 819 1989 καὶ
865 1923 930 1989 αἱ
976 1923 1228 2000 ςύζυγοι
1275 1926 1573 1988 κλιθεῖςαι
1619 1923 1807 2002 ἔςχον
1845 1923 1949 1988 καὶ
1984 1923 2066 1987 τὰ
2103 1923 2642 2002 ςυμπαρεπόμενα
2689 1922 3033 1988 ἀκόλουθα.

425 2038 591 2096 pron.
643 2020 743 2094 11,
765 2009 853 2099 8),
900 2018 1234 2077 accentibus
1282 2020 1343 2076 et
1387 2018 1778 2094 aspiratione,
1831 2018 2033 2094 posita
2078 2019 2183 2077 est.
2275 2016 2392 2076 Pro
2449 2011 2799 2076 ἀκολουθία
2856 2018 3040 2076 etiam

427 2107 646 2167 dicitur
689 2103 766 2167 τὸ
814 2101 1177 2168 ἀκόλουθον
1237 2097 1420 2188 (synt.
1473 2109 1618 2182 102,
1641 2109 1741 2165 21.
1794 2108 1938 2182 105,
1964 2099 2045 2188 1).
2113 2106 2278 2166 Talis
2321 2105 2496 2165 flexio
2543 2109 2634 2166 est
2679 2101 3038 2166 ἀκόλουθος

457 2193 496 2270 ἡ
559 2191 918 2258 ἀκόλουθος
980 2192 1170 2256 κλίςις
1233 2198 1388 2273 synt.
1440 2198 1587 2271 104,
1610 2187 1753 2278 21),
1816 2197 2049 2274 ipsique
2114 2213 2284 2256 casus
2343 2198 2406 2254 et
2466 2195 2697 2254 numeri
2759 2195 3039 2254 dicuntur

473 2282 775 2347 κόλουθοι
822 2278 1209 2367 (ἀκόλουθος
1264 2279 1528 2360 ἀριθμός
1573 2288 1726 2362 synt.
1778 2287 1924 2359 102,
1950 2287 2058 2360 10,
2103 2305 2270 2362 pron.
2323 2287 2423 2360 12,
2447 2277 2586 2366 18),
2650 2285 2745 2344 vel
2793 2279 2857 2346 αἱ
2904 2280 3036 2344 κατ’

427 2370 815 2437 ἀκολουθίαν
843 2372 1110 2435 πτώςεις
1145 2375 1240 2434 vel
1277 2371 1432 2448 γένη
1470 2375 1564 2435 vel
1603 2369 1854 2449 ἀριθμοί
1894 2367 2075 2457 (synt.
2109 2377 2210 2450 62,
2234 2366 2497 2456 8-10).
2580 2373 2692 2433 His
2731 2392 3037 2451 opponun-

427 2467 528 2524 tur
569 2465 830 2542 primum
875 2460 1287 2539 ἑτερόπτωτα
1332 2467 1394 2523 et
1438 2459 1829 2538 ἑτερόκλιτα,
1892 2483 2058 2540 pron.
2112 2466 2213 2540 13,
2237 2467 2269 2523 1
2333 2459 2403 2523 ἐν
2459 2458 2764 2538 ὀνόμαςιν
2821 2459 3035 2538 ἑτερό-

427 2570 674 2625 πτωτα,
735 2549 908 2629 ὕδωρ
955 2549 1216 2624 ὕδατος,
1274 2549 1469 2627 μέγας
1515 2549 1815 2628 μεγάλου,
1863 2549 1967 2612 καὶ
2013 2549 2083 2613 ἐν
2131 2548 2394 2627 ῥήμαςιν
2441 2548 2825 2627 ἑτερόκλιτα,
2874 2549 3035 2613 ἔςθω

427 2639 696 2719 ἔφαγον,
743 2638 927 2718 φέρω
975 2636 1144 2703 οἴςω.
1219 2642 1297 2701 ib.
1349 2645 1537 2720 11,43
1586 2635 1766 2725 (synt.
1803 2644 1947 2720 102,
1972 2644 2051 2701 12
2099 2644 2343 2702 nomina
2388 2661 2621 2719 quoque
2668 2637 3038 2716 ἑτερόκλιτα

429 2724 760 2816 dicuntur),
826 2751 1078 2810 quorum
1131 2732 1356 2793 formae
1403 2752 1439 2792 a
1484 2732 1733 2793 diversis
1786 2732 2068 2813 thematis
2125 2723 2618 2816 (Grundformen)
2674 2731 3036 2808 derivantur,

425 2824 516 2883 ita
558 2826 758 2883 tamen
803 2826 873 2882 ut
916 2822 1209 2900 quaedam
1253 2822 1410 2883 inter
1445 2840 1506 2882 se
1543 2823 1922 2898 cohaereant,
1968 2822 2180 2882 deinde
2217 2819 2534 2897 θεματικά.
2602 2819 2825 2880 Contra
2860 2838 3035 2895 πρω-

426 2908 674 2973 τότυπα
727 2932 846 2973 non
901 2915 1041 2973 sunt
1096 2913 1373 2990 opposita
1425 2913 1543 2972 nisi
1596 2908 2011 2988 παραγώγοις
2066 2915 2221 2989 synt.
2273 2913 2418 2987 230,
2442 2913 2540 2970 24.
2635 2907 2814 2985 Θέμα
2876 2911 3036 2987 apud

427 3002 813 3079 Apollonium
866 3002 1125 3079 primum
1181 3005 1272 3062 est
1324 3021 1438 3062 vox
1491 3021 1612 3061 non
1667 3001 1938 3061 derivata
1952 3047 1968 3078 ,
2032 3021 2101 3060 ex
2157 3020 2277 3079 qua
2322 3002 2476 3060 aliae
2520 3001 2869 3060 derivantur
2913 3002 3037 3060 sive

425 3092 782 3171 παραγωγῇ
847 3095 1000 3169 synt.
1053 3094 1197 3167 109,
1221 3092 1302 3150 19
1357 3086 1397 3165 ἡ
1446 3084 1638 3152 οὗτος
1692 3090 2087 3166 παραχθεῖςα
2144 3086 2208 3152 ἐξ
2266 3085 2508 3164 ἄρθρου
2565 3088 2681 3150 τοῦ
2738 3084 2811 3149 ὅς
2849 3135 2861 3148 .
2902 3136 2915 3148 .
2957 3085 3035 3149 οὐ

426 3176 549 3254 γὰρ
596 3177 893 3255 θεματική
942 3175 1084 3252 έςτι,
1131 3181 1256 3241 sive
1300 3175 1490 3240 κλίςει
1527 3182 1679 3257 synt.
1715 3182 1860 3255 168,
1884 3183 1968 3240 20
2015 3175 2086 3240 έν
2117 3226 2165 3239 ..
2196 3174 2621 3253 ἀντωνυμίαις
2657 3174 2734 3242 τὸ
2772 3178 3035 3253 πρῶτον

427 3266 833 3347 (πρόςωπον)
871 3266 1034 3345 πρὸς
1070 3266 1146 3330 τὸ
1185 3265 1491 3344 δεύτερον
1529 3265 1949 3346 (ςυμπάθειαν
1988 3265 2164 3347 ἔχει),
2203 3268 2335 3329 τῶν
2372 3265 2605 3343 τρίτων
2639 3262 2764 3328 ἔςθ’
2794 3263 2904 3328 ὅτε
2935 3264 3037 3328 καὶ

431 3355 863 3420 ἐκλειπόντων
908 3356 1011 3419 καὶ
1056 3355 1555 3420 πλεοναζόντων
1600 3355 1703 3419 καὶ
1749 3355 1820 3418 ἐν
1866 3354 2050 3420 ἰδίοις
2096 3354 2312 3432 θέμαςι
2359 3352 2899 3431 καταγινομένων,
2948 3353 3037 3418 ὡς

426 3443 466 3522 ἡ
516 3443 776 3521 ἐκεῖνος,
822 3444 862 3523 ἡ
910 3442 1118 3520 οὗτος,
1164 3444 1203 3521 ἡ
1244 3445 1363 3522 μίν.
1427 3447 1505 3506 ib.
1550 3450 1695 3523 102,
1717 3450 1802 3508 20
1845 3444 1886 3521 ἡ
1936 3444 2092 3522 ἐμοῦ
2141 3444 2219 3508 οὐ
2261 3446 2553 3519 κλιθεῖςα,
2600 3441 2915 3521 γενομένη
2964 3444 3036 3507 δὲ

427 3533 498 3598 ἐν
545 3533 781 3611 θέματι.
872 3557 1038 3615 pron.
1094 3540 1194 3614 11,
1215 3540 1294 3597 21
1346 3533 1465 3598 οὐκ
1509 3531 1856 3598 ἀκόλουθοί
1904 3532 2054 3597 εἰςιν
2102 3533 2165 3597 αἱ
2212 3531 2629 3611 ἀντωνυμίαι,
2678 3532 2920 3610 θέματα
2965 3533 3037 3596 δὲ

424 3621 557 3686 ἴδια
612 3622 773 3687 κατὰ
827 3621 1096 3701 ἀριθμὸν
1153 3624 1255 3687 καὶ
1307 3623 1658 3701 πρόςωπον
1717 3623 1819 3686 καὶ
1864 3625 2119 3687 πτῶςιν.
2211 3625 2439 3686 Deinde
2486 3622 2647 3699 θέμα
2691 3627 2784 3686 est
2825 3624 3036 3700 forma,

429 3735 581 3793 quae
626 3734 746 3775 non
792 3720 883 3777 est
926 3714 1289 3778 πεπονθυῖα
1332 3717 1480 3776 coni.
1516 3716 1660 3791 254,
1684 3718 1720 3774 2
1768 3712 2101 3790 ποιητικὸν
2146 3710 2308 3776 ὄντα
2352 3711 2469 3775 τὸν
2516 3708 2597 3775 αὖ
2642 3710 2745 3775 καὶ
2792 3709 2882 3774 ἔτι
2920 3710 3036 3774 τὸν

427 3800 547 3879 τάρ
613 3802 986 3880 θεματικούς
1044 3801 1124 3865 ἂν
1180 3801 1708 3880 παραδεξαίμεθα.
1802 3805 1933 3864 adv.
1987 3806 2186 3881 174,6
2254 3800 2407 3865 ὅθεν
2451 3801 2491 3878 ἢ
2548 3800 2651 3865 καὶ
2706 3798 2865 3863 αὐτὸ
2931 3798 3036 3881 (τὸ

427 3889 665 3972 αὔτως)
702 3890 965 3956 δεκτέον
1003 3891 1357 3969 θεματικόν,
1391 3890 1444 3968 ἢ
1474 3889 1978 3966 ςυγκαταθετέον
2006 3890 2399 3974 Ἡρακλείδῃ,
2447 3888 2719 3974 φαμένῳ
2748 3888 2838 3952 ὡς
2876 3888 3037 3953 κατὰ

427 3979 709 4060 ςτέρηςίν
748 3978 873 4045 ἐςτι
908 3978 1113 4062 <τὴν>
1150 3979 1255 4044 διὰ
1290 3983 1409 4044 τοῦ
1447 3981 1504 4042 ἆ.
1578 3983 1790 4060 Itaque
1825 3983 1920 4044 his
1958 3983 2212 4061 aliisque
2247 3984 2393 4044 locis
2428 3983 2551 4042 fere
2588 3974 2734 4063 (non
2766 3973 3035 4063 prorsus)

424 4076 703 4134 convenit
728 4092 863 4133 cum
888 4074 1131 4134 vocibus
1160 4068 1403 4134 ἀπαθές
1431 4067 1792 4147 ὁλόκληρον
1821 4068 2092 4134 ἐντελές.
2182 4073 2488 4132 Postremo
2515 4071 2757 4150 linguae
2784 4071 3033 4130 elemen-

425 4166 553 4223 tum
596 4165 687 4223 est
723 4163 854 4222 adv.
889 4165 1095 4238 121,4
1144 4157 1589 4236 έντελέςτερον
1627 4157 1843 4237 μέντοι
1882 4158 2225 4224 δεδείξεται
2262 4157 2334 4222 έν
2371 4163 2463 4241 τῷ
2500 4157 2646 4236 περὶ
2683 4155 3037 4223 ςυντάξεως

427 4245 560 4334 (11,
584 4244 683 4334 6),
738 4248 826 4312 ὡς
882 4248 962 4312 τὰ
1008 4249 1123 4326 μὲν
1178 4244 1648 4326 θεματικώτερα
1701 4245 1946 4330 <μέρη>
1999 4251 2118 4312 τοῦ
2177 4248 2378 4323 λόγου
2426 4245 2716 4325 ὀνόματά
2763 4244 2887 4310 έςτι
2935 4246 3035 4309 καὶ

429 4338 705 4417 ῥήματα,
770 4337 851 4401 τὰ
897 4336 952 4401 δ’
1000 4337 1336 4402 ὑπόλοιπα
1382 4340 1515 4401 τῶν
1571 4339 1783 4415 μερῶν
1838 4340 1956 4401 τοῦ
2012 4337 2215 4413 λόγου
2276 4336 2365 4401 ὡς
2411 4335 2574 4414 πρὸς
2620 4335 2737 4414 τὴν
2783 4334 3035 4399 τούτων

428 4427 803 4505 εὐχρηςτίαν
868 4424 1189 4501 ἀνάγεται.
1280 4430 1413 4490 Hoc
1456 4432 1520 4489 in
1567 4449 1684 4506 quo
1748 4448 2054 4490 versamur
2115 4430 2245 4490 loco
2300 4430 2556 4507 primam
2610 4447 2822 4489 vocum
2877 4423 3038 4501 θέμα

428 4517 761 4594 θεματικός
818 4521 1123 4580 notionem
1182 4538 1468 4597 apparere
1527 4521 1774 4579 constat.
1877 4519 1958 4578 Et
2003 4515 2371 4594 ἑτερόκλιτα
2415 4521 2476 4577 et
2520 4514 2932 4593 ἑτερόπτωτα
2977 4520 3039 4576 et

430 4605 730 4682 θεματικά
773 4628 892 4669 uno
935 4604 1397 4670 ἀνακολούθων
1434 4610 1671 4669 nomine
1708 4609 2284 4686 comprehenduntur
2317 4627 2482 4686 pron.
2525 4609 2627 4683 66,
2652 4610 2684 4666 1
2728 4602 2793 4667 αἱ
2829 4601 3033 4667 ἀντω-

429 4694 642 4771 νυμίαι
687 4698 1221 4773 πρωτοτυποῦςαι
1280 4692 1709 4760 ἀνακόλουθοι
1756 4695 1858 4759 καὶ
1902 4690 2065 4759 κατὰ
2111 4692 2378 4773 ἀριθμὸν
2425 4693 2525 4757 καὶ
2573 4692 2734 4756 κατὰ
2779 4695 3033 4756 πτῶςιν.

429 4785 657 4846 Eadem
698 4789 882 4864 notin,
929 4807 1082 4865 quae
1116 4788 1250 4848 voci
1286 4783 1728 4850 ἀνακόλουθος
1764 4787 1984 4863 subest,
2028 4788 2277 4847 dictioni
2313 4782 2630 4860 διάφορος
2667 4781 2827 4845 κατὰ
2863 4784 3033 4846 πτῶ-

433 4892 528 4936 ςιν
583 4872 687 4935 καὶ
744 4871 1012 4952 ἀριθμόν
1077 4877 1367 4937 subicitur
1426 4896 1592 4955 pron.
1645 4879 1746 4953 10,
1769 4879 1868 4935 27.
1960 4876 2125 4935 Haec
2186 4876 2519 4953 inaequalis
2580 4874 2753 4934 flexio
2816 4874 3036 4933 dicitur

432 4959 873 5026 ἀνακόλουθος
907 4963 1097 5028 κλίςις
1134 4970 1286 5045 synt.
1320 4969 1466 5043 104,
1490 4969 1567 5026 21
1609 4967 1705 5027 vel
1744 4961 1987 5026 ἀκλιςία
2021 4984 2187 5043 pron.
2222 4968 2322 5042 12,
2344 4967 2400 5025 4.
2495 4962 2711 5024 Omnia
2746 4963 3035 5024 vocabula
