<?xml version="1.0" encoding="UTF-8"?>
<!DOCTYPE html PUBLIC "-//W3C//DTD XHTML 1.0 Transitional//EN"
    "http://www.w3.org/TR/xhtml1/DTD/xhtml1-transitional.dtd">
<html xmlns="http://www.w3.org/1999/xhtml" xml:lang="en" lang="en">
 <head>
  <title>
</title>
<meta http-equiv="Content-Type" content="text/html;charset=utf-8" />
  <meta name='ocr-system' content='tesseract 3.04.00' />
  <meta name='ocr-capabilities' content='ocr_page ocr_carea ocr_par ocr_line ocrx_word'/>
</head>
<body>
  <div class='ocr_page' id='page_1' title='image "./grammaticigraec00unkngoog_0165.png"; bbox 0 0 3738 5530; ppageno 0'>
   <div class='ocr_carea' id='block_1_1' title="bbox 1230 416 3146 487">
    <p class='ocr_par' dir='ltr' id='par_1_1' title="bbox 1230 416 3146 487">
     <span class='ocr_line' id='line_1_1' title="bbox 1230 416 3146 487; baseline 0.003 -12"><span class='ocrx_word' id='word_1_1' title='bbox 1230 425 1329 477; x_wconf 85' lang='lat' dir='ltr'>DE</span> <span class='ocrx_word' id='word_1_2' title='bbox 1368 424 1619 477; x_wconf 71' lang='grc' dir='ltr'>ΕΧΘΕΣ</span> <span class='ocrx_word' id='word_1_3' title='bbox 1659 426 1756 477; x_wconf 78' lang='grc' dir='ltr'>ΕΤ</span> <span class='ocrx_word' id='word_1_4' title='bbox 1793 425 1996 479; x_wconf 72' lang='grc' dir='ltr'><strong>ΧΘΕΣ</strong></span> <span class='ocrx_word' id='word_1_5' title='bbox 2030 424 2437 479; x_wconf 80' lang='lat' dir='ltr'><strong>ADVERBuS.</strong></span> <span class='ocrx_word' id='word_1_6' title='bbox 3031 416 3146 487; x_wconf 76' lang='lat'>147</span> 
     </span>
    </p>
   </div>
   <div class='ocr_carea' id='block_1_2' title="bbox 405 628 3247 3151">
    <p class='ocr_par' dir='ltr' id='par_1_2' title="bbox 445 628 3145 919">
     <span class='ocr_line' id='line_1_2' title="bbox 445 628 3145 714; baseline -0 -20"><span class='ocrx_word' id='word_1_7' title='bbox 445 645 494 685; x_wconf 88' lang='lat'>10</span> <span class='ocrx_word' id='word_1_8' title='bbox 547 630 728 712; x_wconf 89' lang='grc' dir='ltr'>ςπές,</span> <span class='ocrx_word' id='word_1_9' title='bbox 786 630 883 711; x_wconf 84' lang='grc' dir='ltr'>ἕς,</span> <span class='ocrx_word' id='word_1_10' title='bbox 941 628 1040 694; x_wconf 84' lang='grc' dir='ltr'>οἷς</span> <span class='ocrx_word' id='word_1_11' title='bbox 1087 631 1604 709; x_wconf 90' lang='grc' dir='ltr'>ςυνενεχθήςεται</span> <span class='ocrx_word' id='word_1_12' title='bbox 1647 631 1748 695; x_wconf 86' lang='grc' dir='ltr'>καὶ</span> <span class='ocrx_word' id='word_1_13' title='bbox 1804 633 1881 697; x_wconf 88' lang='grc' dir='ltr'>τὸ</span> <span class='ocrx_word' id='word_1_14' title='bbox 1926 632 2105 714; x_wconf 89' lang='grc' dir='ltr'>χθές,</span> <span class='ocrx_word' id='word_1_15' title='bbox 2163 630 2217 695; x_wconf 81' lang='grc' dir='ltr'>εἰ</span> <span class='ocrx_word' id='word_1_16' title='bbox 2260 630 2341 710; x_wconf 84' lang='grc' dir='ltr'>ἦν</span> <span class='ocrx_word' id='word_1_17' title='bbox 2404 631 2676 695; x_wconf 80' lang='grc' dir='ltr'>ἐντελές.</span> <span class='ocrx_word' id='word_1_18' title='bbox 2755 630 2909 694; x_wconf 82' lang='grc' dir='ltr'>ἀλλ’</span> <span class='ocrx_word' id='word_1_19' title='bbox 2955 628 3145 693; x_wconf 86' lang='grc' dir='ltr'>οὗτός</span> 
     </span>
     <span class='ocr_line' id='line_1_3' title="bbox 545 731 3142 812; baseline -0 -16"><span class='ocrx_word' id='word_1_20' title='bbox 545 752 618 809; x_wconf 95' lang='grc' dir='ltr'>γε</span> <span class='ocrx_word' id='word_1_21' title='bbox 663 732 702 795; x_wconf 88' lang='grc' dir='ltr'>ὁ</span> <span class='ocrx_word' id='word_1_22' title='bbox 748 732 946 808; x_wconf 89' lang='grc' dir='ltr'>λόγος</span> <span class='ocrx_word' id='word_1_23' title='bbox 991 733 1070 797; x_wconf 87' lang='grc' dir='ltr'>οὐ</span> <span class='ocrx_word' id='word_1_24' title='bbox 1117 735 1391 812; x_wconf 89' lang='grc' dir='ltr'>ςυςτήςει</span> <span class='ocrx_word' id='word_1_25' title='bbox 1436 731 1590 797; x_wconf 80' lang='grc' dir='ltr'>οὐδὲ</span> <span class='ocrx_word' id='word_1_26' title='bbox 1633 734 1749 811; x_wconf 87' lang='grc' dir='ltr'>τὴν</span> <span class='ocrx_word' id='word_1_27' title='bbox 1797 733 1863 797; x_wconf 84' lang='grc' dir='ltr'>ἔς</span> <span class='ocrx_word' id='word_1_28' title='bbox 1908 733 2206 810; x_wconf 88' lang='grc' dir='ltr'>πρόθεςιν</span> <span class='ocrx_word' id='word_1_29' title='bbox 2238 732 2392 797; x_wconf 80' lang='grc' dir='ltr'>οὐδὲ</span> <span class='ocrx_word' id='word_1_30' title='bbox 2433 734 2550 810; x_wconf 88' lang='grc' dir='ltr'>τὴν</span> <span class='ocrx_word' id='word_1_31' title='bbox 2595 732 2704 808; x_wconf 79' lang='grc' dir='ltr'>εἴς,</span> <span class='ocrx_word' id='word_1_32' title='bbox 2751 732 2891 797; x_wconf 84' lang='grc' dir='ltr'>ἐπεὶ</span> <span class='ocrx_word' id='word_1_33' title='bbox 2934 731 3142 811; x_wconf 83' lang='grc' dir='ltr'>ἀμφο-</span> 
     </span>
     <span class='ocr_line' id='line_1_4' title="bbox 544 831 3092 919; baseline -0.001 -21"><span class='ocrx_word' id='word_1_34' title='bbox 544 833 753 913; x_wconf 90' lang='grc' dir='ltr'>τέροις</span> <span class='ocrx_word' id='word_1_35' title='bbox 798 835 933 899; x_wconf 90' lang='grc' dir='ltr'>τοῖς</span> <span class='ocrx_word' id='word_1_36' title='bbox 981 836 1237 914; x_wconf 85' lang='grc' dir='ltr'>ςχήμαςι</span> <span class='ocrx_word' id='word_1_37' title='bbox 1283 831 1525 899; x_wconf 85' lang='grc' dir='ltr'>ςύνεςτι</span> <span class='ocrx_word' id='word_1_38' title='bbox 1572 833 1873 913; x_wconf 81' lang='grc' dir='ltr'><strong>ῥηματικὴ</strong></span> <span class='ocrx_word' id='word_1_39' title='bbox 1920 834 2267 914; x_wconf 79' lang='grc' dir='ltr'>κατάληξις.</span> <span class='ocrx_word' id='word_1_40' title='bbox 2342 834 2441 898; x_wconf 88' lang='grc' dir='ltr'>καὶ</span> <span class='ocrx_word' id='word_1_41' title='bbox 2483 835 2607 913; x_wconf 88' lang='grc' dir='ltr'>γὰρ</span> <span class='ocrx_word' id='word_1_42' title='bbox 2651 840 2744 919; x_wconf 80' lang='grc' dir='ltr'>τῷ</span> <span class='ocrx_word' id='word_1_43' title='bbox 2796 833 2888 898; x_wconf 87' lang='grc' dir='ltr'>εἴς</span> <span class='ocrx_word' id='word_1_44' title='bbox 2934 834 3092 913; x_wconf 75' lang='grc' dir='ltr'>&lt;τό)</span> 
     </span>
    </p>

    <p class='ocr_par' dir='ltr' id='par_1_3' title="bbox 799 935 1854 1019">
     <span class='ocr_line' id='line_1_5' title="bbox 799 935 1854 1019; baseline -0.002 -20"><span class='ocrx_word' id='word_1_45' title='bbox 799 935 1063 1014; x_wconf 87' lang='grc' dir='ltr'>αἵματός</span> <span class='ocrx_word' id='word_1_46' title='bbox 1109 935 1195 1000; x_wconf 86' lang='grc' dir='ltr'>εἰς</span> <span class='ocrx_word' id='word_1_47' title='bbox 1241 936 1510 1012; x_wconf 82' lang='grc' dir='ltr'>ἀγαθοῖο</span> <span class='ocrx_word' id='word_1_48' title='bbox 1559 938 1623 1019; x_wconf 86' lang='grc' dir='ltr'>(δ</span> <span class='ocrx_word' id='word_1_49' title='bbox 1668 935 1854 1017; x_wconf 84' lang='grc'>611),</span> 
     </span>
    </p>

    <p class='ocr_par' dir='ltr' id='par_1_4' title="bbox 449 1036 3207 1426">
     <span class='ocr_line' id='line_1_6' title="bbox 449 1036 3207 1121; baseline -0.002 -21"><span class='ocrx_word' id='word_1_50' title='bbox 449 1052 497 1091; x_wconf 75' lang='lat'>¹5</span> <span class='ocrx_word' id='word_1_51' title='bbox 545 1038 646 1101; x_wconf 83' lang='grc' dir='ltr'>καὶ</span> <span class='ocrx_word' id='word_1_52' title='bbox 690 1038 768 1101; x_wconf 88' lang='grc' dir='ltr'>τὸ</span> <span class='ocrx_word' id='word_1_53' title='bbox 814 1036 957 1120; x_wconf 84' lang='grc' dir='ltr'>[εἰς]</span> <span class='ocrx_word' id='word_1_54' title='bbox 1004 1037 1069 1102; x_wconf 88' lang='grc' dir='ltr'>ἔς</span> <span class='ocrx_word' id='word_1_55' title='bbox 1114 1036 1343 1113; x_wconf 86' lang='grc' dir='ltr'>ὅμοιον</span> <span class='ocrx_word' id='word_1_56' title='bbox 1389 1045 1482 1121; x_wconf 80' lang='grc' dir='ltr'>τῷ</span> <span class='ocrx_word' id='word_1_57' title='bbox 1525 1038 1646 1102; x_wconf 89' lang='grc' dir='ltr'>θές.</span> <span class='ocrx_word' id='word_1_58' title='bbox 1706 1039 1822 1116; x_wconf 89' lang='grc' dir='ltr'>τὴν</span> <span class='ocrx_word' id='word_1_59' title='bbox 1867 1039 2167 1117; x_wconf 86' lang='grc' dir='ltr'>τοιαύτην</span> <span class='ocrx_word' id='word_1_60' title='bbox 2213 1038 2333 1103; x_wconf 84' lang='grc' dir='ltr'>οὖν</span> <span class='ocrx_word' id='word_1_61' title='bbox 2378 1038 2724 1117; x_wconf 88' lang='grc' dir='ltr'>παράθεςιν</span> <span class='ocrx_word' id='word_1_62' title='bbox 2769 1036 2855 1102; x_wconf 93' lang='grc' dir='ltr'>εἰς</span> <span class='ocrx_word' id='word_1_63' title='bbox 2900 1037 3124 1115; x_wconf 87' lang='grc' dir='ltr'>κατόρ-</span> <span class='ocrx_word' id='word_1_64' title='bbox 3175 1049 3207 1095; x_wconf 77' lang='lat'><strong>5</strong></span> 
     </span>
     <span class='ocr_line' id='line_1_7' title="bbox 544 1136 3140 1222; baseline -0 -20"><span class='ocrx_word' id='word_1_65' title='bbox 544 1144 737 1203; x_wconf 90' lang='grc' dir='ltr'>θωςιν</span> <span class='ocrx_word' id='word_1_66' title='bbox 805 1139 1043 1205; x_wconf 80' lang='grc' dir='ltr'>λέξεων</span> <span class='ocrx_word' id='word_1_67' title='bbox 1101 1142 1563 1220; x_wconf 72' lang='grc' dir='ltr'>παραιτητέον,</span> <span class='ocrx_word' id='word_1_68' title='bbox 1631 1138 1769 1203; x_wconf 83' lang='grc' dir='ltr'>ἐπεὶ</span> <span class='ocrx_word' id='word_1_69' title='bbox 1823 1141 2038 1205; x_wconf 88' lang='grc' dir='ltr'>πολλὰ</span> <span class='ocrx_word' id='word_1_70' title='bbox 2094 1140 2249 1220; x_wconf 89' lang='grc' dir='ltr'>μέρη</span> <span class='ocrx_word' id='word_1_71' title='bbox 2318 1141 2553 1222; x_wconf 85' lang='grc' dir='ltr'>λόγου,</span> <span class='ocrx_word' id='word_1_72' title='bbox 2618 1140 2903 1219; x_wconf 88' lang='grc' dir='ltr'>διάφορα</span> <span class='ocrx_word' id='word_1_73' title='bbox 2960 1136 3140 1219; x_wconf 88' lang='grc' dir='ltr'>ὄντα,</span> 
     </span>
     <span class='ocr_line' id='line_1_8' title="bbox 544 1239 3141 1325; baseline -0 -21"><span class='ocrx_word' id='word_1_74' title='bbox 544 1239 677 1304; x_wconf 82' lang='grc' dir='ltr'>ἔςθ’</span> <span class='ocrx_word' id='word_1_75' title='bbox 734 1240 841 1305; x_wconf 88' lang='grc' dir='ltr'>ὅτε</span> <span class='ocrx_word' id='word_1_76' title='bbox 899 1243 1034 1305; x_wconf 89' lang='grc' dir='ltr'>ταῖς</span> <span class='ocrx_word' id='word_1_77' title='bbox 1093 1243 1289 1308; x_wconf 84' lang='grc' dir='ltr'>λε’ξεςι</span> <span class='ocrx_word' id='word_1_78' title='bbox 1348 1242 1835 1325; x_wconf 85' lang='grc' dir='ltr'>ςυνῳκείωνται.</span> <span class='ocrx_word' id='word_1_79' title='bbox 1914 1243 2214 1322; x_wconf 84' lang='grc' dir='ltr'>Ἄμεινον</span> <span class='ocrx_word' id='word_1_80' title='bbox 2272 1240 2391 1308; x_wconf 86' lang='grc' dir='ltr'>οὖν</span> <span class='ocrx_word' id='word_1_81' title='bbox 2449 1242 2700 1307; x_wconf 88' lang='grc' dir='ltr'>ἐκεῖνον</span> <span class='ocrx_word' id='word_1_82' title='bbox 2757 1243 2870 1305; x_wconf 86' lang='grc' dir='ltr'>τὸν</span> <span class='ocrx_word' id='word_1_83' title='bbox 2940 1241 3141 1315; x_wconf 92' lang='grc' dir='ltr'>λόγον</span> 
     </span>
     <span class='ocr_line' id='line_1_9' title="bbox 545 1343 3141 1426; baseline -0.001 -20"><span class='ocrx_word' id='word_1_84' title='bbox 545 1343 1040 1425; x_wconf 88' lang='grc' dir='ltr'>παραθέ&lt;ςθαι,&gt;</span> <span class='ocrx_word' id='word_1_85' title='bbox 1087 1343 1176 1406; x_wconf 85' lang='grc' dir='ltr'>ὡς</span> <span class='ocrx_word' id='word_1_86' title='bbox 1219 1345 1296 1408; x_wconf 90' lang='grc' dir='ltr'>τὸ</span> <span class='ocrx_word' id='word_1_87' title='bbox 1342 1345 1710 1410; x_wconf 79' lang='grc' dir='ltr'>πλεονάζον</span> <span class='ocrx_word' id='word_1_88' title='bbox 1754 1347 1787 1409; x_wconf 75' lang='grc' dir='ltr'>ἒ</span> <span class='ocrx_word' id='word_1_89' title='bbox 1833 1344 2142 1426; x_wconf 81' lang='grc' dir='ltr'>ᾡκείωται</span> <span class='ocrx_word' id='word_1_90' title='bbox 2187 1345 2384 1407; x_wconf 87' lang='grc' dir='ltr'>λέξεςι</span> <span class='ocrx_word' id='word_1_91' title='bbox 2427 1347 2563 1408; x_wconf 87' lang='grc' dir='ltr'>ταῖς</span> <span class='ocrx_word' id='word_1_92' title='bbox 2595 1343 2727 1409; x_wconf 87' lang='grc' dir='ltr'>ἀπὸ</span> <span class='ocrx_word' id='word_1_93' title='bbox 2758 1343 3141 1422; x_wconf 72' lang='grc' dir='ltr'>φωνήεντος</span> 
     </span>
    </p>

    <p class='ocr_par' dir='ltr' id='par_1_5' title="bbox 442 1442 3243 1833">
     <span class='ocr_line' id='line_1_10' title="bbox 442 1442 3141 1526; baseline -0.001 -18"><span class='ocrx_word' id='word_1_94' title='bbox 442 1460 494 1499; x_wconf 75' lang='lat'>20</span> <span class='ocrx_word' id='word_1_95' title='bbox 546 1442 948 1523; x_wconf 79' lang='grc' dir='ltr'>ἀρχομένοις,</span> <span class='ocrx_word' id='word_1_96' title='bbox 1000 1444 1090 1508; x_wconf 90' lang='grc' dir='ltr'>ὥς</span> <span class='ocrx_word' id='word_1_97' title='bbox 1135 1466 1204 1509; x_wconf 90' lang='grc' dir='ltr'>τε</span> <span class='ocrx_word' id='word_1_98' title='bbox 1246 1446 1323 1510; x_wconf 85' lang='grc' dir='ltr'>τὸ</span> <span class='ocrx_word' id='word_1_99' title='bbox 1369 1446 1855 1526; x_wconf 85' lang='grc' dir='ltr'>ἀφαιρούμενον</span> <span class='ocrx_word' id='word_1_100' title='bbox 1899 1447 2138 1510; x_wconf 77' lang='grc' dir='ltr'>λείπειν</span> <span class='ocrx_word' id='word_1_101' title='bbox 2169 1444 2370 1509; x_wconf 83' lang='grc' dir='ltr'>ἐθέλει</span> <span class='ocrx_word' id='word_1_102' title='bbox 2414 1446 2581 1510; x_wconf 83' lang='grc' dir='ltr'>λέξιν</span> <span class='ocrx_word' id='word_1_103' title='bbox 2623 1445 2755 1510; x_wconf 89' lang='grc' dir='ltr'>ἀπὸ</span> <span class='ocrx_word' id='word_1_104' title='bbox 2787 1444 3141 1524; x_wconf 85' lang='grc' dir='ltr'>ςυμφώνου</span> 
     </span>
     <span class='ocr_line' id='line_1_11' title="bbox 546 1545 3243 1630; baseline -0.001 -20"><span class='ocrx_word' id='word_1_105' title='bbox 546 1546 930 1627; x_wconf 82' lang='grc' dir='ltr'>ἀρχομένην.</span> <span class='ocrx_word' id='word_1_106' title='bbox 1007 1546 1139 1625; x_wconf 86' lang='grc' dir='ltr'>ἔχει</span> <span class='ocrx_word' id='word_1_107' title='bbox 1200 1550 1271 1611; x_wconf 82' lang='grc' dir='ltr'>δὲ</span> <span class='ocrx_word' id='word_1_108' title='bbox 1326 1548 1405 1612; x_wconf 80' lang='grc' dir='ltr'>τὰ</span> <span class='ocrx_word' id='word_1_109' title='bbox 1460 1547 1897 1627; x_wconf 84' lang='grc' dir='ltr'>ὑποδείγματα</span> <span class='ocrx_word' id='word_1_110' title='bbox 1950 1553 2120 1630; x_wconf 85' lang='grc' dir='ltr'>τῇδε.</span> <span class='ocrx_word' id='word_1_111' title='bbox 2195 1548 2270 1611; x_wconf 90' lang='grc' dir='ltr'>τὸ</span> <span class='ocrx_word' id='word_1_112' title='bbox 2328 1546 2519 1611; x_wconf 80' lang='grc' dir='ltr'>ἕεδνα</span> <span class='ocrx_word' id='word_1_113' title='bbox 2562 1545 2904 1610; x_wconf 84' lang='grc' dir='ltr'>πλεονάζει</span> <span class='ocrx_word' id='word_1_114' title='bbox 2946 1552 3036 1629; x_wconf 85' lang='grc' dir='ltr'>τῷ</span> <span class='ocrx_word' id='word_1_115' title='bbox 3085 1549 3137 1627; x_wconf 79' lang='grc' dir='ltr'>ἓ,</span> <span class='ocrx_word' id='word_1_116' title='bbox 3183 1561 3243 1608; x_wconf 85' lang='grc' dir='ltr'>ιο</span> 
     </span>
     <span class='ocr_line' id='line_1_12' title="bbox 544 1646 3140 1732; baseline -0.001 -20"><span class='ocrx_word' id='word_1_117' title='bbox 544 1648 622 1712; x_wconf 89' lang='grc' dir='ltr'>τὸ</span> <span class='ocrx_word' id='word_1_118' title='bbox 667 1648 881 1713; x_wconf 85' lang='grc' dir='ltr'>ἔειπεν</span> <span class='ocrx_word' id='word_1_119' title='bbox 928 1646 1295 1727; x_wconf 84' lang='grc' dir='ltr'>ἀρχόμενον</span> <span class='ocrx_word' id='word_1_120' title='bbox 1341 1648 1559 1729; x_wconf 90' lang='grc' dir='ltr'>&lt;ἀπὸ&gt;</span> <span class='ocrx_word' id='word_1_121' title='bbox 1602 1654 1720 1714; x_wconf 85' lang='grc' dir='ltr'>τοῦ</span> <span class='ocrx_word' id='word_1_122' title='bbox 1764 1654 1798 1714; x_wconf 74' lang='grc' dir='ltr'>ἒ</span> <span class='ocrx_word' id='word_1_123' title='bbox 1843 1650 2031 1732; x_wconf 86' lang='grc' dir='ltr'>[ἀπὸ]</span> <span class='ocrx_word' id='word_1_124' title='bbox 2078 1650 2479 1729; x_wconf 88' lang='grc' dir='ltr'>φωνήεντος,</span> <span class='ocrx_word' id='word_1_125' title='bbox 2524 1649 2601 1712; x_wconf 91' lang='grc' dir='ltr'>τὸ</span> <span class='ocrx_word' id='word_1_126' title='bbox 2648 1648 2893 1724; x_wconf 85' lang='grc' dir='ltr'>ἑώρων,</span> <span class='ocrx_word' id='word_1_127' title='bbox 2941 1648 3043 1709; x_wconf 87' lang='grc' dir='ltr'>καὶ</span> <span class='ocrx_word' id='word_1_128' title='bbox 3085 1646 3140 1710; x_wconf 85' lang='grc' dir='ltr'>εί</span> 
     </span>
     <span class='ocr_line' id='line_1_13' title="bbox 545 1748 2130 1833; baseline 0 -19"><span class='ocrx_word' id='word_1_129' title='bbox 545 1752 628 1830; x_wconf 84' lang='grc' dir='ltr'>μὴ</span> <span class='ocrx_word' id='word_1_130' title='bbox 672 1750 966 1828; x_wconf 87' lang='grc' dir='ltr'>διαίρεςις</span> <span class='ocrx_word' id='word_1_131' title='bbox 1009 1754 1125 1814; x_wconf 86' lang='grc' dir='ltr'>τοῦ</span> <span class='ocrx_word' id='word_1_132' title='bbox 1171 1748 1284 1828; x_wconf 80' lang='grc' dir='ltr'>ἣδε</span> <span class='ocrx_word' id='word_1_133' title='bbox 1329 1751 1403 1813; x_wconf 89' lang='grc' dir='ltr'>τὸ</span> <span class='ocrx_word' id='word_1_134' title='bbox 1450 1751 1673 1833; x_wconf 83' lang='grc' dir='ltr'>ἕαδεν,</span> <span class='ocrx_word' id='word_1_135' title='bbox 1718 1751 1850 1816; x_wconf 88' lang='grc' dir='ltr'>ἀπὸ</span> <span class='ocrx_word' id='word_1_136' title='bbox 1897 1754 1967 1815; x_wconf 82' lang='grc' dir='ltr'>δὲ</span> <span class='ocrx_word' id='word_1_137' title='bbox 2012 1754 2130 1814; x_wconf 82' lang='grc' dir='ltr'>τοῦ</span> 
     </span>
    </p>

    <p class='ocr_par' dir='ltr' id='par_1_6' title="bbox 439 1850 3242 2241">
     <span class='ocr_line' id='line_1_14' title="bbox 439 1850 2314 1936; baseline -0.001 -21"><span class='ocrx_word' id='word_1_138' title='bbox 439 1867 493 1907; x_wconf 76' lang='lat'>2⁵</span> <span class='ocrx_word' id='word_1_139' title='bbox 1209 1850 1323 1916; x_wconf 85' lang='grc' dir='ltr'>ἅδε</span> <span class='ocrx_word' id='word_1_140' title='bbox 1369 1853 1436 1916; x_wconf 85' lang='grc' dir='ltr'>δ’</span> <span class='ocrx_word' id='word_1_141' title='bbox 1479 1853 1730 1931; x_wconf 86' lang='grc' dir='ltr'>Ἕκτορι</span> <span class='ocrx_word' id='word_1_142' title='bbox 1777 1857 1973 1931; x_wconf 87' lang='grc' dir='ltr'>μῦθος</span> <span class='ocrx_word' id='word_1_143' title='bbox 2026 1851 2121 1936; x_wconf 88' lang='grc' dir='ltr'>(Μ</span> <span class='ocrx_word' id='word_1_144' title='bbox 2167 1850 2314 1935; x_wconf 87' lang='grc'>80)·</span> 
     </span>
     <span class='ocr_line' id='line_1_15' title="bbox 545 1952 3138 2036; baseline 0 -19"><span class='ocrx_word' id='word_1_145' title='bbox 545 1952 763 2036; x_wconf 80' lang='grc' dir='ltr'>ἕηκεν,</span> <span class='ocrx_word' id='word_1_146' title='bbox 808 1953 949 2018; x_wconf 81' lang='grc' dir='ltr'>ἕεις.</span> <span class='ocrx_word' id='word_1_147' title='bbox 1024 1957 1140 2017; x_wconf 86' lang='grc' dir='ltr'>τοῦ</span> <span class='ocrx_word' id='word_1_148' title='bbox 1187 1953 1257 2017; x_wconf 81' lang='grc' dir='ltr'>δὲ</span> <span class='ocrx_word' id='word_1_149' title='bbox 1302 1953 1526 2032; x_wconf 89' lang='grc' dir='ltr'>ἑτέρου</span> <span class='ocrx_word' id='word_1_150' title='bbox 1571 1954 1700 2035; x_wconf 84' lang='grc' dir='ltr'>ἔφη</span> <span class='ocrx_word' id='word_1_151' title='bbox 1745 1957 1871 2035; x_wconf 87' lang='grc' dir='ltr'>φῆ,</span> <span class='ocrx_word' id='word_1_152' title='bbox 1916 1954 2029 2033; x_wconf 80' lang='grc' dir='ltr'>ἔβη</span> <span class='ocrx_word' id='word_1_153' title='bbox 2079 1958 2154 2033; x_wconf 86' lang='grc' dir='ltr'>βῆ</span> <span class='ocrx_word' id='word_1_154' title='bbox 2169 1994 2196 2035; x_wconf 71' lang='grc'>,·</span> <span class='ocrx_word' id='word_1_155' title='bbox 2236 1954 2440 2017; x_wconf 75' lang='grc' dir='ltr'>ἐθέλω</span> <span class='ocrx_word' id='word_1_156' title='bbox 2486 1954 2685 2032; x_wconf 89' lang='grc' dir='ltr'>θέλω,</span> <span class='ocrx_word' id='word_1_157' title='bbox 2733 1952 2794 2016; x_wconf 84' lang='grc' dir='ltr'>οἱ</span> <span class='ocrx_word' id='word_1_158' title='bbox 2839 1953 3138 2031; x_wconf 84' lang='grc' dir='ltr'>ἐρυτῆρες</span> 
     </span>
     <span class='ocr_line' id='line_1_16' title="bbox 548 2054 3242 2135; baseline -0.002 -15"><span class='ocrx_word' id='word_1_159' title='bbox 548 2054 841 2134; x_wconf 83' lang='grc' dir='ltr'>ῥυτῆρες·</span> <span class='ocrx_word' id='word_1_160' title='bbox 908 2055 1067 2119; x_wconf 85' lang='grc' dir='ltr'>ἔνιοι</span> <span class='ocrx_word' id='word_1_161' title='bbox 1129 2056 1199 2119; x_wconf 81' lang='grc' dir='ltr'>δὲ</span> <span class='ocrx_word' id='word_1_162' title='bbox 1260 2057 1362 2120; x_wconf 81' lang='grc' dir='ltr'>καὶ</span> <span class='ocrx_word' id='word_1_163' title='bbox 1416 2058 1534 2135; x_wconf 88' lang='grc' dir='ltr'>τὴν</span> <span class='ocrx_word' id='word_1_164' title='bbox 1598 2059 1779 2135; x_wconf 88' lang='grc' dir='ltr'>χεῖρα</span> <span class='ocrx_word' id='word_1_165' title='bbox 1832 2056 2010 2133; x_wconf 88' lang='grc' dir='ltr'>παρὰ</span> <span class='ocrx_word' id='word_1_166' title='bbox 2065 2056 2139 2117; x_wconf 90' lang='grc' dir='ltr'>τὸ</span> <span class='ocrx_word' id='word_1_167' title='bbox 2198 2055 2369 2134; x_wconf 82' lang='grc' dir='ltr'>ἔχειν</span> <span class='ocrx_word' id='word_1_168' title='bbox 2435 2056 2626 2135; x_wconf 87' lang='grc' dir='ltr'>φαςὶν</span> <span class='ocrx_word' id='word_1_169' title='bbox 2684 2056 3137 2135; x_wconf 83' lang='grc' dir='ltr'>ἑςχηματίςθαι.</span> <span class='ocrx_word' id='word_1_170' title='bbox 3180 2069 3242 2116; x_wconf 80' lang='lat'>15</span> 
     </span>
     <span class='ocr_line' id='line_1_17' title="bbox 544 2155 3139 2241; baseline 0 -21"><span class='ocrx_word' id='word_1_171' title='bbox 544 2156 759 2238; x_wconf 84' lang='grc' dir='ltr'>τούτῳ</span> <span class='ocrx_word' id='word_1_172' title='bbox 814 2158 937 2236; x_wconf 89' lang='grc' dir='ltr'>γὰρ</span> <span class='ocrx_word' id='word_1_173' title='bbox 991 2163 1083 2241; x_wconf 85' lang='grc' dir='ltr'>τῷ</span> <span class='ocrx_word' id='word_1_174' title='bbox 1140 2156 1318 2238; x_wconf 85' lang='grc' dir='ltr'>λόγῳ</span> <span class='ocrx_word' id='word_1_175' title='bbox 1372 2156 1685 2222; x_wconf 87' lang='grc' dir='ltr'>δείκνυται</span> <span class='ocrx_word' id='word_1_176' title='bbox 1739 2158 1841 2220; x_wconf 84' lang='grc' dir='ltr'>καὶ</span> <span class='ocrx_word' id='word_1_177' title='bbox 1909 2157 1980 2222; x_wconf 81' lang='grc' dir='ltr'>ἐν</span> <span class='ocrx_word' id='word_1_178' title='bbox 2036 2163 2127 2239; x_wconf 81' lang='grc' dir='ltr'>τῷ</span> <span class='ocrx_word' id='word_1_179' title='bbox 2186 2158 2332 2234; x_wconf 83' lang='grc' dir='ltr'>περὶ</span> <span class='ocrx_word' id='word_1_180' title='bbox 2387 2155 2844 2239; x_wconf 86' lang='grc' dir='ltr'>ἀντωνυμιῶν,</span> <span class='ocrx_word' id='word_1_181' title='bbox 2913 2157 3003 2221; x_wconf 80' lang='grc' dir='ltr'>ὡς</span> <span class='ocrx_word' id='word_1_182' title='bbox 3061 2157 3139 2220; x_wconf 85' lang='grc' dir='ltr'>οὐ</span> 
     </span>
    </p>

    <p class='ocr_par' dir='ltr' id='par_1_7' title="bbox 440 2257 3144 2543">
     <span class='ocr_line' id='line_1_18' title="bbox 440 2257 3141 2347; baseline 0 -25"><span class='ocrx_word' id='word_1_183' title='bbox 440 2274 495 2314; x_wconf 70' lang='lat'>³0</span> <span class='ocrx_word' id='word_1_184' title='bbox 546 2259 888 2324; x_wconf 84' lang='grc' dir='ltr'>πλεονάζει</span> <span class='ocrx_word' id='word_1_185' title='bbox 940 2259 1017 2323; x_wconf 89' lang='grc' dir='ltr'>τὸ</span> <span class='ocrx_word' id='word_1_186' title='bbox 1073 2262 1107 2322; x_wconf 79' lang='grc' dir='ltr'>ἒ</span> <span class='ocrx_word' id='word_1_187' title='bbox 1163 2259 1234 2347; x_wconf 82' lang='grc' dir='ltr'>ἐν</span> <span class='ocrx_word' id='word_1_188' title='bbox 1291 2266 1383 2343; x_wconf 81' lang='grc' dir='ltr'>τῷ</span> <span class='ocrx_word' id='word_1_189' title='bbox 1440 2259 1719 2334; x_wconf 79' lang='grc' dir='ltr'>ἐκεῖνος,</span> <span class='ocrx_word' id='word_1_190' title='bbox 1778 2258 2164 2323; x_wconf 86' lang='grc' dir='ltr'>τούναντίον</span> <span class='ocrx_word' id='word_1_191' title='bbox 2221 2259 2292 2322; x_wconf 81' lang='grc' dir='ltr'>δὲ</span> <span class='ocrx_word' id='word_1_192' title='bbox 2338 2257 2539 2321; x_wconf 85' lang='grc' dir='ltr'>λείπει</span> <span class='ocrx_word' id='word_1_193' title='bbox 2597 2259 2635 2337; x_wconf 86' lang='grc' dir='ltr'>ἡ</span> <span class='ocrx_word' id='word_1_194' title='bbox 2682 2261 2892 2323; x_wconf 90' lang='grc' dir='ltr'>κεῖνος</span> <span class='ocrx_word' id='word_1_195' title='bbox 2947 2259 3141 2336; x_wconf 90' lang='grc' dir='ltr'>φωνὴ</span> 
     </span>
     <span class='ocr_line' id='line_1_19' title="bbox 548 2359 3141 2443; baseline -0.001 -19"><span class='ocrx_word' id='word_1_196' title='bbox 548 2365 639 2443; x_wconf 85' lang='grc' dir='ltr'>τῷ</span> <span class='ocrx_word' id='word_1_197' title='bbox 684 2363 736 2424; x_wconf 79' lang='grc' dir='ltr'>ἒ.</span> <span class='ocrx_word' id='word_1_198' title='bbox 811 2359 968 2424; x_wconf 88' lang='grc' dir='ltr'>ἔνθα</span> <span class='ocrx_word' id='word_1_199' title='bbox 1011 2361 1111 2425; x_wconf 86' lang='grc' dir='ltr'>καὶ</span> <span class='ocrx_word' id='word_1_200' title='bbox 1155 2362 1300 2439; x_wconf 83' lang='grc' dir='ltr'>περὶ</span> <span class='ocrx_word' id='word_1_201' title='bbox 1354 2366 1469 2425; x_wconf 84' lang='grc' dir='ltr'>τοῦ</span> <span class='ocrx_word' id='word_1_202' title='bbox 1525 2361 1891 2439; x_wconf 86' lang='grc' dir='ltr'>πνεύματος</span> <span class='ocrx_word' id='word_1_203' title='bbox 1944 2360 2387 2435; x_wconf 78' lang='grc' dir='ltr'>ἐντελέςτερον</span> <span class='ocrx_word' id='word_1_204' title='bbox 2445 2360 2780 2424; x_wconf 89' lang='grc' dir='ltr'>δείκνυται.</span> <span class='ocrx_word' id='word_1_205' title='bbox 2855 2360 3012 2422; x_wconf 84' lang='grc' dir='ltr'>κατὰ</span> <span class='ocrx_word' id='word_1_206' title='bbox 3063 2359 3141 2436; x_wconf 86' lang='grc' dir='ltr'>δὴ</span> 
     </span>
     <span class='ocr_line' id='line_1_20' title="bbox 550 2461 3144 2543; baseline -0 -18"><span class='ocrx_word' id='word_1_207' title='bbox 550 2465 789 2526; x_wconf 86' lang='grc' dir='ltr'>τοῦτον</span> <span class='ocrx_word' id='word_1_208' title='bbox 847 2463 963 2527; x_wconf 86' lang='grc' dir='ltr'>τὸν</span> <span class='ocrx_word' id='word_1_209' title='bbox 1023 2461 1224 2538; x_wconf 91' lang='grc' dir='ltr'>λόγον</span> <span class='ocrx_word' id='word_1_210' title='bbox 1268 2462 1466 2528; x_wconf 86' lang='grc' dir='ltr'>πάλιν</span> <span class='ocrx_word' id='word_1_211' title='bbox 1525 2463 1973 2540; x_wconf 84' lang='grc' dir='ltr'>ἐντελέςτερον</span> <span class='ocrx_word' id='word_1_212' title='bbox 2017 2463 2093 2525; x_wconf 90' lang='grc' dir='ltr'>τὸ</span> <span class='ocrx_word' id='word_1_213' title='bbox 2138 2461 2317 2539; x_wconf 85' lang='grc' dir='ltr'>ἐχθές</span> <span class='ocrx_word' id='word_1_214' title='bbox 2360 2465 2476 2524; x_wconf 84' lang='grc' dir='ltr'>τοῦ</span> <span class='ocrx_word' id='word_1_215' title='bbox 2534 2462 2698 2540; x_wconf 89' lang='grc' dir='ltr'>χθές.</span> <span class='ocrx_word' id='word_1_216' title='bbox 2774 2462 3025 2543; x_wconf 85' lang='grc' dir='ltr'>ςυνᾴδει</span> <span class='ocrx_word' id='word_1_217' title='bbox 3073 2463 3144 2525; x_wconf 79' lang='grc' dir='ltr'>δὲ</span> 
     </span>
    </p>

    <p class='ocr_par' dir='ltr' id='par_1_8' title="bbox 405 2562 3246 2950">
     <span class='ocr_line' id='line_1_21' title="bbox 405 2562 3246 2644; baseline -0.003 -15"><span class='ocrx_word' id='word_1_218' title='bbox 405 2580 514 2629; x_wconf 76' lang='lat'>558</span> <span class='ocrx_word' id='word_1_219' title='bbox 550 2563 651 2627; x_wconf 88' lang='grc' dir='ltr'>καὶ</span> <span class='ocrx_word' id='word_1_220' title='bbox 704 2563 744 2641; x_wconf 84' lang='grc' dir='ltr'>ἡ</span> <span class='ocrx_word' id='word_1_221' title='bbox 796 2568 914 2627; x_wconf 81' lang='grc' dir='ltr'>τοῦ</span> <span class='ocrx_word' id='word_1_222' title='bbox 973 2563 1208 2644; x_wconf 84' lang='grc' dir='ltr'>ἐτύμου</span> <span class='ocrx_word' id='word_1_223' title='bbox 1264 2565 1604 2644; x_wconf 87' lang='grc' dir='ltr'>προφορά,</span> <span class='ocrx_word' id='word_1_224' title='bbox 1663 2562 1795 2639; x_wconf 85' lang='grc' dir='ltr'>εἴγε</span> <span class='ocrx_word' id='word_1_225' title='bbox 1840 2564 2016 2641; x_wconf 89' lang='grc' dir='ltr'>παρὰ</span> <span class='ocrx_word' id='word_1_226' title='bbox 2059 2565 2134 2627; x_wconf 86' lang='grc' dir='ltr'>τὸ</span> <span class='ocrx_word' id='word_1_227' title='bbox 2180 2562 2361 2626; x_wconf 86' lang='grc' dir='ltr'>ἐκτὸς</span> <span class='ocrx_word' id='word_1_228' title='bbox 2412 2566 2530 2626; x_wconf 83' lang='grc' dir='ltr'>τοῦ</span> <span class='ocrx_word' id='word_1_229' title='bbox 2587 2562 2830 2640; x_wconf 89' lang='grc' dir='ltr'>χρόνου</span> <span class='ocrx_word' id='word_1_230' title='bbox 2886 2582 3144 2626; x_wconf 90' lang='grc' dir='ltr'>πεπτω-</span> <span class='ocrx_word' id='word_1_231' title='bbox 3180 2576 3246 2622; x_wconf 75' lang='lat'>20</span> 
     </span>
     <span class='ocr_line' id='line_1_22' title="bbox 549 2663 3145 2745; baseline -0.001 -16"><span class='ocrx_word' id='word_1_232' title='bbox 549 2665 726 2730; x_wconf 86' lang='grc' dir='ltr'>κέναι</span> <span class='ocrx_word' id='word_1_233' title='bbox 768 2666 843 2728; x_wconf 89' lang='grc' dir='ltr'>τὸ</span> <span class='ocrx_word' id='word_1_234' title='bbox 890 2665 1250 2745; x_wconf 87' lang='grc' dir='ltr'>κατάςτημα</span> <span class='ocrx_word' id='word_1_235' title='bbox 1295 2666 1745 2745; x_wconf 88' lang='grc' dir='ltr'>ἐςχημὰτιςται,</span> <span class='ocrx_word' id='word_1_236' title='bbox 1791 2668 1926 2729; x_wconf 86' lang='grc' dir='ltr'>τῶν</span> <span class='ocrx_word' id='word_1_237' title='bbox 1974 2668 2188 2743; x_wconf 84' lang='grc' dir='ltr'>ψιλῶν</span> <span class='ocrx_word' id='word_1_238' title='bbox 2236 2663 2654 2743; x_wconf 86' lang='grc' dir='ltr'>ἀντιςτοίχων</span> <span class='ocrx_word' id='word_1_239' title='bbox 2697 2663 2784 2727; x_wconf 84' lang='grc' dir='ltr'>εἰς</span> <span class='ocrx_word' id='word_1_240' title='bbox 2826 2665 2907 2728; x_wconf 88' lang='grc' dir='ltr'>τὰ</span> <span class='ocrx_word' id='word_1_241' title='bbox 2951 2663 3145 2728; x_wconf 87' lang='grc' dir='ltr'>δαςέα</span> 
     </span>
     <span class='ocr_line' id='line_1_23' title="bbox 549 2765 3144 2846; baseline 0 -15"><span class='ocrx_word' id='word_1_242' title='bbox 549 2768 1074 2845; x_wconf 89' lang='grc' dir='ltr'>μεταπεςόντων,</span> <span class='ocrx_word' id='word_1_243' title='bbox 1117 2768 1330 2834; x_wconf 86' lang='grc' dir='ltr'>καθὼς</span> <span class='ocrx_word' id='word_1_244' title='bbox 1374 2767 1540 2833; x_wconf 82' lang='grc' dir='ltr'>ἔςτιν</span> <span class='ocrx_word' id='word_1_245' title='bbox 1585 2769 1915 2846; x_wconf 80' lang='grc' dir='ltr'>ἐπινοῆςαι</span> <span class='ocrx_word' id='word_1_246' title='bbox 1960 2768 2062 2831; x_wconf 87' lang='grc' dir='ltr'>καὶ</span> <span class='ocrx_word' id='word_1_247' title='bbox 2106 2767 2212 2831; x_wconf 81' lang='grc' dir='ltr'>ἐπὶ</span> <span class='ocrx_word' id='word_1_248' title='bbox 2255 2771 2370 2830; x_wconf 86' lang='grc' dir='ltr'>τοῦ</span> <span class='ocrx_word' id='word_1_249' title='bbox 2418 2765 2638 2846; x_wconf 86' lang='grc' dir='ltr'>ἔχθος·</span> <span class='ocrx_word' id='word_1_250' title='bbox 2693 2768 2769 2830; x_wconf 89' lang='grc' dir='ltr'>τὸ</span> <span class='ocrx_word' id='word_1_251' title='bbox 2814 2767 2938 2843; x_wconf 89' lang='grc' dir='ltr'>γὰρ</span> <span class='ocrx_word' id='word_1_252' title='bbox 2983 2767 3144 2831; x_wconf 87' lang='grc' dir='ltr'>ἀπό-</span> 
     </span>
     <span class='ocr_line' id='line_1_24' title="bbox 553 2869 1752 2950; baseline 0.001 -17"><span class='ocrx_word' id='word_1_253' title='bbox 553 2871 786 2950; x_wconf 88' lang='grc' dir='ltr'>βλητον</span> <span class='ocrx_word' id='word_1_254' title='bbox 833 2871 935 2933; x_wconf 85' lang='grc' dir='ltr'>καὶ</span> <span class='ocrx_word' id='word_1_255' title='bbox 977 2869 1158 2933; x_wconf 80' lang='grc' dir='ltr'>ἐκτὸς</span> <span class='ocrx_word' id='word_1_256' title='bbox 1203 2870 1382 2948; x_wconf 84' lang='grc' dir='ltr'>ἡμῶν</span> <span class='ocrx_word' id='word_1_257' title='bbox 1427 2874 1752 2936; x_wconf 85' lang='grc' dir='ltr'>τοιοῦτον.</span> 
     </span>
    </p>

    <p class='ocr_par' dir='ltr' id='par_1_9' title="bbox 471 2970 3247 3151">
     <span class='ocr_line' id='line_1_25' title="bbox 471 2970 3144 3052; baseline -0.001 -17"><span class='ocrx_word' id='word_1_258' title='bbox 471 2995 499 3035; x_wconf 78' lang='lat'><strong>5</strong></span> <span class='ocrx_word' id='word_1_259' title='bbox 719 2971 1076 3051; x_wconf 83' lang='grc' dir='ltr'>Ἐχομένως</span> <span class='ocrx_word' id='word_1_260' title='bbox 1123 2971 1426 3037; x_wconf 87' lang='grc' dir='ltr'>ςκεπτέον</span> <span class='ocrx_word' id='word_1_261' title='bbox 1472 2974 1618 3050; x_wconf 87' lang='grc' dir='ltr'>περὶ</span> <span class='ocrx_word' id='word_1_262' title='bbox 1660 2977 1779 3036; x_wconf 83' lang='grc' dir='ltr'>τοῦ</span> <span class='ocrx_word' id='word_1_263' title='bbox 1823 2970 1996 3037; x_wconf 86' lang='grc' dir='ltr'>εὖτε</span> <span class='ocrx_word' id='word_1_264' title='bbox 2040 2972 2140 3035; x_wconf 86' lang='grc' dir='ltr'>καὶ</span> <span class='ocrx_word' id='word_1_265' title='bbox 2184 2970 2402 3052; x_wconf 85' lang='grc' dir='ltr'>ηὖτε,</span> <span class='ocrx_word' id='word_1_266' title='bbox 2448 2971 2658 3034; x_wconf 84' lang='grc' dir='ltr'>καθώς</span> <span class='ocrx_word' id='word_1_267' title='bbox 2703 2989 2871 3034; x_wconf 88' lang='grc' dir='ltr'>τινες</span> <span class='ocrx_word' id='word_1_268' title='bbox 2903 2970 3144 3048; x_wconf 84' lang='grc' dir='ltr'>ἐπεχεί-</span> 
     </span>
     <span class='ocr_line' id='line_1_26' title="bbox 555 3067 3247 3151; baseline -0.001 -14"><span class='ocrx_word' id='word_1_269' title='bbox 555 3091 750 3151; x_wconf 91' lang='grc' dir='ltr'>ρηςαν</span> <span class='ocrx_word' id='word_1_270' title='bbox 794 3073 871 3137; x_wconf 89' lang='grc' dir='ltr'>τὸ</span> <span class='ocrx_word' id='word_1_271' title='bbox 2107 3067 2118 3076; x_wconf 87' lang='grc'><strong><em>’</em></strong></span> <span class='ocrx_word' id='word_1_272' title='bbox 3181 3087 3247 3133; x_wconf 68' lang='lat'>25</span> 
     </span>
    </p>
   </div>
   <div class='ocr_carea' id='block_1_3' title="bbox 553 3222 3148 3801">
    <p class='ocr_par' dir='ltr' id='par_1_10' title="bbox 553 3222 3148 3801">
     <span class='ocr_line' id='line_1_27' title="bbox 687 3222 3145 3295; baseline 0 -20"><span class='ocrx_word' id='word_1_273' title='bbox 687 3224 901 3276; x_wconf 64' lang='lat' dir='ltr'>Aaou.</span> <span class='ocrx_word' id='word_1_274' title='bbox 966 3229 995 3277; x_wconf 81' lang='grc'>’1</span> <span class='ocrx_word' id='word_1_275' title='bbox 1031 3223 1293 3279; x_wconf 74' lang='lat' dir='ltr'>Praestat</span> <span class='ocrx_word' id='word_1_276' title='bbox 1326 3225 1501 3295; x_wconf 75' lang='lat' dir='ltr'><strong>igitur</strong></span> <span class='ocrx_word' id='word_1_277' title='bbox 1536 3225 1610 3279; x_wconf 80' lang='lat' dir='ltr'>ad</span> <span class='ocrx_word' id='word_1_278' title='bbox 1633 3224 1953 3294; x_wconf 80' lang='lat' dir='ltr'>Tryphonis</span> <span class='ocrx_word' id='word_1_279' title='bbox 1988 3224 2326 3290; x_wconf 72' lang='lat' dir='ltr'><strong>sententiam</strong></span> <span class='ocrx_word' id='word_1_280' title='bbox 2363 3222 2805 3277; x_wconf 77' lang='lat' dir='ltr'>confirmandam</span> <span class='ocrx_word' id='word_1_281' title='bbox 2841 3223 2945 3276; x_wconf 83' lang='lat' dir='ltr'>hoc</span> <span class='ocrx_word' id='word_1_282' title='bbox 2982 3239 3145 3292; x_wconf 79' lang='lat' dir='ltr'><strong>argu-</strong></span> 
     </span>
     <span class='ocr_line' id='line_1_28' title="bbox 553 3307 3148 3380; baseline -0.001 -19"><span class='ocrx_word' id='word_1_283' title='bbox 553 3310 742 3361; x_wconf 73' lang='lat' dir='ltr'><strong>mento</strong></span> <span class='ocrx_word' id='word_1_284' title='bbox 769 3307 879 3362; x_wconf 73' lang='lat' dir='ltr'><strong>uti:</strong></span> <span class='ocrx_word' id='word_1_285' title='bbox 916 3309 951 3363; x_wconf 75' lang='grc' dir='ltr'>ἒ</span> <span class='ocrx_word' id='word_1_286' title='bbox 986 3309 1304 3363; x_wconf 77' lang='lat' dir='ltr'><strong>redundans</strong></span> <span class='ocrx_word' id='word_1_287' title='bbox 1330 3310 1663 3380; x_wconf 72' lang='lat' dir='ltr'><strong>praefigitur</strong></span> <span class='ocrx_word' id='word_1_288' title='bbox 1689 3309 1892 3374; x_wconf 78' lang='lat' dir='ltr'>vocali3</span> <span class='ocrx_word' id='word_1_289' title='bbox 1930 3309 2029 3362; x_wconf 90' lang='lat' dir='ltr'>ubi</span> <span class='ocrx_word' id='word_1_290' title='bbox 2064 3309 2385 3377; x_wconf 79' lang='lat' dir='ltr'><strong>aphaeresis</strong></span> <span class='ocrx_word' id='word_1_291' title='bbox 2419 3309 2572 3362; x_wconf 73' lang='lat' dir='ltr'><strong>facta</strong></span> <span class='ocrx_word' id='word_1_292' title='bbox 2607 3310 2716 3374; x_wconf 77' lang='lat' dir='ltr'><strong>est,</strong></span> <span class='ocrx_word' id='word_1_293' title='bbox 2756 3323 2863 3361; x_wconf 86' lang='lat' dir='ltr'>vox</span> <span class='ocrx_word' id='word_1_294' title='bbox 2889 3307 3148 3376; x_wconf 74' lang='lat' dir='ltr'>superest</span> 
     </span>
     <span class='ocr_line' id='line_1_29' title="bbox 554 3392 3145 3465; baseline 0 -19"><span class='ocrx_word' id='word_1_295' title='bbox 554 3408 592 3445; x_wconf 74' lang='lat' dir='ltr'><strong>a</strong></span> <span class='ocrx_word' id='word_1_296' title='bbox 625 3407 866 3446; x_wconf 76' lang='lat' dir='ltr'><strong>consona</strong></span> <span class='ocrx_word' id='word_1_297' title='bbox 898 3392 1188 3462; x_wconf 78' lang='lat' dir='ltr'><strong>incipiens,</strong></span> <span class='ocrx_word' id='word_1_298' title='bbox 1248 3392 1555 3449; x_wconf 75' lang='lat' dir='ltr'>Posteriori</span> <span class='ocrx_word' id='word_1_299' title='bbox 1591 3394 1787 3465; x_wconf 82' lang='lat' dir='ltr'>generi</span> <span class='ocrx_word' id='word_1_300' title='bbox 1822 3393 2186 3448; x_wconf 75' lang='lat' dir='ltr'>tribuendum</span> <span class='ocrx_word' id='word_1_301' title='bbox 2224 3395 2309 3447; x_wconf 77' lang='lat' dir='ltr'>est</span> <span class='ocrx_word' id='word_1_302' title='bbox 2343 3395 2498 3461; x_wconf 84' lang='grc' dir='ltr'>χθές;</span> <span class='ocrx_word' id='word_1_303' title='bbox 2535 3393 2596 3447; x_wconf 90' lang='lat' dir='ltr'>id</span> <span class='ocrx_word' id='word_1_304' title='bbox 2619 3393 2791 3462; x_wconf 79' lang='lat' dir='ltr'><strong>igitur</strong></span> <span class='ocrx_word' id='word_1_305' title='bbox 2813 3407 2915 3461; x_wconf 84' lang='lat' dir='ltr'>per</span> <span class='ocrx_word' id='word_1_306' title='bbox 2941 3392 3145 3459; x_wconf 81' lang='lat' dir='ltr'>aphae-</span> 
     </span>
     <span class='ocr_line' id='line_1_30' title="bbox 554 3476 3144 3548; baseline -0.001 -19"><span class='ocrx_word' id='word_1_307' title='bbox 554 3477 700 3531; x_wconf 81' lang='lat' dir='ltr'>resin</span> <span class='ocrx_word' id='word_1_308' title='bbox 737 3493 806 3531; x_wconf 83' lang='lat' dir='ltr'>ex</span> <span class='ocrx_word' id='word_1_309' title='bbox 842 3477 1094 3546; x_wconf 83' lang='lat' dir='ltr'>pleniore</span> <span class='ocrx_word' id='word_1_310' title='bbox 1132 3479 1289 3545; x_wconf 85' lang='grc' dir='ltr'>ἐχθές</span> <span class='ocrx_word' id='word_1_311' title='bbox 1326 3478 1506 3534; x_wconf 83' lang='lat' dir='ltr'><strong>forma</strong></span> <span class='ocrx_word' id='word_1_312' title='bbox 1540 3479 1767 3536; x_wconf 65' lang='lat' dir='ltr'><strong>factum.</strong></span> <span class='ocrx_word' id='word_1_313' title='bbox 1841 3478 2094 3544; x_wconf 84' lang='lat' dir='ltr'>Quocum</span> <span class='ocrx_word' id='word_1_314' title='bbox 2133 3480 2399 3532; x_wconf 77' lang='lat' dir='ltr'>convenit</span> <span class='ocrx_word' id='word_1_315' title='bbox 2434 3479 2553 3532; x_wconf 81' lang='lat' dir='ltr'>eius</span> <span class='ocrx_word' id='word_1_316' title='bbox 2591 3476 2919 3548; x_wconf 79' lang='lat' dir='ltr'><strong>originatio;</strong></span> <span class='ocrx_word' id='word_1_317' title='bbox 2954 3477 3144 3530; x_wconf 87' lang='lat' dir='ltr'>oriun-</span> 
     </span>
     <span class='ocr_line' id='line_1_31' title="bbox 555 3560 3146 3631; baseline -0.001 -17"><span class='ocrx_word' id='word_1_318' title='bbox 555 3561 688 3615; x_wconf 85' lang='lat' dir='ltr'>dum</span> <span class='ocrx_word' id='word_1_319' title='bbox 725 3562 874 3615; x_wconf 81' lang='lat' dir='ltr'><strong>enim</strong></span> <span class='ocrx_word' id='word_1_320' title='bbox 912 3562 998 3615; x_wconf 74' lang='lat' dir='ltr'>est</span> <span class='ocrx_word' id='word_1_321' title='bbox 1032 3562 1104 3616; x_wconf 81' lang='lat' dir='ltr'>ab</span> <span class='ocrx_word' id='word_1_322' title='bbox 1142 3563 1323 3617; x_wconf 77' lang='grc' dir='ltr'>ἐκτός.</span> <span class='ocrx_word' id='word_1_323' title='bbox 1361 3594 1425 3603; x_wconf 94' lang='grc'><strong>-</strong></span> <span class='ocrx_word' id='word_1_324' title='bbox 1463 3570 1530 3618; x_wconf 78' lang='lat'>24</span> <span class='ocrx_word' id='word_1_325' title='bbox 1562 3564 1699 3618; x_wconf 84' lang='grc' dir='ltr'>Εὖτε</span> <span class='ocrx_word' id='word_1_326' title='bbox 1736 3580 1908 3617; x_wconf 88' lang='lat' dir='ltr'><strong>unum</strong></span> <span class='ocrx_word' id='word_1_327' title='bbox 1947 3565 2034 3616; x_wconf 76' lang='lat' dir='ltr'>est</span> <span class='ocrx_word' id='word_1_328' title='bbox 2068 3562 2306 3631; x_wconf 74' lang='lat' dir='ltr'>simplex</span> <span class='ocrx_word' id='word_1_329' title='bbox 2355 3561 2690 3616; x_wconf 78' lang='lat' dir='ltr'>vocabulum</span> <span class='ocrx_word' id='word_1_330' title='bbox 2736 3562 2807 3614; x_wconf 81' lang='lat' dir='ltr'>ab</span> <span class='ocrx_word' id='word_1_331' title='bbox 2855 3563 2951 3615; x_wconf 84' lang='grc' dir='ltr'>ὅτε</span> <span class='ocrx_word' id='word_1_332' title='bbox 3000 3560 3146 3613; x_wconf 84' lang='lat' dir='ltr'>deri-</span> 
     </span>
     <span class='ocr_line' id='line_1_32' title="bbox 555 3644 3145 3717; baseline -0.001 -17"><span class='ocrx_word' id='word_1_333' title='bbox 555 3647 776 3709; x_wconf 74' lang='lat' dir='ltr'>vatum:</span> <span class='ocrx_word' id='word_1_334' title='bbox 822 3648 961 3715; x_wconf 84' lang='grc' dir='ltr'>ηὖτε</span> <span class='ocrx_word' id='word_1_335' title='bbox 1006 3648 1191 3699; x_wconf 77' lang='lat' dir='ltr'><strong>autem</strong></span> <span class='ocrx_word' id='word_1_336' title='bbox 1226 3664 1330 3716; x_wconf 85' lang='lat' dir='ltr'>per</span> <span class='ocrx_word' id='word_1_337' title='bbox 1365 3648 1691 3717; x_wconf 74' lang='lat' dir='ltr'><strong>pax-athesin</strong></span> <span class='ocrx_word' id='word_1_338' title='bbox 1727 3647 1939 3701; x_wconf 65' lang='lat' dir='ltr'><strong>facssum</strong></span> <span class='ocrx_word' id='word_1_339' title='bbox 1978 3648 2064 3700; x_wconf 73' lang='lat' dir='ltr'>eet</span> <span class='ocrx_word' id='word_1_340' title='bbox 2099 3663 2166 3700; x_wconf 83' lang='lat' dir='ltr'>ex</span> <span class='ocrx_word' id='word_1_341' title='bbox 2203 3649 2238 3700; x_wconf 77' lang='grc' dir='ltr'>ἅ</span> <span class='ocrx_word' id='word_1_342' title='bbox 2274 3650 2360 3714; x_wconf 85' lang='lat'>(==</span> <span class='ocrx_word' id='word_1_343' title='bbox 2398 3649 2500 3714; x_wconf 82' lang='grc' dir='ltr'>ὡς)</span> <span class='ocrx_word' id='word_1_344' title='bbox 2538 3649 2598 3700; x_wconf 82' lang='lat' dir='ltr'>et</span> <span class='ocrx_word' id='word_1_345' title='bbox 2631 3663 2693 3700; x_wconf 85' lang='grc' dir='ltr'>τε</span> <span class='ocrx_word' id='word_1_346' title='bbox 2733 3644 3145 3711; x_wconf 75' lang='lat' dir='ltr'><strong>coniunctione,</strong></span> 
     </span>
     <span class='ocr_line' id='line_1_33' title="bbox 553 3730 1976 3801; baseline 0.003 -15"><span class='ocrx_word' id='word_1_347' title='bbox 553 3730 659 3786; x_wconf 77' lang='lat' dir='ltr'>hac</span> <span class='ocrx_word' id='word_1_348' title='bbox 693 3731 751 3784; x_wconf 88' lang='lat' dir='ltr'>in</span> <span class='ocrx_word' id='word_1_349' title='bbox 788 3746 847 3784; x_wconf 82' lang='lat' dir='ltr'>re</span> <span class='ocrx_word' id='word_1_350' title='bbox 883 3731 1228 3800; x_wconf 77' lang='lat' dir='ltr'>completiva</span> <span class='ocrx_word' id='word_1_351' title='bbox 1263 3732 1343 3800; x_wconf 86' lang='lat' dir='ltr'>(in</span> <span class='ocrx_word' id='word_1_352' title='bbox 1380 3734 1582 3788; x_wconf 78' lang='lat' dir='ltr'>ceteris</span> <span class='ocrx_word' id='word_1_353' title='bbox 1617 3732 1976 3801; x_wconf 71' lang='lat' dir='ltr'>copulativa).</span> 
     </span>
    </p>
   </div>
   <div class='ocr_carea' id='block_1_4' title="bbox 554 3831 3145 4006">
    <p class='ocr_par' dir='ltr' id='par_1_11' title="bbox 554 3831 3145 4006">
     <span class='ocr_line' id='line_1_34' title="bbox 688 3831 3145 3936; baseline -0 -17"><span class='ocrx_word' id='word_1_354' title='bbox 688 3831 918 3922; x_wconf 56' lang='lat' dir='ltr'>TEa-m.</span> <span class='ocrx_word' id='word_1_355' title='bbox 999 3873 1061 3921; x_wconf 85' lang='lat'>15</span> <span class='ocrx_word' id='word_1_356' title='bbox 1105 3867 1176 3921; x_wconf 75' lang='lat' dir='ltr'>of.</span> <span class='ocrx_word' id='word_1_357' title='bbox 1214 3868 1301 3922; x_wconf 71' lang='lat' dir='ltr'>Et..</span> <span class='ocrx_word' id='word_1_358' title='bbox 1339 3867 1414 3924; x_wconf 85' lang='lat' dir='ltr'>M.</span> <span class='ocrx_word' id='word_1_359' title='bbox 1452 3874 1576 3935; x_wconf 79' lang='lat'><strong>605,</strong></span> <span class='ocrx_word' id='word_1_360' title='bbox 1613 3877 1694 3924; x_wconf 82' lang='lat'>50.</span> <span class='ocrx_word' id='word_1_361' title='bbox 1740 3899 1805 3907; x_wconf 91' lang='grc'>-</span> <span class='ocrx_word' id='word_1_362' title='bbox 1851 3875 1917 3922; x_wconf 79' lang='lat'>20</span> <span class='ocrx_word' id='word_1_363' title='bbox 1959 3868 2096 3922; x_wconf 80' lang='lat' dir='ltr'><strong>ibid.</strong></span> <span class='ocrx_word' id='word_1_364' title='bbox 2133 3874 2262 3933; x_wconf 81' lang='lat'><strong>405,</strong></span> <span class='ocrx_word' id='word_1_365' title='bbox 2297 3873 2387 3933; x_wconf 81' lang='lat'>24,</span> <span class='ocrx_word' id='word_1_366' title='bbox 2435 3883 2604 3936; x_wconf 77' lang='lat' dir='ltr'><strong>quem</strong></span> <span class='ocrx_word' id='word_1_367' title='bbox 2648 3867 2834 3920; x_wconf 80' lang='lat' dir='ltr'><strong>locum</strong></span> <span class='ocrx_word' id='word_1_368' title='bbox 2872 3879 2940 3920; x_wconf 76' lang='lat' dir='ltr'>ex</span> <span class='ocrx_word' id='word_1_369' title='bbox 2977 3865 3145 3934; x_wconf 87' lang='lat' dir='ltr'>Apol-</span> 
     </span>
     <span class='ocr_line' id='line_1_35' title="bbox 554 3950 1265 4006; baseline 0.004 -3"><span class='ocrx_word' id='word_1_370' title='bbox 554 3951 707 4004; x_wconf 87' lang='lat' dir='ltr'><strong>lonio</strong></span> <span class='ocrx_word' id='word_1_371' title='bbox 743 3951 991 4005; x_wconf 77' lang='lat' dir='ltr'><strong>restituit</strong></span> <span class='ocrx_word' id='word_1_372' title='bbox 1023 3950 1265 4006; x_wconf 77' lang='lat' dir='ltr'><strong>ALentz.</strong></span> 
     </span>
    </p>
   </div>
   <div class='ocr_carea' id='block_1_5' title="bbox 632 4041 803 4047">
    <p class='ocr_par' dir='ltr' id='par_1_12' title="bbox 632 4041 803 4047">
     <span class='ocr_line' id='line_1_36' title="bbox 632 4041 803 4047; baseline 0 0"><span class='ocrx_word' id='word_1_373' title='bbox 632 4041 803 4047; x_wconf 95' lang='lat' dir='ltr'> </span> 
     </span>
    </p>
   </div>
   <div class='ocr_carea' id='block_1_6' title="bbox 553 4068 3152 5060">
    <p class='ocr_par' dir='ltr' id='par_1_13' title="bbox 553 4068 3152 4990">
     <span class='ocr_line' id='line_1_37' title="bbox 688 4068 3146 4140; baseline -0 -17"><span class='ocrx_word' id='word_1_374' title='bbox 688 4068 879 4129; x_wconf 73' lang='lat' dir='ltr'>Dnscn,</span> <span class='ocrx_word' id='word_1_375' title='bbox 917 4090 1112 4124; x_wconf 69' lang='lat' dir='ltr'><strong>scum.</strong></span> <span class='ocrx_word' id='word_1_376' title='bbox 1192 4078 1235 4125; x_wconf 84' lang='lat' dir='ltr'>l.</span> <span class='ocrx_word' id='word_1_377' title='bbox 1275 4072 1446 4127; x_wconf 79' lang='grc' dir='ltr'>οὗτός</span> <span class='ocrx_word' id='word_1_378' title='bbox 1481 4089 1545 4138; x_wconf 87' lang='grc' dir='ltr'>γε</span> <span class='ocrx_word' id='word_1_379' title='bbox 1581 4072 1647 4140; x_wconf 84' lang='lat' dir='ltr'>b,</span> <span class='ocrx_word' id='word_1_380' title='bbox 1693 4088 1863 4127; x_wconf 89' lang='grc' dir='ltr'>ουτος</span> <span class='ocrx_word' id='word_1_381' title='bbox 1899 4089 1962 4126; x_wconf 90' lang='grc' dir='ltr'>τε</span> <span class='ocrx_word' id='word_1_382' title='bbox 2002 4075 2044 4127; x_wconf 97' lang='grc' dir='ltr'>Α</span> <span class='ocrx_word' id='word_1_383' title='bbox 2087 4073 2097 4139; x_wconf 95' lang='grc' dir='ltr'>Ι</span> <span class='ocrx_word' id='word_1_384' title='bbox 2137 4079 2185 4125; x_wconf 87' lang='grc'>3.</span> <span class='ocrx_word' id='word_1_385' title='bbox 2221 4077 2305 4139; x_wconf 82' lang='grc' dir='ltr'>τῷ</span> <span class='ocrx_word' id='word_1_386' title='bbox 2346 4072 2425 4125; x_wconf 76' lang='grc' dir='ltr'>εἷς</span> <span class='ocrx_word' id='word_1_387' title='bbox 2461 4074 2532 4125; x_wconf 85' lang='grc' dir='ltr'>τὸ</span> <span class='ocrx_word' id='word_1_388' title='bbox 2570 4069 3041 4134; x_wconf 78' lang='lat' dir='ltr'><strong>GFSchoemann,</strong></span> <span class='ocrx_word' id='word_1_389' title='bbox 3076 4072 3146 4123; x_wconf 89' lang='grc' dir='ltr'>τὸ</span> 
     </span>
     <span class='ocr_line' id='line_1_38' title="bbox 553 4154 3146 4226; baseline -0.001 -15"><span class='ocrx_word' id='word_1_390' title='bbox 553 4161 632 4211; x_wconf 71' lang='grc' dir='ltr'>εἷς</span> <span class='ocrx_word' id='word_1_391' title='bbox 669 4155 761 4209; x_wconf 73' lang='lat' dir='ltr'>Ab</span> <span class='ocrx_word' id='word_1_392' title='bbox 815 4157 826 4223; x_wconf 72' lang='grc' dir='ltr'>ί</span> <span class='ocrx_word' id='word_1_393' title='bbox 872 4162 919 4212; x_wconf 78' lang='lat'>⁴.</span> <span class='ocrx_word' id='word_1_394' title='bbox 961 4156 1086 4226; x_wconf 53' lang='grc' dir='ltr'>θείς]</span> <span class='ocrx_word' id='word_1_395' title='bbox 1126 4155 1470 4210; x_wconf 82' lang='lat' dir='ltr'>Deleverim&#39;</span> <span class='ocrx_word' id='word_1_396' title='bbox 1506 4156 1544 4209; x_wconf 91' lang='lat' dir='ltr'>b</span> <span class='ocrx_word' id='word_1_397' title='bbox 1581 4156 1639 4209; x_wconf 88' lang='lat' dir='ltr'>in</span> <span class='ocrx_word' id='word_1_398' title='bbox 1675 4173 1792 4211; x_wconf 76' lang='lat' dir='ltr'><strong>var.</strong></span> <span class='ocrx_word' id='word_1_399' title='bbox 1829 4157 1958 4214; x_wconf 70' lang='lat' dir='ltr'>lect.</span> <span class='ocrx_word' id='word_1_400' title='bbox 1999 4159 2008 4222; x_wconf 90' lang='grc' dir='ltr'>Ι</span> <span class='ocrx_word' id='word_1_401' title='bbox 2048 4162 2095 4213; x_wconf 88' lang='lat'>5.</span> <span class='ocrx_word' id='word_1_402' title='bbox 2133 4159 2201 4208; x_wconf 90' lang='grc' dir='ltr'>τὸ</span> <span class='ocrx_word' id='word_1_403' title='bbox 2238 4157 2294 4209; x_wconf 80' lang='grc' dir='ltr'>ἐς</span> <span class='ocrx_word' id='word_1_404' title='bbox 2331 4157 2529 4220; x_wconf 80' lang='grc' dir='ltr'>ὅμοιον</span> <span class='ocrx_word' id='word_1_405' title='bbox 2567 4154 3039 4220; x_wconf 81' lang='lat' dir='ltr'>GFSchoemann,</span> <span class='ocrx_word' id='word_1_406' title='bbox 3075 4157 3146 4209; x_wconf 91' lang='grc' dir='ltr'>τὸ</span> 
     </span>
     <span class='ocr_line' id='line_1_39' title="bbox 553 4239 3143 4310; baseline -0.001 -16"><span class='ocrx_word' id='word_1_407' title='bbox 553 4241 635 4296; x_wconf 69' lang='lat' dir='ltr'>alc</span> <span class='ocrx_word' id='word_1_408' title='bbox 670 4248 735 4297; x_wconf 75' lang='grc' dir='ltr'>ἓῖ</span> <span class='ocrx_word' id='word_1_409' title='bbox 772 4244 969 4309; x_wconf 84' lang='grc' dir='ltr'>ὅμοιον</span> <span class='ocrx_word' id='word_1_410' title='bbox 1006 4240 1098 4295; x_wconf 78' lang='grc' dir='ltr'>ΑΙ)</span> <span class='ocrx_word' id='word_1_411' title='bbox 1149 4245 1158 4310; x_wconf 79' lang='grc' dir='ltr'>Ι</span> <span class='ocrx_word' id='word_1_412' title='bbox 1214 4247 1261 4295; x_wconf 83' lang='grc'>7.</span> <span class='ocrx_word' id='word_1_413' title='bbox 1299 4259 1371 4294; x_wconf 82' lang='lat' dir='ltr'>an</span> <span class='ocrx_word' id='word_1_414' title='bbox 1410 4243 1590 4309; x_wconf 84' lang='grc' dir='ltr'>λήξεςι</span> <span class='ocrx_word' id='word_1_415' title='bbox 1626 4257 1728 4310; x_wconf 87' lang='lat' dir='ltr'>pro</span> <span class='ocrx_word' id='word_1_416' title='bbox 1766 4244 1942 4297; x_wconf 86' lang='grc' dir='ltr'>λέξεςι</span> <span class='ocrx_word' id='word_1_417' title='bbox 1977 4241 2334 4294; x_wconf 78' lang='lat' dir='ltr'>scribendum</span> <span class='ocrx_word' id='word_1_418' title='bbox 2371 4240 2447 4294; x_wconf 75' lang='lat' dir='ltr'>sit</span> <span class='ocrx_word' id='word_1_419' title='bbox 2481 4239 2707 4293; x_wconf 75' lang='lat' dir='ltr'>dubitat</span> <span class='ocrx_word' id='word_1_420' title='bbox 2739 4239 3098 4293; x_wconf 81' lang='lat' dir='ltr'>RSchneider</span> <span class='ocrx_word' id='word_1_421' title='bbox 3137 4241 3143 4308; x_wconf 88' lang='grc' dir='ltr'>Ι</span> 
     </span>
     <span class='ocr_line' id='line_1_40' title="bbox 554 4324 3149 4397; baseline -0 -16"><span class='ocrx_word' id='word_1_422' title='bbox 554 4327 975 4397; x_wconf 86' lang='grc' dir='ltr'>ςυνψκείωνται</span> <span class='ocrx_word' id='word_1_423' title='bbox 1034 4325 1416 4392; x_wconf 83' lang='lat' dir='ltr'>RSchneider,</span> <span class='ocrx_word' id='word_1_424' title='bbox 1479 4343 1898 4381; x_wconf 89' lang='grc' dir='ltr'>ςυνοικειωνται</span> <span class='ocrx_word' id='word_1_425' title='bbox 1953 4327 2024 4390; x_wconf 87' lang='grc' dir='ltr'>Α,</span> <span class='ocrx_word' id='word_1_426' title='bbox 2085 4330 2524 4380; x_wconf 85' lang='grc' dir='ltr'>ςυνοικειοῠνται</span> <span class='ocrx_word' id='word_1_427' title='bbox 2581 4324 2618 4377; x_wconf 95' lang='lat' dir='ltr'>b</span> <span class='ocrx_word' id='word_1_428' title='bbox 2678 4327 2687 4392; x_wconf 78' lang='grc' dir='ltr'>Ι</span> <span class='ocrx_word' id='word_1_429' title='bbox 2755 4331 2804 4379; x_wconf 89' lang='grc'>8.</span> <span class='ocrx_word' id='word_1_430' title='bbox 2863 4341 3149 4380; x_wconf 88' lang='grc' dir='ltr'>οικειωται</span> 
     </span>
     <span class='ocr_line' id='line_1_41' title="bbox 554 4409 3140 4479; baseline -0.003 -11"><span class='ocrx_word' id='word_1_431' title='bbox 554 4413 601 4468; x_wconf 91' lang='grc' dir='ltr'>Α</span> <span class='ocrx_word' id='word_1_432' title='bbox 652 4417 661 4477; x_wconf 96' lang='grc' dir='ltr'>Ι</span> <span class='ocrx_word' id='word_1_433' title='bbox 727 4414 938 4467; x_wconf 78' lang='grc' dir='ltr'>λέξεςιν</span> <span class='ocrx_word' id='word_1_434' title='bbox 982 4411 1093 4479; x_wconf 79' lang='grc' dir='ltr'>(οὐ</span> <span class='ocrx_word' id='word_1_435' title='bbox 1131 4413 1310 4478; x_wconf 87' lang='grc' dir='ltr'>μόνον</span> <span class='ocrx_word' id='word_1_436' title='bbox 1355 4417 1477 4465; x_wconf 78' lang='grc' dir='ltr'>ταῖς</span> <span class='ocrx_word' id='word_1_437' title='bbox 1523 4412 1640 4466; x_wconf 83' lang='grc' dir='ltr'>ἀπὸ</span> <span class='ocrx_word' id='word_1_438' title='bbox 1677 4415 2013 4478; x_wconf 86' lang='grc' dir='ltr'>ςυμφώνου,</span> <span class='ocrx_word' id='word_1_439' title='bbox 2061 4412 2205 4465; x_wconf 82' lang='grc' dir='ltr'>ἀλλὰ</span> <span class='ocrx_word' id='word_1_440' title='bbox 2241 4413 2373 4477; x_wconf 77' lang='grc' dir='ltr'>καὶ)</span> <span class='ocrx_word' id='word_1_441' title='bbox 2409 4410 2616 4463; x_wconf 72' lang='lat' dir='ltr'>conicit</span> <span class='ocrx_word' id='word_1_442' title='bbox 2650 4409 3094 4464; x_wconf 78' lang='lat' dir='ltr'>GFSchoemann</span> <span class='ocrx_word' id='word_1_443' title='bbox 3136 4415 3140 4478; x_wconf 70' lang='grc' dir='ltr'>ξ</span> 
     </span>
     <span class='ocr_line' id='line_1_42' title="bbox 554 4496 3149 4564; baseline -0.002 -14"><span class='ocrx_word' id='word_1_444' title='bbox 554 4501 605 4550; x_wconf 83' lang='grc'>9.</span> <span class='ocrx_word' id='word_1_445' title='bbox 642 4498 821 4551; x_wconf 79' lang='grc' dir='ltr'>ὥςτε</span> <span class='ocrx_word' id='word_1_446' title='bbox 858 4496 1243 4556; x_wconf 81' lang='lat' dir='ltr'><strong>RSchneider‚</strong></span> <span class='ocrx_word' id='word_1_447' title='bbox 1284 4500 1428 4551; x_wconf 80' lang='grc' dir='ltr'>ὥςτε</span> <span class='ocrx_word' id='word_1_448' title='bbox 1467 4496 1558 4551; x_wconf 74' lang='lat' dir='ltr'>Ab</span> <span class='ocrx_word' id='word_1_449' title='bbox 1606 4499 1615 4564; x_wconf 78' lang='grc' dir='ltr'>Ι</span> <span class='ocrx_word' id='word_1_450' title='bbox 1665 4502 1747 4550; x_wconf 88' lang='grc'>10.</span> <span class='ocrx_word' id='word_1_451' title='bbox 1784 4513 1857 4550; x_wconf 85' lang='grc' dir='ltr'>τα</span> <span class='ocrx_word' id='word_1_452' title='bbox 1895 4498 2056 4550; x_wconf 87' lang='grc' dir='ltr'>εεδνα</span> <span class='ocrx_word' id='word_1_453' title='bbox 2096 4497 2138 4549; x_wconf 90' lang='grc' dir='ltr'>Α</span> <span class='ocrx_word' id='word_1_454' title='bbox 2178 4498 2186 4562; x_wconf 86' lang='grc' dir='ltr'>Ι</span> <span class='ocrx_word' id='word_1_455' title='bbox 2226 4512 2294 4549; x_wconf 87' lang='grc' dir='ltr'>το</span> <span class='ocrx_word' id='word_1_456' title='bbox 2332 4511 2359 4548; x_wconf 89' lang='grc' dir='ltr'>ε</span> <span class='ocrx_word' id='word_1_457' title='bbox 2397 4496 2439 4548; x_wconf 90' lang='grc' dir='ltr'>Α</span> <span class='ocrx_word' id='word_1_458' title='bbox 2473 4499 2480 4562; x_wconf 86' lang='grc' dir='ltr'>Ι</span> <span class='ocrx_word' id='word_1_459' title='bbox 2513 4501 2594 4552; x_wconf 88' lang='grc'>11.</span> <span class='ocrx_word' id='word_1_460' title='bbox 2631 4512 2812 4550; x_wconf 85' lang='grc' dir='ltr'>εεειπε</span> <span class='ocrx_word' id='word_1_461' title='bbox 2853 4496 2895 4548; x_wconf 90' lang='grc' dir='ltr'>Α</span> <span class='ocrx_word' id='word_1_462' title='bbox 2936 4497 2947 4560; x_wconf 64' lang='grc' dir='ltr'>ί</span> <span class='ocrx_word' id='word_1_463' title='bbox 2984 4496 3149 4561; x_wconf 83' lang='grc' dir='ltr'>ἀρχό-</span> 
     </span>
     <span class='ocr_line' id='line_1_43' title="bbox 557 4579 3148 4662; baseline -0.001 -26"><span class='ocrx_word' id='word_1_464' title='bbox 557 4598 729 4647; x_wconf 87' lang='grc' dir='ltr'>μενον</span> <span class='ocrx_word' id='word_1_465' title='bbox 764 4584 880 4637; x_wconf 84' lang='grc' dir='ltr'>ἀπὸ</span> <span class='ocrx_word' id='word_1_466' title='bbox 917 4586 1020 4636; x_wconf 81' lang='grc' dir='ltr'>τοῦ</span> <span class='ocrx_word' id='word_1_467' title='bbox 1058 4583 1091 4635; x_wconf 76' lang='grc' dir='ltr'>ἓ</span> <span class='ocrx_word' id='word_1_468' title='bbox 1128 4582 1468 4646; x_wconf 87' lang='grc' dir='ltr'>φωνήεντος</span> <span class='ocrx_word' id='word_1_469' title='bbox 1495 4579 1806 4647; x_wconf 83' lang='lat' dir='ltr'><strong>GDronke‚</strong></span> <span class='ocrx_word' id='word_1_470' title='bbox 1840 4583 2067 4634; x_wconf 77' lang='lat' dir='ltr'>secutus</span> <span class='ocrx_word' id='word_1_471' title='bbox 2092 4579 2541 4646; x_wconf 78' lang='lat' dir='ltr'>RSkrzeozkam‚</span> <span class='ocrx_word' id='word_1_472' title='bbox 2580 4581 2676 4649; x_wconf 89' lang='lat' dir='ltr'>qui</span> <span class='ocrx_word' id='word_1_473' title='bbox 2702 4581 3022 4662; x_wconf 54' lang='lat' dir='ltr'><strong>coqieeerat</strong></span> <span class='ocrx_word' id='word_1_474' title='bbox 3054 4580 3148 4647; x_wconf 81' lang='grc' dir='ltr'>ἀρ-</span> 
     </span>
     <span class='ocr_line' id='line_1_44' title="bbox 557 4665 3149 4734; baseline -0 -15"><span class='ocrx_word' id='word_1_475' title='bbox 557 4665 801 4733; x_wconf 75' lang='grc' dir='ltr'>χόμενον</span> <span class='ocrx_word' id='word_1_476' title='bbox 838 4668 953 4721; x_wconf 84' lang='grc' dir='ltr'>ἀπὸ</span> <span class='ocrx_word' id='word_1_477' title='bbox 987 4671 1091 4720; x_wconf 83' lang='grc' dir='ltr'>τοῦ</span> <span class='ocrx_word' id='word_1_478' title='bbox 1130 4674 1176 4720; x_wconf 82' lang='grc' dir='ltr'>ἑι</span> <span class='ocrx_word' id='word_1_479' title='bbox 1202 4668 1566 4732; x_wconf 84' lang='grc' dir='ltr'>φωνήεντος,</span> <span class='ocrx_word' id='word_1_480' title='bbox 1602 4667 1917 4734; x_wconf 84' lang='grc' dir='ltr'>ἀρχομένου</span> <span class='ocrx_word' id='word_1_481' title='bbox 1942 4670 2047 4720; x_wconf 85' lang='grc' dir='ltr'>τοῦ</span> <span class='ocrx_word' id='word_1_482' title='bbox 2073 4673 2104 4720; x_wconf 76' lang='grc' dir='ltr'>ἒ</span> <span class='ocrx_word' id='word_1_483' title='bbox 2131 4666 2244 4719; x_wconf 81' lang='grc' dir='ltr'>ἀπο</span> <span class='ocrx_word' id='word_1_484' title='bbox 2269 4666 2606 4732; x_wconf 87' lang='grc' dir='ltr'>φωνήεντος</span> <span class='ocrx_word' id='word_1_485' title='bbox 2633 4665 2725 4718; x_wconf 79' lang='lat' dir='ltr'>Ab</span> <span class='ocrx_word' id='word_1_486' title='bbox 2757 4667 2766 4732; x_wconf 75' lang='lat' dir='ltr'>l</span> <span class='ocrx_word' id='word_1_487' title='bbox 2799 4670 2996 4717; x_wconf 72' lang='lat'>14-15</span> <span class='ocrx_word' id='word_1_488' title='bbox 3029 4682 3149 4731; x_wconf 75' lang='grc' dir='ltr'>ερυ-</span> 
     </span>
     <span class='ocr_line' id='line_1_45' title="bbox 556 4749 3148 4820; baseline -0.001 -16"><span class='ocrx_word' id='word_1_489' title='bbox 556 4767 720 4818; x_wconf 84' lang='grc' dir='ltr'>τυρες</span> <span class='ocrx_word' id='word_1_490' title='bbox 762 4753 805 4806; x_wconf 93' lang='grc' dir='ltr'>Α</span> <span class='ocrx_word' id='word_1_491' title='bbox 838 4755 846 4819; x_wconf 80' lang='grc' dir='ltr'>Ι</span> <span class='ocrx_word' id='word_1_492' title='bbox 880 4757 959 4805; x_wconf 85' lang='lat'>15.</span> <span class='ocrx_word' id='word_1_493' title='bbox 998 4754 1147 4818; x_wconf 82' lang='grc' dir='ltr'>ἔχειν</span> <span class='ocrx_word' id='word_1_494' title='bbox 1183 4753 1227 4806; x_wconf 87' lang='grc' dir='ltr'>Α</span> <span class='ocrx_word' id='word_1_495' title='bbox 1266 4751 1327 4803; x_wconf 79' lang='lat' dir='ltr'>et</span> <span class='ocrx_word' id='word_1_496' title='bbox 1359 4751 1395 4803; x_wconf 90' lang='lat' dir='ltr'>b</span> <span class='ocrx_word' id='word_1_497' title='bbox 1431 4751 1490 4804; x_wconf 88' lang='lat' dir='ltr'>in</span> <span class='ocrx_word' id='word_1_498' title='bbox 1525 4752 1685 4805; x_wconf 74' lang='lat' dir='ltr'><strong>textu</strong></span> <span class='ocrx_word' id='word_1_499' title='bbox 1708 4796 1720 4815; x_wconf 91' lang='lat'><strong>,</strong></span> <span class='ocrx_word' id='word_1_500' title='bbox 1760 4751 1858 4820; x_wconf 89' lang='lat' dir='ltr'>qui</span> <span class='ocrx_word' id='word_1_501' title='bbox 1894 4751 1950 4803; x_wconf 89' lang='lat' dir='ltr'>in</span> <span class='ocrx_word' id='word_1_502' title='bbox 1990 4767 2105 4804; x_wconf 79' lang='lat' dir='ltr'><strong>var.</strong></span> <span class='ocrx_word' id='word_1_503' title='bbox 2133 4750 2259 4804; x_wconf 72' lang='lat' dir='ltr'><strong>lect.</strong></span> <span class='ocrx_word' id='word_1_504' title='bbox 2288 4750 2438 4803; x_wconf 76' lang='lat' dir='ltr'><strong>male</strong></span> <span class='ocrx_word' id='word_1_505' title='bbox 2465 4749 2638 4803; x_wconf 75' lang='lat' dir='ltr'><strong>refert</strong></span> <span class='ocrx_word' id='word_1_506' title='bbox 2661 4749 2718 4802; x_wconf 87' lang='lat' dir='ltr'>in</span> <span class='ocrx_word' id='word_1_507' title='bbox 2745 4751 2788 4804; x_wconf 93' lang='grc' dir='ltr'>Α</span> <span class='ocrx_word' id='word_1_508' title='bbox 2816 4765 2935 4804; x_wconf 77' lang='lat' dir='ltr'>esse</span> <span class='ocrx_word' id='word_1_509' title='bbox 2964 4766 3112 4816; x_wconf 88' lang='grc' dir='ltr'>ςχειν</span> <span class='ocrx_word' id='word_1_510' title='bbox 3143 4795 3148 4819; x_wconf 77' lang='grc'>,</span> 
     </span>
     <span class='ocr_line' id='line_1_46' title="bbox 558 4834 3152 4904; baseline 0 -16"><span class='ocrx_word' id='word_1_511' title='bbox 558 4840 644 4890; x_wconf 76' lang='lat'>21.</span> <span class='ocrx_word' id='word_1_512' title='bbox 681 4852 1007 4904; x_wconf 82' lang='grc' dir='ltr'>καταςχημα</span> <span class='ocrx_word' id='word_1_513' title='bbox 1043 4837 1085 4889; x_wconf 90' lang='grc' dir='ltr'>Α</span> <span class='ocrx_word' id='word_1_514' title='bbox 1118 4838 1128 4902; x_wconf 88' lang='grc' dir='ltr'>Ι</span> <span class='ocrx_word' id='word_1_515' title='bbox 1159 4840 1547 4902; x_wconf 87' lang='grc' dir='ltr'>εςχηματιςθαι</span> <span class='ocrx_word' id='word_1_516' title='bbox 1573 4837 1616 4890; x_wconf 92' lang='grc' dir='ltr'>Α</span> <span class='ocrx_word' id='word_1_517' title='bbox 1649 4838 1657 4901; x_wconf 92' lang='grc' dir='ltr'>Ι</span> <span class='ocrx_word' id='word_1_518' title='bbox 1687 4841 1768 4894; x_wconf 73' lang='lat'>22.</span> <span class='ocrx_word' id='word_1_519' title='bbox 1808 4841 1968 4903; x_wconf 87' lang='grc' dir='ltr'>εχθες</span> <span class='ocrx_word' id='word_1_520' title='bbox 2005 4852 2107 4904; x_wconf 89' lang='lat' dir='ltr'>pro</span> <span class='ocrx_word' id='word_1_521' title='bbox 2145 4838 2305 4902; x_wconf 79' lang='grc' dir='ltr'>ἔχθος</span> <span class='ocrx_word' id='word_1_522' title='bbox 2333 4837 2418 4902; x_wconf 75' lang='grc' dir='ltr'>Α·Ι</span> <span class='ocrx_word' id='word_1_523' title='bbox 2449 4841 2530 4890; x_wconf 72' lang='lat'>24.</span> <span class='ocrx_word' id='word_1_524' title='bbox 2556 4834 2848 4904; x_wconf 80' lang='lat' dir='ltr'>inscriptio</span> <span class='ocrx_word' id='word_1_525' title='bbox 2883 4852 3013 4902; x_wconf 88' lang='grc' dir='ltr'>περι</span> <span class='ocrx_word' id='word_1_526' title='bbox 3048 4853 3152 4889; x_wconf 83' lang='grc' dir='ltr'>του</span> 
     </span>
     <span class='ocr_line' id='line_1_47' title="bbox 560 4920 2510 4990; baseline 0 -14"><span class='ocrx_word' id='word_1_527' title='bbox 560 4935 687 4976; x_wconf 83' lang='grc' dir='ltr'>ευτε</span> <span class='ocrx_word' id='word_1_528' title='bbox 724 4937 816 4976; x_wconf 84' lang='grc' dir='ltr'>και</span> <span class='ocrx_word' id='word_1_529' title='bbox 851 4938 989 4990; x_wconf 88' lang='grc' dir='ltr'>ηυτε</span> <span class='ocrx_word' id='word_1_530' title='bbox 1028 4923 1070 4975; x_wconf 97' lang='grc' dir='ltr'>Α</span> <span class='ocrx_word' id='word_1_531' title='bbox 1100 4925 1111 4988; x_wconf 83' lang='grc' dir='ltr'>Ι</span> <span class='ocrx_word' id='word_1_532' title='bbox 1143 4921 1329 4975; x_wconf 85' lang='grc' dir='ltr'>καθὼς</span> <span class='ocrx_word' id='word_1_533' title='bbox 1364 4920 1434 4990; x_wconf 86' lang='lat' dir='ltr'>b,</span> <span class='ocrx_word' id='word_1_534' title='bbox 1471 4936 1560 4975; x_wconf 90' lang='grc' dir='ltr'>και</span> <span class='ocrx_word' id='word_1_535' title='bbox 1596 4937 1675 4977; x_wconf 88' lang='grc' dir='ltr'>ως</span> <span class='ocrx_word' id='word_1_536' title='bbox 1714 4921 1756 4974; x_wconf 88' lang='grc' dir='ltr'>Α</span> <span class='ocrx_word' id='word_1_537' title='bbox 1787 4925 1797 4988; x_wconf 72' lang='grc'>1</span> <span class='ocrx_word' id='word_1_538' title='bbox 1828 4927 2050 4975; x_wconf 79' lang='grc'>24-25.</span> <span class='ocrx_word' id='word_1_539' title='bbox 2086 4923 2432 4989; x_wconf 83' lang='grc' dir='ltr'>ἐπεχειριςαν</span> <span class='ocrx_word' id='word_1_540' title='bbox 2468 4922 2510 4976; x_wconf 92' lang='grc' dir='ltr'>Α</span> 
     </span>
    </p>

    <p class='ocr_par' dir='ltr' id='par_1_14' title="bbox 2635 5012 2741 5060">
     <span class='ocr_line' id='line_1_48' title="bbox 2635 5012 2741 5060; baseline -0.009 0"><span class='ocrx_word' id='word_1_541' title='bbox 2635 5012 2741 5060; x_wconf 73' lang='grc'>10*</span> 
     </span>
    </p>
   </div>
  </div>
 </body>
</html>
