3738 5530
579 319 1022 376 Commentarius
1051 320 1277 376 criticus
1304 321 1365 376 et
1390 319 1711 390 exegeticus
1739 320 1800 375 in
1825 320 2116 391 Apollonii
2142 318 2372 390 Dyscoli
2401 319 2612 391 scripta
2637 320 2872 376 minora.
2964 322 3000 386 7
3006 322 3048 386 9

437 482 771 572 videntur)3
814 490 925 550 hoc
970 490 1130 550 enim
1173 491 1483 567 praecipit,
1529 485 1601 551 (ύ
1645 508 1836 567 usque
1882 509 2009 550 esse
2052 491 2490 552 nominativum
2498 482 2580 573 ¹³),
2622 494 3047 568 praeterquam

437 580 568 656 ubi,
612 599 828 640 nomen
872 580 1125 639 alicuius
1170 580 1532 658 ignorantes,
1577 599 1712 639 eum
1758 574 1829 640 εὐ
1874 581 2224 656 pronomine
2271 572 2571 663 (absolute
2614 573 2842 664 posito)
2890 599 3047 640 com-

434 671 729 748 pellamus
778 671 1027 743 217,16
1077 664 1473 744 ἐπεχόμενον
1527 666 1601 729 δὲ
1655 666 1816 729 κατὰ
1859 666 1979 743 τὴν
2025 665 2096 729 εὐ
2142 666 2244 730 καὶ
2289 666 2675 746 ἑπιετρέφον
2719 666 2798 732 τὸ
2844 686 3037 745 προε-

437 755 868 836 φωνούμενον
914 756 1210 833 κλητικήν
1256 753 1634 833 ὁμολογήεει
1682 754 1773 819 οὐ
1821 755 2156 820 δεόντως
2202 756 2714 834 παρειλημμένην
2756 756 2918 820 κατὰ
2962 756 3040 821 τὸ

438 844 880 923 ἀντωνυμικὸν
943 843 1107 909 ἔθοε.
1215 847 1373 907 Nam
1426 848 1491 906 in
1543 849 1889 907 universum
1942 844 2014 908 εύ
2080 849 2419 908 vocativum
2481 849 2847 926 superfluum
2904 868 3050 926 esse,

437 958 572 999 cum
634 940 900 1016 ipsorum
961 937 1267 996 nominum
1332 929 1613 1019 (quorum
1675 937 1872 996 locum
1931 937 2205 997 obtinent
2259 930 2639 1018 pronomina)
2705 940 2965 999 vocativi
3013 959 3049 998 a

438 1030 656 1088 natura
698 1027 861 1086 facta
905 1026 1044 1102 sint,
1089 1029 1160 1086 ut
1204 1025 1600 1104 compellandi
1646 1045 1827 1087 causa
1873 1025 2282 1087 adhibeantur.
2360 1027 2475 1088 Sed
2521 1028 2656 1089 aliis
2704 1046 2939 1105 quoque
2984 1028 3049 1087 in

436 1118 614 1180 rebus
659 1115 771 1194 Ap.
820 1116 936 1176 sibi
979 1135 1099 1175 non
1147 1118 1416 1175 constare
1461 1117 1667 1176 monui
1713 1114 1791 1176 ad
1834 1134 2001 1193 pron.
2052 1118 2112 1192 3,
2135 1118 2411 1177 12—15.

618 1207 721 1281 51,
743 1208 822 1265 27
873 1200 952 1266 οὐ
988 1200 1191 1279 πάεηε
1226 1201 1530 1267 πτώεεωε
1566 1200 1808 1283 εὐθεῖα]
1856 1225 1965 1282 pro
2002 1202 2306 1267 πτώεεωε
2342 1206 2522 1267 scribi
2558 1206 2736 1267 iussit
2770 1202 3046 1279 πλαγία(

439 1296 719 1375 Egenolff
755 1295 787 1354 I
824 1296 969 1355 841.
1076 1293 1193 1354 Sed
1246 1292 1417 1354 πᾶεα
1460 1293 1695 1356 πτῶειε
1740 1296 2016 1372 opposita
2060 1296 2430 1357 nominativo
2476 1296 2627 1355 nihil
2674 1314 2800 1357 esse
2845 1300 3046 1375 potest

439 1387 556 1446 nisi
601 1383 773 1446 πᾶεα
817 1380 1060 1455 πλαγία
1102 1382 1362 1455 πτῶειε;
1408 1385 1614 1461 itaque
1659 1384 1810 1443 nihil
1857 1386 2230 1445 mutaverim.

621 1476 783 1550 52,4
830 1474 901 1534 of.
950 1472 1080 1533 adv.
1133 1474 1414 1549 158,18;
1459 1472 1639 1533 Prisc.
1685 1473 1835 1532 XIII
1873 1474 1910 1532 6
1959 1494 2016 1552 p.
2056 1476 2219 1550 4,17
2250 1493 2336 1552 sq.

620 1563 1082 1639 52,1o—54,3
1130 1562 1202 1621 ef.
1240 1562 1421 1622 Prisc.
1459 1562 1608 1621 xm
1657 1562 1913 1622 18—21
1961 1583 2019 1641 p.
2063 1566 2540 1640 12‚17—14‚6.

622 1653 726 1729 52,
752 1654 831 1713 13
880 1651 1158 1713 νοεῑεθαι
1203 1646 1513 1730 πάντοτε]
1559 1653 1630 1711 ut
1674 1652 1917 1729 'Psypho
1962 1653 2251 1728 voluerat,
2296 1656 2451 1730 synt.
2503 1656 2649 1730 215,
2673 1656 2727 1714 1.

620 1743 827 1818 52,15
890 1737 981 1802 ὡς
1025 1735 1425 1819 προείρηται]
1485 1759 1650 1818 pron.
1703 1743 1883 1816 25,1.
1982 1741 2165 1804 Prisc.
2213 1742 2330 1802 XII
2371 1744 2451 1803 15
2498 1763 2556 1820 p.
2599 1744 2746 1819 585,
2769 1746 3046 1804 20-21.

621 1833 726 1908 52,
749 1833 826 1890 21
876 1831 949 1890 cf.
994 1849 1162 1908 pron.
1205 1831 1441 1906 18‚21;
1489 1831 1682 1906 86,3;
1728 1835 1883 1908 synt.
1934 1833 2080 1907 254,
2102 1833 2158 1892 5.

621 1923 724 1996 52,
746 1923 829 1980 24
876 1921 948 1979 cf.
996 1923 1151 1997 synt.
1202 1921 1349 1995 216,
1372 1921 1452 1978 23
1483 1937 1569 1996 sq.
1663 1919 1785 1979 Ska
1829 1920 1861 1979 I
1901 1923 2160 1981 13-14
2208 1916 2436 1981 ‘Scribe
2483 1917 2576 1982 ἔτι
2624 1917 2688 1982 αἱ
2733 1919 3047 1985 ευναπτό-

443 2027 625 2087 μεναι
669 2006 938 2070 πτώεειε
978 2005 1018 2084 ἢ
1062 2006 1568 2085 ευμπλεκόμεναι
1607 2005 1647 2084 ἢ
1692 2006 2125 2085 διεζευγμένοι
2169 2009 2283 2086 τῆς
2330 2007 2526 2085 αὐτῆε
2571 2006 2830 2087 ἔχονται
2876 2009 3049 2073 πτώ-

444 2117 628 2162 (εωεε
680 2119 822 2159 nam
875 2098 1043 2160 verbi
1096 2094 1513 2160 ευνάπτεεθαι
1567 2101 1734 2160 notio
1791 2100 1976 2160 latius
2033 2103 2205 2178 patet
2258 2103 2321 2160 et
2374 2101 2568 2161 solent
2625 2101 2783 2161 inter
2827 2121 2891 2163 se
2945 2121 3051 2180 op-

443 2190 586 2267 poni
631 2185 957 2264 ευμπλοκὴ
1004 2191 1066 2250 et
1110 2184 1432 2251 διάζευξιε.
1505 2188 1659 2249 Aliis
1705 2190 1850 2250 locis
1898 2187 2149 2266 ευναφή
2199 2186 2583 2251 ευναπτικόν
2630 2187 3048 2252 ευνάπτεεθαι

442 2280 516 2340 de
561 2280 872 2340 sententiis
925 2278 1422 2340 conditionalibus
1477 2277 1695 2338 dicitur
1742 2271 1841 2361 (cf.
1882 2282 2036 2356 synt.
2071 2283 2129 2354 7,
2153 2283 2263 2355 17;
2326 2281 2472 2355 132,
2496 2272 2606 2362 10)
2655 2283 2717 2340 et
2760 2299 2828 2340 eo
2875 2299 3049 2341 sensu

442 2365 519 2431 τὸ
555 2364 1038 2444 ευναπτόμενον
1076 2368 1399 2445 opponitur
1434 2367 1527 2447 τῷ
1565 2365 2059 2448 ευμπλεκομένω
2101 2371 2254 2445 synt.
2288 2371 2347 2445 8,
2371 2371 2453 2429 10
2495 2372 2558 2429 et
2597 2370 2744 2430 coni.
2778 2372 2925 2445 217,
2950 2371 3050 2445 16,

443 2459 547 2519 ubi
591 2461 942 2534 sententias,
998 2476 1148 2533 quae
1203 2457 1576 2517 disiunctivis
1630 2457 1874 2517 vocibus
1929 2476 2182 2518 conexae
2237 2461 2402 2534 sunt,
2457 2459 2639 2518 etiam
2694 2459 3049 2536 copulativis

443 2549 539 2609 vel
577 2547 1075 2610 conditionalibus
1112 2547 1259 2606 dicit
1292 2546 1573 2624 coniungi
1616 2541 1829 2623 posse’.
1905 2546 2186 2608 Eiusdem
2232 2546 2703 2608 emendationem
2746 2544 3051 2609 πτώεεωε

441 2639 832 2699 necessariam
876 2654 1001 2698 esse
1057 2629 1121 2718 (b
1167 2639 1232 2695 in
1277 2636 1523 2696 eandem
1567 2636 1844 2697 incidisse
1891 2636 2153 2712 videtur,
2211 2656 2352 2698 nam
2396 2637 2462 2696 in
2504 2637 2562 2697 A
2607 2640 2699 2698 est
2742 2630 3047 2720 κλιεεωε),

442 2747 562 2789 non
605 2731 697 2789 est
742 2727 901 2805 quod
943 2726 1214 2805 pluribus
1257 2725 1454 2787 verbis
1501 2726 1783 2787 evincam.

623 2819 786 2895 53,8
834 2818 907 2877 cf.
953 2819 1108 2894 synt.
1159 2817 1408 2893 216,13
1440 2835 1524 2892 sq.

623 2908 735 2983 53,
758 2909 840 2967 10
902 2906 1015 2967 hoc
1077 2907 1207 2967 loco
1270 2907 1554 2966 correctio
1617 2906 1813 2965 minus
1876 2908 2206 2967 necessaria
2268 2905 2533 2983 videtur3
2594 2925 2736 2966 nam
2797 2907 3051 2983 pluralis

443 2995 732 3059 secundae
767 3014 1070 3072 personae,
1104 2998 1341 3072 praeter
1377 2996 1618 3055 tertiam
1653 2995 1748 3055 vel
1784 2997 2012 3072 tertias,
2049 2997 2379 3074 complures
2416 2994 2701 3057 secundas
2739 2996 3053 3074 complecti

445 3089 651 3165 potest
697 3089 800 3161 19,
822 3087 900 3145 21
953 3077 1014 3168 (e
1059 3085 1388 3145 certissima
1433 3084 1589 3144 Skae
1635 3076 2001 3167 coniectura)
2047 3081 2125 3146 τὸ
2171 3083 2244 3147 δὲ
2289 3081 2594 3161 δεύτερον
2639 3082 2679 3161 ἢ
2727 3082 3050 3161 δευτέρων

445 3172 758 3250 εὐλληψιν
813 3170 853 3249 ἢ
908 3169 1316 3254 (δευτέρων)
1369 3170 1473 3233 καὶ
1526 3169 1785 3249 τρίτων;
1846 3173 2180 3235 adhibenda
2234 3179 2433 3236 autem
2478 3176 2716 3236 videtur
2760 3175 3052 3237 medicina

446 3270 601 3343 synt.
655 3265 803 3339 185,
825 3267 891 3339 93
955 3282 1031 3323 an
1087 3281 1286 3324 censes
1350 3280 1706 3340 quemquam
1760 3265 2030 3343 exempla
2084 3267 2417 3325 accuratius
2473 3283 2811 3342 expromere
2872 3283 3052 3342 quam

441 3357 576 3432 ipsa
619 3350 978 3432 praecepta?
1070 3351 1456 3413 Scribendum
1497 3354 1685 3430 igitur
1729 3354 1969 3414 videtur
2010 3348 2091 3434 (ἢ
2139 3351 2401 3429 πρώτου
2448 3352 2553 3415 καὶ
2596 3351 2902 3430 δευτέρου
2948 3351 3053 3415 καὶ

441 3438 704 3523 τρίτου)
755 3439 795 3517 ἢ
850 3438 1113 3517 πρώτου
1170 3438 1273 3502 καὶ
1328 3437 1632 3517 δευτέρου
1676 3439 1716 3516 ἢ
1764 3439 2027 3517 πρώτου
2082 3441 2186 3504 καὶ
2243 3439 2462 3518 τρίτου
2506 3440 2546 3519 ἢ
2593 3439 2900 3519 δευτέρου
2946 3439 3054 3504 καὶ

443 3529 680 3608 τρίτου.
795 3531 1169 3608 Quamquam
1232 3549 1366 3589 cum
1427 3533 1619 3590 totum
1684 3530 1836 3590 illud
1900 3535 2275 3592 enuntiatum
2337 3533 2494 3593 desit
2554 3534 2620 3591 in
2680 3532 2738 3592 A
2802 3551 3051 3610 cumque

442 3622 844 3701 dismepantes
897 3620 1258 3681 deteriorum
1312 3620 1578 3680 codicum
1633 3622 1961 3699 scripturae
2021 3622 2415 3698 suspicionem
2458 3622 2532 3682 de
2576 3625 2706 3682 toto
2750 3622 2881 3682 loco
2926 3642 3052 3682 mo·

444 3713 651 3772 veant:
716 3712 890 3771 facile
945 3710 1207 3770 adducor
1258 3713 1329 3770 ut
1380 3728 1516 3769 eum
1560 3710 1891 3770 eiciendum
1944 3727 2068 3770 esse
2126 3714 2361 3788 putem,
2403 3714 2755 3789 praesertim
2801 3730 2935 3771 cum
2979 3729 3050 3769 ex

447 3801 729 3878 exemplis
776 3817 927 3877 quae
974 3801 1303 3876 sequuntur
1347 3800 1514 3859 nullo
1560 3801 1800 3878 negotio
1846 3799 2053 3859 confici
2096 3801 2375 3876 potuerit.

626 3891 832 3965 53,17
890 3889 963 3949 cf.
1011 3887 1283 3949 Schmidt
1325 3888 1505 3947 Beitr.
1558 3891 1714 3965 5213
1767 3888 1950 3948 Lehrs
1998 3908 2053 3964 q.
2092 3908 2139 3949 e.
2192 3892 2347 3966 1093
2408 3890 2670 3951 Nicanor
2713 3889 2801 3950 ed.
2848 3888 3048 3949 Fried-

444 3979 687 4040 laender
750 3980 869 4055 363
930 3977 1073 4038 Lob.
1134 3977 1249 4037 Eu.
1296 3977 1359 4037 Π
1406 3979 1563 4053 3273
1626 3978 1858 4038 Bekker
1922 3978 2277 4038 Monatsber.
2341 3978 2562 4038 Berlin.
2627 3978 2816 4039 Akad.
2877 3979 3043 4039 1861

443 4090 500 4149 p.
542 4070 664 4129 581
699 4087 785 4145 sq.
877 4066 992 4128 Pro
1035 4064 1475 4142 ἑγκλινόμεναι
1510 4067 1564 4126 h.
1606 4086 1839 4144 quoque
1874 4067 1914 4126 1.
1953 4070 2352 4144 expectaveris
2391 4065 2729 4141 ἑγκλιτικαί
2764 4069 2834 4128 cl.
2866 4069 2970 4144 36,
2989 4071 3048 4128 4.

623 4153 814 4232 (ἰύγε
866 4158 1122 4231 somam
1177 4159 1415 4217 atticam
1458 4158 1699 4231 quadam
1743 4173 1775 4215 e
1817 4157 2050 4217 duabus
2092 4161 2374 4219 mamonis
2407 4158 2683 4233 partibus
2714 4176 2830 4234 per
2861 4174 3051 4232 para-

444 4248 1444 4321 stesmfactamesseeaeistinmzt.
1538 4243 3049 4322 remaqualesitexaoomunoncomqitur,

444 4338 732 4413 colliqibm·
776 4354 845 4397 eoe
888 4337 1090 4397 dorica
1132 4337 1328 4410 form
1371 4330 1577 4407 τύγα.
1656 4336 1820 4395 Nam
1863 4331 1974 4408 τύ,
2022 4338 2174 4412 quod
2215 4339 2572 4397 nominativo
2618 4353 2760 4396 casu
2805 4340 3051 4397 erectum

443 4430 643 4487 tonum
702 4427 894 4495 habet,
958 4428 1286 4486 acmaeativo
1346 4426 1693 4495 inclinatur,
1762 4444 1883 4484 non
1945 4429 2146 4502 potest
2204 4446 2312 4503 per
2372 4425 2716 4503 parathesin
2779 4426 3049 4503 copulari

444 4534 580 4577 cum
622 4511 710 4588 γά
752 4517 1162 4576 coniunctione
1210 4507 1309 4596 (ea
1362 4517 1520 4574 enim
1575 4515 1652 4576 ad
1704 4533 1797 4575 res
1849 4514 2299 4593 distinguendas
2345 4515 2686 4590 adhibetur,
2740 4516 3049 4576 encliticae

445 4608 647 4666 autem
691 4623 921 4684 semper
964 4604 1307 4665 indefinitae
1351 4596 1535 4687 sunt).
1618 4604 1829 4682 Itaque
1871 4624 2006 4665 cum
2039 4607 2103 4665 in
2139 4601 2302 4679 τύγα
2334 4605 2668 4682 parathesis
2704 4624 2823 4665 non
2859 4608 3050 4682 possit

622 4828 668 4900 *)
707 4831 851 4899 synt.
883 4833 1094 4896 218,13
1129 4835 1251 4885 πω(
1287 4830 1391 4885 οῦν
1418 4832 1454 4898 ἡ
1484 4831 1552 4885 οὐ
1590 4832 1834 4886 δεόντως
1872 4829 2009 4902 (scil.
2037 4830 2292 4886 vocativo
2321 4832 2474 4901 casu)
2506 4831 3045 4900 παραλαμβανομένη

444 4901 768 4971 ἀντωνυμία
818 4900 957 4973 (scil.
988 4903 1071 4972 εὐ)
1119 4905 1432 4970 παρώεεται
1483 4904 1583 4969 μὲν
1617 4905 1725 4971 τὴν
1761 4903 2075 4968 ἀναγκαίως
2119 4905 2568 4975 παρειλημμένην
2604 4903 2746 4959 κατὰ
2781 4905 3046 4972 δεύτερον

441 4975 746 5045 πρόςωπον
782 4974 854 5029 ἐν
891 4974 1120 5046 εὐθείᾳ
1156 4977 1402 5030 πτώεει
1441 4973 1674 5044 (corrige
1711 4976 1982 5031 εὐθεῖαν
2017 4976 2288 5049 πτῶειν)
2326 4979 2439 5032 κτλ.
