3738 5530
1537 349 1908 401 ADVERMA
1945 350 2021 399 IN
2058 336 2171 401 Ᾱ-Ε.
3026 348 3141 411 181

555 554 659 619 ἐπὶ
701 557 820 618 τοῦ
867 551 1098 619 οἶκον
1143 554 1225 618 δέ
1269 554 1373 618 καὶ
1416 552 1840 632 Οὔλυμπον
1885 551 1966 616 δέ
2012 551 2131 618 οὐκ
2174 551 2342 618 ἔςτιν
2395 552 2754 629 ἐπινοῆςαι·
2814 551 2966 616 οὔτε
3022 552 3146 631 γὰρ

456 675 507 713 10
561 655 841 721 ςύνδεςις
887 655 1039 720 οὔτε
1084 654 1471 735 μετάπτωςίς
1515 675 1608 718 τις
1653 653 1742 719 εἰς
1785 653 2053 733 ἀριθμὸν
2097 655 2137 734 ἢ
2182 657 2421 720 πτῶςιν
2468 652 2726 719 ἔνεςτιν.
2775 690 2843 700 --
2894 654 3024 717 Ἔτι
3067 656 3147 718 τὰ

556 757 879 839 ὀνόματα,
935 757 1514 837 προςλαμβάνοντα
1568 754 1801 836 ἄρθρα,
1859 755 2163 836 φυλάςςει
2218 756 2335 835 τὴν
2389 754 2553 821 ἰδίαν
2600 756 2889 822 ςύνταξιν
2944 756 3145 832 λόγον

554 880 622 924 τε
676 860 793 924 τὸν
851 858 1079 935 αὐτόν,
1138 856 1283 938 δίχα
1336 862 1454 923 τοῦ
1499 857 1727 923 πλέονι
1781 857 2089 939 ἀναφορᾷ
2143 859 2509 935 κεχρῆςθαι,
2577 856 3006 940 ἄνθρωπος
3063 859 3147 922 δὲ

557 960 1245 1039 παραγενόμενος,
1318 959 1358 1023 6
1434 958 1856 1038 ἄνθρωπος
1926 961 2005 1024 δὲ
2078 959 2765 1039 παραγενόμενος·
2838 959 2878 1023 6
2950 958 3146 1024 αὐτὸς
3183 980 3214 1025 5

456 1083 505 1121 15
557 1061 753 1139 λόγος
811 1062 913 1126 καὶ
971 1060 1074 1125 ἐπὶ
1128 1063 1262 1125 τῶν
1318 1059 1585 1140 ὁμοίων.
1671 1060 1750 1125 οὐ
1806 1064 1928 1141 μὴν
1983 1059 2219 1125 ταύτόν
2275 1059 2440 1127 ἐςτιν
2498 1060 2568 1125 ἐν
2622 1066 2714 1143 τῷ
2772 1060 3006 1127 οἶκον
3064 1062 3146 1126 δέ

555 1165 658 1229 καὶ
700 1164 837 1228 τὸν
884 1161 1120 1229 οἶκον
1165 1164 1276 1228 δέ·
1322 1161 1647 1228 οἶκόνδε
1691 1163 1814 1241 γὰρ
1861 1162 2311 1243 ἐλεύςομαι,
2359 1162 2437 1226 οὐ
2485 1165 2606 1242 μὴν
2648 1163 2791 1227 τὸν
2823 1160 3146 1229 οἶκόνδε

556 1265 1054 1343 ἐλεύςομαι.»
1095 1301 1168 1311 -
1215 1264 1367 1330 Τοῖς
1409 1264 1729 1329 τοιούτοις
1775 1265 1994 1341 λόγοις
2039 1264 2464 1343 ἐπανέχοντές
2510 1285 2700 1345 φαςιν
2744 1264 3024 1344 ἡνῶςθαι
3067 1264 3147 1329 τὰ

554 1371 819 1432 τοιαῦτα
863 1366 952 1432 εἰς
996 1367 1489 1446 ἐπιρρηματικὴν
1534 1367 1953 1445 παραγωγήν.
2013 1367 2113 1431 καὶ
2157 1367 2354 1431 πάλιν
2399 1365 2773 1445 ἀντείχοντο
2812 1370 2945 1431 τῶν
2976 1386 3147 1432 τονι-

453 1489 505 1528 80
556 1473 686 1534 κῶν
755 1468 1337 1548 παραγγελμάτων,
1404 1470 1508 1533 καὶ
1572 1466 1779 1533 οὕτως
1843 1468 2218 1548 ἐπηπόρουν
2285 1467 2391 1532 ἐπὶ
2454 1471 2587 1532 τῶν
2654 1468 3005 1547 ςχημὰτων.
3069 1505 3140 1514 -
3190 1487 3250 1534 ιο

553 1572 717 1635 ’Ἑςτι
774 1571 845 1635 δὲ
902 1569 1066 1648 πρὸς
1123 1570 1195 1634 ἓν
1256 1568 1519 1634 ἕκαςτον
1576 1572 1710 1633 τῶν
1755 1569 2194 1647 προκειμένων
2250 1569 2632 1648 ὑπαντῆςαι,
2690 1563 2791 1633 καὶ
2850 1570 2941 1634 ὡς
2987 1570 3146 1648 πρό-

557 1691 779 1752 κειται,
827 1671 1114 1751 δείξομεν
1159 1670 1257 1736 ὅτι
1301 1670 1469 1736 ἐςτὶν
1514 1672 1969 1750 ἐπιρρηματικὴ
2014 1671 2330 1752 ςύνταξις,
2383 1670 2463 1735 οὐ
2504 1673 2628 1750 μὴν
2673 1671 3149 1750 ἐπιρρηματικαὶ

557 1772 797 1854 φωναί.
844 1810 922 1818 -
970 1774 1065 1838 Τὰ
1120 1775 1235 1852 μὲν
1282 1772 1403 1839 οὖν
1459 1772 1529 1837 ἐκ
1571 1776 1684 1850 τῆς
1726 1772 1967 1837 τάςεως
2012 1758 2339 1852 προφανῆ.
2412 1779 2552 1838 πῶς
2607 1774 2730 1851 γὰρ
2784 1771 2958 1852 τρίτη
3015 1771 3146 1837 ἀπὸ

456 1895 507 1934 85
557 1876 784 1939 τέλους
829 1874 950 1958 <ἡ>
1004 1874 1475 1954 περιςπωμένης
1532 1878 1671 1939 πῶς
1724 1874 1993 1953 τετάρτη
2051 1872 2182 1938 ἀπὸ
2227 1873 2454 1939 τέλους
2497 1873 2536 1952 ἡ
2583 1872 2786 1949 ὀξεῖα;
2848 1874 3019 1950 λέγω
3076 1874 3146 1939 ἐν

554 1982 646 2060 τῷ
702 1975 1063 2060 οἶκονδέ,
1120 1974 1666 2055 Οὔλυμπονδέ.
1714 2011 1789 2021 -
1845 1975 2027 2055 Πρὸς
2085 1975 2183 2040 οἷς
2239 1976 2339 2040 καὶ
2395 1973 2458 2040 αἱ
2513 1977 2732 2056 φωναὶ
2784 1976 3146 2054 κλινόμεναι
3189 1993 3249 2040 15

556 2076 901 2157 ὁλόκληροί
943 2076 1053 2143 εἰςι
1099 2079 1243 2143 κατ’
1288 2077 1572 2156 αἰτιακὴν
1616 2081 1878 2143 πτῶςιν.
1955 2077 2136 2160 (ἀλλ’
2182 2076 2262 2141 οὐ
2317 2075 2510 2142 τοῦτό
2568 2098 2727 2157 φημι
2785 2079 3146 2144 ςυνεκτικόν

553 2183 670 2243 τοῦ
725 2179 847 2244 δύο
904 2181 1060 2258 μέρη
1118 2180 1320 2256 λόγου
1375 2178 1570 2256 εἶναι,
1631 2178 1771 2243 ἐπεὶ
1824 2178 1944 2245 κάν
2000 2182 2136 2244 τοῖς
2191 2179 2336 2242 κατ’
2394 2177 2599 2258 ἀρχὴν
2654 2178 2977 2259 ἐδείξαμεν
3032 2181 3147 2245 τὰς

453 2300 504 2342 ³0
557 2280 943 2359 ὀνοματικὰ(
998 2282 1265 2346 πτώςεις
1322 2280 1412 2345 εἰς
1469 2280 1759 2347 ςύνταξιν
1814 2280 2307 2360 ἐπιρρηματικὴν
2360 2280 2687 2360 τιθεμένας
2741 2280 2843 2345 καὶ
2894 2280 3146 2360 ἐπιρρή-

556 2402 718 2460 ματα
761 2383 1205 2465 καλουμένας.)

722 2483 1040 2564 Διαφέρει
1082 2484 1157 2549 τὸ
1204 2481 1526 2549 οἴκοθεν
1569 2487 1687 2548 τοῦ
1732 2482 1797 2551 ἐξ
1843 2483 2063 2568 οἴκου,
2105 2484 2145 2567 ᾖ
2192 2484 2230 2547 ὃ
2276 2483 2390 2562 μὲν
2435 2482 2509 2547 ἓν
2553 2482 2744 2564 μέρος
2788 2483 3021 2560 λόγου,
3069 2484 3144 2548 τὸ
3180 2499 3248 2549 20

556 2585 626 2649 δὲ
672 2585 824 2661 δύο,
870 2585 941 2649 ἐκ
984 2585 1352 2664 προθέςεως
1396 2586 1500 2652 καὶ
1542 2584 1890 2665 ὀνόματος,
1947 2587 2052 2651 καὶ
2092 2587 2168 2650 τὸ
2216 2583 2472 2649 οἴκοθι
2514 2588 2632 2649 τοῦ
2678 2584 2748 2649 ἐν
2794 2584 2987 2669 οἴκῳ,
3044 2586 3147 2649 καὶ

420 2703 516 2754 594
552 2686 628 2751 τὸ
674 2685 951 2751 οἴκαδε
996 2691 1113 2752 τοῦ
1159 2686 1248 2753 εἰς
1293 2685 1503 2752 οἶκον.
1561 2689 1664 2752 καὶ
1710 2687 1763 2771 ᾧ
1810 2688 1988 2772 λόγῳ
2032 2688 2108 2752 τὸ
2154 2685 2264 2752 εἰς
2308 2684 2534 2752 οἶκον
2579 2686 2699 2751 δύο
2736 2687 2890 2767 μέρη
2925 2686 3142 2764 λόγου,

555 2787 766 2855 οὕτως
810 2790 917 2854 καὶ
958 2789 1033 2854 τὸ
1081 2788 1310 2855 οἶκον
1354 2790 1462 2866 δέ,
1509 2789 1878 2869 ἐγκειμένου
1922 2793 2040 2855 τοῦ
2086 2789 2157 2855 δέ
2203 2789 2574 2869 ςυνδέςμου.

720 2890 911 2955 Ἴδιόν
957 2890 1083 2956 ἐςτι
1125 2894 1242 2957 τοῦ
1287 2892 1359 2957 δέ
1392 2892 1740 2971 ςυνδέςμου
1771 2892 2035 2967 ἐπάγειν
2072 2892 2139 2956 ἐς
2169 2892 2370 2957 αὑτὸν
2400 2894 2518 2971 τὴν
2551 2890 2796 2958 ὀξεῖαν·
2840 2896 3143 2957 τοιοῦτον

554 2993 626 3057 δὲ
669 2994 773 3057 καὶ
814 2993 889 3056 τὸ
936 2990 1120 3058 οἶκον
1176 2992 1277 3070 δέ,
1337 2994 1428 3058 ὡς
1473 2993 1527 3058 εἰ
1573 2996 1675 3058 καὶ
1715 2994 1790 3059 τὸ
1835 2993 2003 3058 Ζεὺς
2058 2993 2147 3058 δέ.
2220 2993 2260 3071 ἡ
2317 2995 2422 3058 διὰ
2463 2997 2579 3058 τοῦ
2633 2980 2706 3057 6}
2769 2995 3143 3074 παραγωγή,
3181 3010 3248 3060 25

476 3120 502 3161 5
556 3092 674 3158 οὐκ
719 3093 879 3159 οὖςα
921 3094 1317 3174 ςυνδεςμική,
1374 3093 1738 3176 ἀποφεύγει
1778 3096 1899 3174 τὴν
1944 3099 2062 3161 τοῦ
2119 3094 2467 3172 ςυνδέςμου
2521 3094 2726 3171 τάςιν,
2784 3100 3144 3175 παροξυνο-

552 3195 709 3274 μένη
752 3196 867 3274 μὲν
914 3194 984 3260 ἐν
1027 3201 1121 3279 τῷ
1164 3196 1458 3273 τοςόςδε,
1504 3197 2127 3277 προπαροξυνομένη
2172 3198 2244 3262 δὲ
2288 3197 2358 3262 ἐν
2404 3202 2497 3280 τῷ
2542 3194 2793 3274 οἴκαδε,
2836 3199 2995 3263 καθὸ
3041 3220 3122 3264 κα

551 3296 591 3374 ἡ
636 3298 741 3362 διὰ
784 3301 901 3362 τοῦ
945 3298 1018 3374 Ῠέ
1063 3300 1416 3378 παραγωγὴ
1463 3296 1550 3363 εἰς
1592 3298 1668 3363 τὸ
1715 3297 2011 3364 ἐναντίον
2068 3297 2425 3376 μεθίςταται
2467 3303 2578 3377 τῆς
2620 3298 2860 3363 τάςεως
2903 3304 3020 3364 τοῦ
3069 3301 3145 3376 γέ

554 3399 922 3478 ςυνδέςμου.
997 3398 1125 3463 ἔςτι
1166 3399 1290 3480 γὰρ
1337 3398 1683 3477 ἐγκλιτικὸς
1728 3399 1766 3464 6
1810 3400 1913 3476 γέ,
1969 3400 2085 3478 τὴν
2129 3399 2260 3480 πρὸ
2306 3400 2507 3465 αὑτοῦ
2553 3399 2842 3483 ὀξύνων,
2894 3401 2994 3465 καὶ
3039 3403 3147 3466 διὰ

457 3529 504 3568 ιο
553 3504 746 3565 τοῦτο
794 3499 953 3583 <τό>
999 3498 1242 3577 ἔγωγε
1288 3502 1389 3566 καὶ
1431 3501 1706 3580 ἔμοιγε
1750 3501 1928 3580 παρὰ
1971 3501 2276 3566 Ἀττικοῖς
2319 3501 2535 3581 τρίτην
2581 3501 2712 3566 ἀπὸ
2751 3504 2981 3568 τέλους
3012 3503 3143 3582 ἔχει
3179 3520 3245 3569 30

554 3601 669 3679 τὴν
713 3600 961 3676 ὀξεῖαν,
1015 3601 1126 3667 ἵνα
1180 3603 1285 3666 διὰ
1328 3606 1446 3667 τοῦ
1488 3602 1690 3668 τόνου
1735 3602 1912 3687 φύγῃ
1954 3603 2031 3667 τὸ
2081 3602 2448 3683 ἀμφίβολον
2494 3608 2609 3668 τοῦ
2653 3602 2728 3678 γε’
2773 3602 3141 3684 ςυνδέςμου.

719 3703 911 3767 Ἀλλὰ
954 3707 1096 3769 πῶς
1138 3708 1365 3785 τοπικὴ
1412 3704 1610 3785 ςχέςις
1663 3704 1830 3770 ἐςτὶν
1887 3705 1957 3769 ἐκ
2001 3704 2348 3782 ςυνδέςμου
2390 3709 2508 3770 τοῦ
2568 3705 2667 3784 δέ;
2715 3740 2795 3750 -
2853 3705 2997 3769 Ὅτι
3041 3706 3143 3770 καὶ

553 3809 893 3889 προθετικῇ
953 3806 1294 3885 παραθέςει
1351 3807 1713 3887 ςυνδεςμικὴ
1780 3806 2043 3885 δύναμις
2099 3805 2442 3889 ἐγγίνεται,
2505 3808 2633 3872 διὰ
2690 3808 2777 3871 τὸ
2842 3805 3140 3886 ἡμέραν

684 3955 900 4014 Anava.
983 3962 1040 4010 11
1082 3954 1184 4011 Cui
1219 3956 1531 4012 sententiae
1566 3957 1854 4026 repugnat
1889 3959 1948 4011 et
1982 3957 2261 4023 accentus,
2309 3986 2373 3995 -
2424 3961 2487 4010 15
2524 3958 2583 4011 et
2616 3955 2801 4010 forma.
2836 3957 3142 4009 accusativi

552 4039 776 4110 integra
820 4042 1064 4096 servata.
1116 4071 1180 4082 -
1234 4046 1301 4095 24
1346 4039 1766 4096 coniunctionis
1809 4042 1871 4096 δέ
1916 4042 2003 4094 est
2045 4056 2268 4094 servare
2313 4040 2636 4107 accentum,
2691 4057 2816 4093 cum
2852 4028 2937 4094 ff
2976 4057 3140 4109 para-

554 4125 815 4195 gogicum
853 4141 1078 4180 onmem
1105 4126 1299 4179 tonum
1335 4127 1583 4193 respuat.
1611 4154 1679 4164 —-
1704 4131 1769 4181 32
1792 4125 1874 4180 Ut
1904 4123 2417 4195 praepositionibus
2451 4123 2812 4193 quibusdam,
2849 4125 2934 4180 ita
2968 4125 3140 4180 etiam

553 4210 610 4262 δέ
645 4208 1023 4264 coniunctioni
1058 4208 1145 4263 vis
1180 4209 1518 4264 adverbialis
1553 4210 1840 4265 subicitur.

683 4326 868 4383 D1scn.
911 4346 1109 4382 semp-r.
1186 4334 1229 4382 1.
1266 4330 1587 4395 ολυμπονδε
1623 4332 1667 4384 Α
1708 4331 1717 4395 Ι
1757 4329 1794 4381 b
1831 4327 2055 4398 scripsit
2090 4329 2150 4382 et
2182 4327 2236 4382 h.
2271 4327 2310 4387 l.
2347 4329 2408 4382 et
2440 4327 2477 4382 1.
2515 4333 2565 4396 6,
2603 4334 2652 4394 7,
2692 4334 2754 4383 15
2789 4330 3042 4396 οἶκόνδε,
3081 4331 3142 4385 et

555 4413 927 4479 Οὔλυμπόνδε
957 4416 966 4478 Ι
997 4418 1045 4467 2.
1083 4413 1327 4469 ςύνδεςις
1363 4411 1613 4479 KLehrS,
1651 4414 1900 4469 ct'svoectt
1935 4412 2029 4467 Ab
2058 4413 2069 4482 Ι
2108 4419 2155 4465 4.
2193 4417 2301 4467 τοῦ
2340 4414 2537 4467 πλέονι
2570 4411 2634 4480 b,
2668 4430 2737 4467 το
2775 4416 3005 4468 πλεονει
3041 4417 3085 4471 Α
3127 4416 3134 4481 Ι

554 4503 631 4551 13.
665 4501 793 4552 πῶς
827 4497 958 4568 γὰρ]
996 4496 1093 4551 fol.
1119 4503 1217 4552 140
1240 4514 1284 4551 r.
1332 4499 1342 4565 Ι
1393 4503 1472 4551 14.
1500 4500 1537 4565 ἡ
1574 4497 1705 4553 add.
1724 4496 1762 4551 b
1811 4500 1819 4566 Ι
1867 4503 1953 4551 22.
1980 4499 2134 4565 λόγῳ
2161 4498 2230 4551 τὸ
2257 4496 2322 4563 b,
2363 4499 2516 4563 λογω
2540 4515 2645 4553 του
2671 4499 2715 4553 Α
2745 4499 2756 4568 Ι
2796 4495 2877 4553 23.
2906 4500 3132 4555 οἶκόνδε

550 4579 612 4647 b,
657 4583 724 4635 ut
767 4598 937 4651 supra
998 4586 1008 4650 Ι
1071 4586 1154 4638 26.
1199 4582 1365 4637 οἷκον
1409 4584 1470 4637 δέ
1516 4582 1686 4636 etiam
1731 4583 1769 4636 b
1813 4580 1874 4635 in
1910 4599 2026 4640 var.
2060 4580 2220 4648 lect.²
2267 4598 2395 4636 cum
2436 4581 2495 4635 in
2539 4582 2701 4637 textu
2745 4583 2819 4637 sit
2853 4584 3081 4638 οἶκόνδε
3121 4587 3128 4653 Ι

551 4670 632 4719 26.
668 4665 826 4720 τάςιν
859 4666 897 4719 b
943 4665 1001 4719 in
1037 4682 1153 4720 var.
1189 4664 1351 4734 lect„
1397 4667 1656 4723 ςύνταξιν
1692 4668 1736 4722 Α
1774 4669 1834 4721 et
1868 4665 1905 4719 b
1940 4666 2000 4719 in
2033 4665 2195 4720 textu
2259 4670 2268 4734 Ι
2334 4672 2415 4723 28.
2450 4672 2555 4721 ‘roo
2591 4673 2660 4733 Ῠέ
2693 4667 2756 4734 b,
2803 4684 2905 4722 του
2941 4671 3002 4722 δε
3039 4671 3083 4723 Α
3125 4671 3132 4737 Ι

549 4749 761 4806 τάςεως
798 4750 834 4804 b
869 4749 927 4804 in
965 4767 1081 4808 var.
1115 4749 1272 4818 lech,
1309 4752 1624 4806 ςυντάξεως
1660 4753 1704 4805 Α
1743 4751 1802 4805 et
1835 4749 1874 4804 b
1909 4750 1970 4803 in
2005 4750 2166 4803 textu
2235 4751 2244 4818 Ι
2303 4757 2385 4810 30.
2420 4751 2490 4804 τὸ
2527 4751 2657 4806 add.
2691 4752 2728 4805 b
2784 4755 2794 4823 Ι
2861 4758 2945 4808 32.
2980 4754 3043 4810 δέ
3079 4753 3134 4815 b,

556 4850 620 4899 γε
656 4839 697 4891 Α
730 4836 740 4904 Ι
769 4841 855 4893 33.
889 4839 1193 4904 προθετικῇ
1232 4836 1530 4905 παραθέςει
1563 4836 1629 4903 b,
1670 4837 1973 4906 προθετικη
2011 4837 2308 4904 παραθεςις
2347 4837 2391 4891 Α
