3738 5530
602 337 1046 394 Commentarius
1075 337 1302 393 criticus
1330 339 1390 393 et
1415 337 1735 408 exegeticus
1764 338 1825 393 in
1851 335 2140 408 Apollonii
2167 336 2397 406 Dyscoli
2425 335 2636 407 scripta
2661 336 2892 391 minora.
2981 337 3062 401 41

461 509 716 569 aliarum
750 526 1154 586 personarum,
1188 507 1300 569 hoo
1337 511 1428 568 est
1462 507 1852 568 secundarum
1887 508 1985 567 vel
2021 507 2360 583 tertiarum,
2396 506 2786 567 secundarum
2814 506 3070 583 quidem,

459 598 698 675 quando
753 598 830 657 ad
882 599 1045 676 ipsas
1098 599 1441 676 praesentes
1499 597 1766 675 loquitur
1803 644 1815 656 .
1858 645 1869 655 .
1907 597 2223 658 tertiarum
2277 616 2444 673 vero,
2509 595 2746 673 quando
2792 595 2870 655 ad
2915 597 3067 656 alios

458 689 734 766 loquens,
778 687 842 746 id
886 689 979 747 est
1024 686 1100 746 ad
1146 686 1463 747 secundam
1505 706 1848 764 personam,
1908 688 2058 747 alios
2105 686 2220 746 sibi
2264 686 2361 745 vel
2405 688 2745 762 praesentes
2794 686 3071 765 adiungit

456 778 553 838 vel
600 777 872 838 absentes
912 824 923 834 .
965 823 977 835 .
1020 823 1031 835 .
1067 779 1270 854 potest
1311 779 1512 836 tamen
1560 779 1622 837 et
1656 780 1941 854 utrasque
1978 776 2157 837 simul
2193 774 2308 837 sibi
2347 775 2668 854 adiungere
2708 823 2718 833 .
2761 822 2773 832 .
2813 775 3070 835 secunda

457 885 598 927 vero
642 867 885 926 tertiam
928 866 1189 944 ooneipit
1232 867 1422 927 solam
1461 913 1472 923 .
1513 913 1525 923 .
1563 868 1746 927 tertia
1793 869 1994 927 autem
2036 866 2283 925 tertiam
2326 860 2555 925 solam’.

643 959 744 1031 19,
765 958 848 1015 14
897 956 967 1016 ef.
1013 975 1179 1034 pron.
1232 956 1512 1032 104‚18;
1558 959 1712 1033 synt.
1765 956 1970 1031 185,9
2002 974 2159 1032 sqq.3
2209 946 2561 1037 216,12.*)

642 1047 743 1120 19,
765 1047 848 1105 20
907 1041 1071 1120 πρὸς
1130 1040 1366 1106 αὐτούς
1425 1045 1547 1105 soil.
1608 1041 1901 1119 πολίτας,
1970 1064 2118 1122 quos
2178 1046 2520 1122 praesentes
2576 1043 2779 1104 adesse
2833 1062 3070 1104 neeesse

461 1137 579 1210 est3
642 1135 847 1211 itaque
892 1131 1054 1209 πρὸς
1101 1130 1453 1209 παρόντας,
1503 1135 1661 1212 quod
1706 1136 2017 1213 proposuit
2062 1133 2341 1212 Egenolff
2378 1133 2410 1192 I
2448 1135 2606 1210 840,
2669 1153 2789 1194 non
2835 1136 2926 1194 est
2968 1153 3068 1193 ne·

459 1242 793 1285 sessanum.

646 1316 745 1388 19,
769 1315 849 1372 22
890 1312 1012 1372 Ska
1037 1312 1125 1371 VI
1158 1313 1290 1372 19³¹.
1350 1311 1531 1372 Cuius
1569 1313 2042 1374 emendationem
2077 1311 2379 1389 improbat
2406 1313 2685 1372 Hoersoh.
2718 1313 2868 1388 378,
2901 1331 3071 1389 prae·

465 1406 758 1478 terquam
786 1400 943 1479 quod
988 1398 1091 1462 καὶ
1136 1404 1275 1462 ante
1320 1399 1643 1477 δευτέρων
1689 1403 1873 1463 delet:
1922 1397 2253 1476 εςύλληψις
2297 1402 2406 1461 hat
2448 1402 2546 1461 bei
2592 1403 2703 1479 Ap.
2752 1401 3071 1479 doppelten

465 1492 640 1566 Sinn,
694 1510 758 1552 so
815 1491 949 1551 dass
1005 1509 1066 1551 es
1120 1491 1217 1551 bei
1272 1485 1429 1551 ‘wir'
1485 1491 1675 1570 gleieh
1738 1487 1858 1551 ‘ich
1905 1491 2025 1551 und
2071 1486 2175 1550 du’
2222 1491 2521 1551 entweder
2567 1492 2676 1550 auf
2714 1485 2843 1551 ‘du’
2891 1492 3070 1551 allein

461 1581 603 1641 oder
647 1582 756 1640 auf
793 1580 964 1640 beide
1009 1581 1166 1659 geht.
1260 1581 1527 1641 Ersteres
1574 1603 1619 1640 z.
1658 1582 1726 1641 Β.
1779 1584 1881 1657 19,
1905 1583 1985 1641 13
2033 1577 2346 1655 ςύλληψιν
2394 1576 2635 1655 ἑτέρων
2681 1576 3067 1656 προςώπων,

459 1670 756 1731 Letzteres
802 1691 847 1727 z.
885 1670 954 1729 Β.
997 1672 1099 1745 19,
1122 1672 1201 1729 17
1249 1666 1514 1745 πρώτου
1562 1668 1665 1731 καὶ
1710 1667 2019 1746 δευτέρου
2067 1662 2296 1751 (potius
2340 1662 2707 1752 δευτέρων).
2798 1670 3069 1730 Ersteres

458 1760 738 1833 bedeutet
782 1753 1258 1835 ‘Hinzunahme',
1312 1758 1612 1820 Letzteres
1673 1754 2156 1821 ‘Combination’.
2249 1758 2378 1819 Auf
2418 1758 2623 1819 Grund
2670 1759 2775 1818 der
2820 1760 3068 1819 zweiten

459 1849 813 1927 Bedeutung
866 1851 1093 1927 gentlgt
1146 1848 1250 1908 der
1304 1849 1455 1908 Text
1506 1846 1545 1923 ἢ
1602 1846 1925 1924 δευτέρων
1980 1846 2292 1923 ςύλληψιν
2337 1846 2376 1923 ἢ
2425 1845 2528 1909 καὶ
2582 1845 2814 1924 τρίτων
2871 1843 3067 1909 ‘Gom-

460 1938 733 1998 bination
777 1957 894 1998 von
950 1937 1251 1998 zweiten
1312 1938 1453 1997 oder
1512 1939 1662 1999 auch
1719 1939 1872 1999 nooh
1931 1938 2154 1999 dritten
2200 1933 2538 1999 Personen'.
2631 1938 2795 1998 Haeo
2841 1939 3070 1998 acutius

460 2046 642 2105 quam
686 2028 885 2087 verius
931 2026 1238 2105 disputata
1283 2031 1450 2104 sunt3
1513 2024 1819 2103 ςύλληψις
1864 2029 2018 2087 nihil
2063 2031 2155 2088 est
2197 2030 2315 2087 nisi
2362 2022 2764 2104 ‘complexio’3
2826 2022 3071 2086 ‘Hinzu-

459 2111 697 2177 nahme'
743 2136 862 2176 non
908 2120 999 2177 est
1044 2113 1368 2191 ςύλληψις,
1415 2118 1515 2177 sed
1562 2114 1946 2193 πρόςληψις;
2000 2120 2100 2193 19,
2125 2119 2204 2176 13
2244 2114 2551 2191 ςύλληψις
2599 2113 2840 2191 ἑτέρων
2877 2133 3070 2192 προς-

464 2203 665 2266 ώπων
708 2226 827 2266 non
874 2209 966 2267 est
1011 2201 1363 2284 ‘assumptio
1411 2207 1665 2266 aliarum
1708 2201 2138 2284 personarum',
2193 2206 2296 2267 sed
2343 2201 2592 2266 ‘iunctio
2640 2206 2894 2266 aliarum
2937 2226 3068 2284 per-

464 2290 762 2365 sonarum’
826 2314 902 2356 so.
952 2315 1082 2355 oum
1129 2297 1326 2372 prima
1369 2296 1467 2355 vel
1511 2297 1795 2372 seeunda3
1858 2299 2012 2372 synt.
2066 2298 2213 2372 257,
2235 2298 2272 2355 8
2321 2292 2556 2357 ἑαυτὸν
2604 2292 2938 2371 ςυλλαβών
2984 2290 3071 2355 ‘se

460 2385 818 2464 coniungens
873 2404 1008 2445 cum
1063 2380 1324 2463 ceteris’3
1386 2404 1552 2462 pron.
1604 2386 1810 2461 53,12
1874 2384 1951 2446 τὸ
2000 2384 2164 2461 ςφῶι
2204 2433 2217 2446 .
2258 2432 2271 2446 .
2313 2380 2366 2445 εἰ
2413 2381 2726 2459 ςύλληψιν
2774 2380 2903 2460 ἔχει
2949 2384 3068 2446 τοῦ

459 2470 831 2548 Λυκομήδης
891 2474 1014 2534 scil.
1077 2493 1211 2533 oum
1276 2471 1347 2534 ςύ
1406 2476 1763 2551 pronomine.
1862 2475 2147 2552 Sequitur
2204 2479 2274 2534 ut
2332 2474 2488 2534 Skae
2543 2474 2878 2534 emendatio
2934 2493 3068 2551 pro-

459 2563 661 2624 banda
706 2565 799 2623 sit.

646 2655 748 2728 19,
770 2653 850 2712 25
898 2652 1271 2713 Priscianum
1313 2673 1433 2713 non
1479 2649 1619 2729 γάρ,
1668 2654 1770 2713 sed
1816 2651 1888 2715 δέ
1935 2655 2149 2732 legisse
2195 2653 2531 2731 suspicatur
2566 2653 2844 2732 Egenolff
2864 2653 2896 2711 I
2925 2654 3070 2713 840.

460 2741 628 2812 Quod
674 2741 912 2818 dubito;
956 2743 1208 2804 fortasse
1253 2741 1431 2804 Prisc.
1480 2739 1602 2819 γάρ
1648 2746 1809 2805 vocis
1856 2745 2160 2805 notionem
2204 2763 2324 2805 non
2369 2742 2691 2803 intellexit:
2748 2736 2844 2803 ‘de
2888 2742 3072 2803 tertia

458 2833 613 2891 nihil
674 2833 799 2892 eius
860 2832 1090 2911 generis
1134 2832 1492 2893 monendum
1539 2837 1645 2910 est,
1689 2829 1852 2893 nam'
1900 2854 1946 2894 e.
1996 2855 2049 2911 q.
2098 2853 2140 2894 s.
2233 2833 2330 2893 Ad
2384 2836 2485 2909 14,
2511 2834 2609 2894 13.

640 2922 848 2983 Etiam
893 2923 1091 2982 duah's
1136 2924 1547 2998 complectitur,
1596 2942 1716 2983 mm
1762 2925 1968 2994 trinae,
2015 2925 2118 2983 sed
2162 2925 2333 2983 binas
2367 2941 2685 2998 personas:
2742 2924 2876 2995 fieri
2921 2925 3074 2982 euim

457 3028 578 3071 nou
617 3015 811 3086 potest
860 3015 927 3070 ut
978 3014 1031 3071 is
1082 3029 1363 3072 muneras
1419 3015 1520 3087 qwi
1574 3015 1654 3073 ad
1708 3015 1873 3073 binos
1927 3014 2273 3073 indicandos
2328 3013 2522 3086 faetus
2570 3016 2651 3072 est
2695 3015 2880 3072 trinos
2925 3029 3071 3071 eom-

449 3101 743 3175 plectam
793 3102 1148 3176 2o,1--13.

645 3192 747 3263 20,
771 3193 846 3249 11
900 3186 1264 3264 ἐξηγήςεται
1302 3186 1425 3265 γὰρ
1464 3187 1660 3251 αὐτὸς
1698 3186 1889 3270 πρὸς]
1937 3188 2133 3253 αὐτός
2179 3193 2214 3250 i.
2248 3211 2293 3252 e.
2341 3191 2394 3251 is
2440 3192 2542 3269 qui
2588 3190 2875 3267 loquitur,
2918 3190 3073 3249 Aiax

464 3278 871 3355 Telamoniust,
917 3274 1281 3354 ἐξηγεῖςθαι
1310 3280 1421 3340 hoc
1467 3299 1640 3340 sensu
1687 3282 1871 3340 etiam
1918 3281 2077 3359 apud
2115 3281 2433 3358 Polybium
2469 3277 2704 3359 legitur.
2780 3281 3073 3339 Futurum

467 3362 832 3442 ἐξηγήςεται
879 3386 1020 3428 sane
1069 3368 1297 3445 aliquid
1344 3370 1681 3431 offensionis
1726 3370 1934 3446 habet3
1996 3390 2359 3448 quamquam
2405 3370 2476 3429 ef.
2523 3390 2689 3447 pron.
2743 3372 2844 3445 21,
2867 3371 2948 3428 22
2996 3365 3072 3430 τὸ

467 3450 660 3518 οὗτος
706 3451 915 3532 ὀρθῶς
963 3453 1067 3518 ἐπὶ
1110 3458 1401 3533 κλητικῆς
1449 3455 1787 3521 τετάξεται.
1843 3460 1919 3520 ib.
1959 3461 1997 3520 l.
2042 3462 2122 3520 23
2171 3459 2464 3534 κλητικῆς
2511 3452 2637 3534 ἄρα
2680 3455 2981 3521 τεύξεται.

642 3546 847 3607 Etiam
899 3548 1002 3607 ubi
1052 3549 1359 3608 multitudo
1416 3550 1795 3623 vociferatur,
1857 3567 2230 3624 nequaquam
2274 3567 2345 3609 ea
2389 3567 2539 3623 quae
2582 3551 2896 3609 statuimus
2940 3566 3070 3608 cou-

461 3636 676 3695 ciduut.
764 3636 980 3696 Multis
1036 3639 1188 3697 enim
1243 3639 1420 3698 simul
1465 3639 1823 3713 loquentibus
1867 3641 1923 3698 si
1966 3657 2124 3699 imus
2168 3641 2408 3714 quisque
2443 3639 2676 3713 plurali
2718 3640 2920 3706 utitur,
2979 3655 3071 3697 eos

460 3727 563 3798 qui
614 3726 792 3785 sinna
842 3727 1237 3800 vociferantia·
1280 3744 1473 3786 secum
1518 3730 1841 3802 comitavit,-
1901 3728 2080 3805 idque
2125 3746 2246 3789 non
2292 3729 2418 3789 sine
2463 3729 2626 3788 iusta
2671 3746 2877 3787 eausa·
2930 3745 3073 3786 nam

458 3831 617 3873 unus
670 3817 912 3889 quisque
964 3833 994 3874 e
1044 3817 1242 3874 metitis
1294 3834 1448 3891 pars
1508 3821 1591 3877 est
1652 3820 1823 3877 totius
1885 3818 2290 3878 multitudinis.
2412 3818 2581 3878 Velut
2597 3817 2744 3896 qubi
2804 3818 3072 3876 maxima

460 3920 743 4052 (ἰΟἶΡθςΟὸ
758 3906 1122 3979 amum-9,
1182 3907 1392 3980 &xima
1447 3907 1735 3979 quaedam
1778 3908 2083 3982 partienda
2135 3911 2314 3967 totum
2367 3924 2578 3981 corpus
2620 3906 2910 3981 patefacit
2969 3907 3073 3980 20,

637 4081 819 4142 Prisc.
866 4081 984 4141 XII
1024 4085 1106 4142 14
1151 4103 1208 4161 p.
1250 4084 1399 4160 585,
1423 4088 1458 4145 7
1515 4079 1684 4162 quid
1743 4086 1932 4164 igitur
1979 4085 2137 4162 quod
2182 4086 2358 4145 multi
2404 4086 2583 4145 simul
2630 4085 2939 4162 loquentes
2985 4084 3073 4143 di-

461 4174 603 4231 eunt
661 4164 792 4231 ‘nos
837 4166 1108 4232 fecimus'
1120 4171 1151 4231 ⁴?
1224 4193 1343 4233 non
1398 4177 1489 4234 est
1543 4193 1723 4252 supra
1777 4176 1936 4236 dicto
1992 4176 2382 4236 contrarium:
2444 4175 2851 4250 unusquisque
2915 4174 3073 4233 enim

457 4260 833 4337 loquentium
887 4263 1330 4339 conceptionem
1383 4264 1532 4323 facit
1585 4283 1812 4339 eorum,
1879 4267 1981 4341 qui
2026 4285 2150 4324 una
2194 4284 2393 4325 secum
2438 4264 2791 4341 loquuntur,
2853 4262 3073 4340 quippe

458 4368 591 4409 cum
647 4350 1052 4428 unusquisque
1107 4371 1246 4428 pars
1304 4356 1396 4413 est
1438 4355 1626 4413 totius
1645 4400 1662 4429 ,
1727 4355 1831 4431 qui
1877 4355 1928 4413 si
1972 4355 2121 4415 velit
2165 4357 2390 4414 eeteros
2435 4353 2698 4412 indicare
2744 4371 2942 4413 seeum
2987 4353 3073 4412 lo·

465 4443 731 4516 quentes,
776 4440 1107 4500 necessario
1153 4442 1444 4502 secundae
1487 4444 1583 4502 vel
1628 4444 1844 4504 tertiae
1892 4462 1990 4504 eos
2038 4444 2317 4503 attribuit
2361 4436 2687 4521 personae.⁹

645 4531 746 4605 20,
770 4532 851 4588 14
899 4527 1432 4606 παρεμφαίνηται,
1482 4532 1641 4608 quod
1685 4532 1882 4593 nescio
1929 4535 2132 4593 utrum
2177 4552 2245 4592 ex
2292 4534 2631 4593 coniectura
2667 4530 2972 4608 scripserit
3015 4530 3074 4607 b,

464 4634 541 4675 an
586 4620 649 4677 in
696 4618 894 4679 codiee
939 4619 1134 4697 legere
1182 4620 1295 4680 sibi
1341 4621 1503 4682 visus
1549 4621 1647 4698 sit,
1693 4622 1954 4682 alienum
2000 4625 2105 4682 est.

647 4708 825 4767 Totus
867 4708 962 4768 hic
1004 4711 1077 4770 de
1108 4714 1384 4784 personis
1430 4712 1586 4772 loeus
1633 4714 1806 4773 etiam
1841 4713 1923 4772 ad
1957 4714 2136 4772 verba
2159 4715 2431 4787 pertinet,
2468 4716 2887 4786 praeterquam
2922 4712 3076 4784 quod

462 4836 475 4842 0
486 4837 723 4845 ——.—-·

639 4911 685 4980 ‘)
731 4915 1126 4982 synt.216,13
1175 4914 1478 4987 legendum
1530 4920 1616 4971 est
1665 4918 1818 4986 εἴπερ
1867 4920 1940 4973 τὰ
1989 4923 2186 4986 πρῶτα
2231 4920 2502 4986 πρόςωπα
2546 4919 2889 4986 πληθυντικὰ
2936 4919 3074 4971 ὄντα

468 4984 732 5051 ςύλληψιν
769 4986 1095 5054 ἀναδέχεται
1132 4987 1404 5060 (πρώτου
1441 4988 1573 5062 καὶ)
1612 4992 1880 5058 δευτέρου
1918 4993 2008 5045 καὶ
2042 4990 2259 5058 τρίτους
2300 4989 2372 5044 ad
2410 5004 2565 5060 pron.
2608 4994 2692 5057 71,
2712 4993 2796 5041 20.
