3738 5530
861 1343 1682 1421 ΑΠΟΛΛΩΝΙΟΤ
1771 1342 2663 1423 ΑΛΕΞΑΝΔΡΕῼΣ

1250 1481 1496 1556 ΠΕΡΙ
1569 1478 2275 1555 ΑΝΤῼΝΤΜΙΑΣ.

247 1637 346 1771 Eg.
359 1637 506 1758 iel?
630 1687 838 1751 Παντί
868 1707 961 1763 τω
992 1685 1328 1762 προῦπτόν
1362 1685 1555 1766 ἐςτιν,
1605 1682 1696 1746 ὼς
1726 1683 1766 1761 ἡ
1798 1683 2111 1759 ςύντομος
2144 1681 2439 1760 ἑρμηνεία
2467 1683 2623 1757 μετὰ
2653 1684 2764 1758 τῆς
2794 1686 2863 1744 δε

467 1789 809 1868 ςαφηνείας
856 1789 1081 1870 πολλῷ
1127 1786 1428 1864 κρείττων
1475 1786 1811 1862 καθὲςτηκε
1856 1789 1968 1861 τῆς
2016 1783 2134 1862 οὐχ
2178 1783 2386 1847 οὕτως
2427 1783 2694 1860 ἑχούςης
2740 1783 2863 1862 φρό

466 1890 615 1954 ὅθεν
671 1890 831 1953 κατὰ
887 1889 1154 1980 δύναμιν
1210 1891 1324 1965 τὴν
1371 1887 1535 1951 ἰδίαν
1582 1887 2033 1964 πειραςόμεθα
2091 1885 2206 1948 τὸν
2265 1886 2409 1981 περὶ
2453 1889 2583 1949 τῶν
2630 1883 2863 1948 ἀντωνι

468 1992 668 2066 λόγον
714 1992 1089 2071 διεξιόντες,
1133 1991 1213 2053 τὰ
1255 1991 1370 2066 μὲν
1417 1989 1819 2066 παρέλκοντα
1863 1988 2415 2064 παραπέμπεςθαι,
2462 1988 2543 2050 τὰ
2575 1987 2645 2050 δὲ
2678 1985 2863 2049 ἑλλείι

470 2095 1122 2170 προςαναπληρῶςαι,
1169 2092 1249 2154 τὰ
1294 2092 1365 2154 δὲ
1410 2088 2047 2169 μακροπεριοδεύτως
2093 2087 2212 2150 ὑπ’
2255 2087 2445 2152 ἐνίων
2486 2087 2783 2165 εἰρημένα
2813 2084 2863 2150 ἀ·

471 2199 610 2258 πῶς
656 2193 1135 2271 ἑπιτομώτερον
1184 2194 1444 2270 φρὰςαι.

643 2360 941 2439 Ἀρκτὲον
998 2362 1069 2424 δὲ
1115 2359 1246 2424 ἀπὸ
1290 2365 1402 2439 τῆς
1448 2361 1765 2438 κλήςεως,
1822 2359 1962 2422 ἐπεὶ
2013 2359 2185 2436 παρά
2229 2379 2342 2422 τιςι
2390 2358 2725 2438 διάφορος.
2813 2358 2863 2422 Τ

397 2480 439 2534 c
480 2462 599 2527 οὖν
643 2465 888 2526 πάντας
935 2462 1382 2539 παρατίθεςθαι
1427 2462 1889 2540 διεψευςμένου
1936 2461 2061 2524 ἐςτὶ
2103 2462 2179 2524 τὸ
2225 2460 2592 2539 ἐπάγγελμα
2607 2510 2625 2542 ,
2679 2461 2756 2525 τὸ
2802 2461 2863 2524 δὲ

479 2564 847 2640 ἐλλογίμους
895 2563 1126 2627 οὐκέτι.

655 2666 1055 2743 Ἀρίςταρχος
1110 2665 1306 2730 λέξεις
1364 2665 1520 2728 κατὰ
1574 2663 1890 2742 πρόςωπα
1945 2663 2250 2738 ςυζύγους
2308 2663 2561 2727 ἐκάλεςε
2619 2664 2733 2728 τὰς
2788 2663 2863 2727 ἀν

475 2769 638 2847 μίας.
715 2765 826 2830 Ὧι
868 2768 971 2831 καὶ
1004 2768 1335 2832 ἀντίκειται
1381 2769 1456 2832 τό
1504 2769 1583 2845 μὴ
1627 2763 1797 2829 ἴδιον
1843 2762 2231 2829 εἶναιτοῦτο
2271 2771 2401 2830 τῶν
2436 2764 2855 2843 ἀντωνυμιῶν

483 2871 609 2947 γὰρ
654 2869 753 2932 καὶ
796 2870 876 2933 τὰ
922 2868 1188 2947 ῥήματα.
1265 2870 1509 2946 μᾶλλον
1540 2868 1663 2946 γὰρ
1696 2867 1913 2930 αὐτῶν
1956 2866 1993 2930 ὁ
2025 2865 2209 2945 ὅρος·
2254 2868 2354 2929 καὶ
2391 2867 2515 2944 γὰρ
2546 2867 2704 2931 κατὰ
2744 2869 2863 2931 πᾶν

477 2991 704 3035 ςωπον
751 2971 1123 3051 ἀκολουθεῖ,
1179 2969 1242 3031 αἱ
1287 2972 1358 3033 δὲ
1404 2968 1794 3046 ἀντωνυμίαι
1842 2967 1962 3046 οὐχ
2009 2966 2252 3045 οὕτως,
2301 2969 2390 3033 ὡς
2437 2967 2759 3046 εἰρήςεται.

321 3086 355 3133 2
384 3089 431 3136 A
646 3072 836 3135 Ἀλλὰ
879 3071 1002 3149 μὴν
1048 3071 1203 3135 οὐδὲ
1247 3072 1405 3135 κατὰ
1445 3072 1560 3135 τὸν
1590 3076 1706 3135 τοῦ
1737 3070 2115 3148 Τροιζηνίου
2158 3070 2669 3147 Διονυςοδώρου
2712 3069 2863 3144 λόγο

473 3172 860 3251 ρονομαςίας
905 3173 1207 3254 κλητέον,
1254 3172 1392 3236 ἐπεὶ
1435 3173 1534 3237 καὶ
1578 3170 1744 3236 ἄλλα
1789 3170 1860 3236 ἔν
1900 3191 2016 3235 τιςι
2049 3171 2593 3250 παρονομάζεται·
2669 3191 2857 3247 πετρ

474 3294 547 3337 τε
606 3273 727 3351 γὰρ
786 3274 890 3337 καὶ
948 3272 1374 3351 ἐργατίνης.
1473 3275 1574 3337 καὶ
1630 3272 1781 3337 ἴςως
1837 3273 1955 3336 οὐκ
2013 3271 2200 3337 ἄλλαι
2254 3274 2422 3337 τινὲς
2466 3272 2863 3351 παραληφθήι

475 3376 520 3453 ἢ
554 3373 620 3438 αἱ
650 3373 948 3454 κτητικαί,
996 3375 1136 3438 ἐπεὶ
1179 3374 1216 3452 ἡ
1249 3374 1400 3450 ἐγώ
1448 3377 1549 3438 καὶ
1591 3374 1630 3451 ἡ
1663 3379 1807 3438 νῶι
1848 3375 1949 3438 καὶ
1979 3378 2169 3437 πᾶςαι
2200 3373 2263 3437 αἱ
2292 3374 2705 3452 πρωτότυποι
2737 3379 2863 3453 θεμι

615 3610 962 3663 Anevmn.
1056 3616 1088 3662 3
1139 3607 1439 3663 Praefatio.
1502 3640 1568 3647 —
1631 3616 1660 3663 9
1700 3598 2020 3662 pronomini
2081 3624 2224 3675 quae
2286 3608 2593 3677 appellatio
2646 3607 2863 3677 aptit-isit

471 3694 544 3746 ut
562 3696 847 3762 appareat,
867 3696 1266 3747 enumerantur
1284 3695 1343 3747 et
1359 3692 1667 3747 reiciantur
1683 3696 1873 3747 cetera
1895 3691 2138 3752 nomina.
2168 3708 2311 3759 quae
2336 3693 2662 3763 ἀντωνυμίᾳ
2681 3692 2863 3746 indita

474 3808 542 3815 —
582 3782 666 3829 12⁴
701 3785 739 3838 ι)
771 3776 986 3830 Nomen
1013 3778 1083 3830 ab
1113 3777 1439 3831 Aristarcho
1464 3778 1803 3852 impositum.
1835 3808 1890 3817 -—
1925 3786 1985 3832 16
2034 3780 2078 3844 2)
2109 3777 2431 3846 Appellatio
2458 3794 2492 3831 a
2513 3777 2863 3845 Dionysodor

619 3977 1016 4033 Dmcnnnurn
1063 3997 1414 4038 scnirrvnm.
1500 3987 1548 4037 1.
1593 3979 1709 4035 Pol.
1764 3987 1860 4035 184
1880 4000 1921 4035 r.
1973 3981 2178 4035 codicis
2215 3986 2277 4037 A.
2381 3980 2444 4033 In
2489 3980 2855 4049 inscriptione

477 4067 700 4118 λωνιου
762 4065 1149 4130 αλεξανδρεως
1212 4081 1339 4132 περι
1405 4082 1760 4131 αντωνυμιας
1825 4067 1957 4119 ante
2016 4081 2373 4130 αντωνυμιας
2424 4065 2538 4118 tres
2591 4064 2831 4118 lineolae

484 4148 549 4200 in
580 4149 623 4201 A
689 4150 698 4214 Ι
760 4156 810 4201 4.
845 4149 1152 4215 ςαφηνείας
1187 4148 1250 4214 b,
1288 4165 1559 4215 ςαφηνιας
1585 4152 1628 4204 Α
1695 4153 1702 4216 Ι
1767 4150 2046 4217 κρείττων
2080 4149 2116 4202 b
2162 4148 2222 4202 in
2256 4150 2446 4214 textu,
2494 4154 2753 4218 κρεῖττον
2798 4149 2853 4202 in

489 4231 853 4294 mendorum,
892 4250 1134 4300 κρειττω
1172 4236 1214 4286 Α
1246 4240 1256 4297 1
1286 4239 1334 4287 8.
1371 4235 1501 4300 poet
1537 4250 1742 4300 φραςαι
1777 4233 1835 4287 in
1863 4239 1906 4289 A
1943 4234 2215 4303 epatium,
2256 4234 2320 4286 ut
2354 4231 2480 4285 finis
2516 4232 2732 4286 exordii
2765 4234 2863 4287 ind

488 4322 540 4369 9.
577 4318 824 4383 κλήςεως
860 4318 945 4369 Ax
979 4316 1015 4369 b
1038 4360 1053 4383 ,
1114 4320 1347 4371 κλιςεως
1390 4320 1452 4370 Α·
1523 4318 1531 4384 Ι
1602 4325 1674 4372 10.
1704 4336 1737 4371 ν
1771 4320 1901 4387 poet
1936 4336 2047 4373 εςτι
2083 4333 2304 4372 erasum
2340 4317 2400 4369 in
2439 4321 2481 4371 A
2548 4319 2556 4386 Ι
2629 4325 2705 4373 13.
2743 4321 2833 4373 καὶ

486 4399 622 4452 dum
658 4401 715 4453 et
749 4402 879 4454 ante
918 4404 1134 4467 μᾶλλον
1172 4417 1221 4451 v.
1266 4409 1327 4455 14
1363 4402 1751 4455 collocandum
1789 4419 1907 4457 esse
1946 4404 2139 4457 censet
2171 4400 2397 4470 GUhlig
2460 4414 2467 4465 ι
2534 4408 2613 4455 14.
2646 4419 2720 4456 τα
2755 4421 2863 4471 ρημ

481 4488 609 4537 τῶν
652 4486 925 4551 ῥημάτων
969 4484 1005 4537 b
1070 4487 1080 4552 Ι
1145 4488 1360 4551 μᾶλλον
1402 4488 1509 4552 γὰρ
1547 4489 1589 4539 Α
1628 4486 1664 4539 b
1718 4486 1777 4538 in
1817 4489 2002 4553 textu,
2050 4490 2263 4551 μᾶλλον
2308 4487 2369 4539 δὲ
2413 4486 2506 4540 vel
2551 4489 2642 4541 καὶ
2691 4490 2863 4552 μᾶλλό

484 4566 545 4620 in
579 4584 694 4621 var.
722 4568 852 4623 lect.
907 4571 917 4636 Ι
961 4572 1174 4634 μᾶλλον
1208 4571 1314 4636 γὰρ
1349 4585 1526 4637 usque
1564 4571 1632 4622 ad
1682 4578 1756 4628 15.
1795 4571 2072 4638 είρήςεται
2109 4570 2242 4623 eicit
2278 4569 2690 4638 PSchmiederl
2737 4577 2810 4630 16,
2850 4578 2863 4625 Ἴ

487 4651 610 4705 νίου
646 4651 708 4717 b,
744 4656 1045 4720 τρυζηνιου
1079 4656 1122 4708 Α
1155 4656 1162 4717 Ι
1194 4654 1607 4720 παρονομαςίας
1642 4655 1679 4707 b
1715 4657 1774 4707 in
1809 4655 1995 4718 textu,
2033 4654 2463 4722 παρωνομαςίας
2498 4654 2557 4707 in
2592 4653 2706 4710 ind.
2734 4671 2863 4708 men

490 4752 867 4804 παρονομαςια
906 4739 947 4788 Α
980 4739 988 4803 Ι
1024 4743 1099 4795 17.
1136 4739 1198 4791 ἔν
1232 4739 1362 4805 τιςι]
1402 4741 1507 4793 τιςί
1543 4738 1752 4791 conicit
1773 4738 2130 4793 RSchneider
2160 4744 2168 4806 Ι
2201 4745 2281 4792 18.
2309 4740 2398 4792 καί
2434 4740 2653 4793 ἵςως-
2681 4747 2752 4792 19.
2792 4744 2863 4806 Oe]

493 4821 673 4888 spuria
707 4823 902 4876 censet
936 4819 1309 4876 PSchmieder

2607 4909 2674 4962 1*
