3738 5530
606 298 733 365 252
1558 303 1736 354 ΠΕΡΙ
1773 302 2249 359 ΣΤΝΔΕΣΜΩΝ.

1631 426 1673 462 p.
1701 414 1792 463 519,
1820 414 1869 452 22
1897 435 1948 443 —
1974 413 2063 463 522,
2089 416 2113 454 ιι
2146 416 2173 452 b

605 508 723 569 τοῦ
779 505 900 584 γάρ
945 506 1017 571 ἐν
1062 513 1156 589 τῷ
1197 505 1550 586 τοιγάρτοι,
1610 508 1714 571 καὶ
1769 508 1926 587 μετὰ
1970 494 2090 571 τοῦ
2144 505 2265 571 οὖν
2322 510 2686 586 τοιγαροῦν.
2765 508 3031 586 δύναμιν
3074 511 3197 588 γὰρ

607 607 861 685 ἔχουςιν
908 608 971 672 οἱ
1016 612 1301 672 τοιοῦτοι
1346 607 1484 686 ἰ’ςην
1530 614 1621 691 τῷ
1670 607 1796 689 ἄρα
1841 608 2318 690 ςυςτελλομένῳ
2366 610 2525 673 κατὰ
2552 610 2628 673 τό
2661 613 2720 672 ἃ.
2784 612 2885 675 καὶ
2917 609 3197 690 εἴρηνται

610 711 723 788 μὲν
783 710 1175 789 ἐπιφορικοί,
1231 711 1389 774 καθὸ
1446 710 1864 789 ἐπιφέρονται
1920 713 2053 774 τοῖς
2112 712 2737 795 λελημματιςμένοις,
2794 712 2996 777 ἀλλὰ
3049 714 3197 791 μὴν
3248 729 3300 768 25

607 811 851 890 ἡμέρα
896 811 1090 894 ἑςτί,
1137 816 1304 893 φῶς
1349 810 1496 890 ἄρα
1540 812 1737 894 ἐςτί,
1785 817 2226 890 τοιγαροῦν
2272 818 2434 893 φῶς
2479 813 2668 897 ἐςτί,
2716 821 2880 894 φῶς
2924 815 3199 880 τοίνυν

540 929 571 976 5
612 913 794 978 ἐςτί·
846 914 1300 989 ςυλλογιςτικοὶ
1346 913 1450 996 δέ,
1495 915 1711 979 καθότι
1756 913 1859 978 ἐπί
1903 934 2059 979 τιςιν
2105 913 2531 997 ἀποδείξεςιν,
2578 916 3199 994 ἑπιςυλλογιζόμενοι

605 1014 679 1078 τὸ
749 1016 1221 1097 ςυναγόμενον,
1298 1018 1760 1096 προςχρώμεθα
1823 1020 1960 1081 τοῖς
2029 1016 2390 1096 ςυνδέςμοις
2458 1019 2698 1094 τοῖςδε,
2773 1017 2981 1095 ἔχεις
3052 1038 3198 1098 μου

606 1117 845 1181 πέντε
892 1116 1267 1195 δραχμάς’,
1316 1118 1529 1197 ἔχεις
1574 1121 1657 1183 δὲ
1702 1119 1824 1182 καὶ
1867 1121 2109 1199 τρεῖς,
2156 1118 2364 1197 ἔχεις
2397 1117 2542 1196 ἄρα
2583 1116 2781 1183 ὀκτὼ
2814 1119 3195 1198 δραχμάς,
3249 1135 3301 1176 ³0

606 1217 826 1295 ἔχεις
870 1218 1148 1283 τοίνυν
1195 1218 1396 1284 ὀκτὼ
1445 1220 1811 1299 δραχμάς.
1890 1221 2268 1302 <Ἄπειρος>
2313 1220 2351 1297 ἡ
2398 1221 2542 1282 καθ’
2588 1220 2704 1283 ἕνα
2749 1220 3012 1284 ἕκαςτον
3060 1222 3197 1284 ςύν-

606 1325 835 1399 δεςμον
920 1320 1242 1385 ἀπόδειξις
1320 1321 1409 1386 εἰς
1473 1322 1548 1385 τὸ
1625 1321 1723 1385 ὅτι
1791 1322 1889 1386 καὶ
1957 1323 2215 1401 δηλοῦςί
2280 1343 2337 1386 τι
2406 1321 2466 1385 οἱ
2528 1325 3195 1401 παραπληρωματικοί.
3235 1336 3334 1384 520

506 1437 568 1484 10
606 1420 756 1485 ἀλλ’
804 1422 942 1487 ἐπεὶ
987 1424 1280 1488 πλείονες
1326 1424 1440 1503 μέν
1473 1423 1584 1488 εἰςι
1614 1427 1749 1487 ταῖς
1782 1426 2065 1504 φωναῖς,
2111 1427 2246 1488 τοῖς
2277 1425 2349 1487 δὲ
2379 1424 2800 1502 δηλουμένοις
2831 1424 3193 1505 ἐλάττονες,

606 1523 832 1602 ἀρκετὴ
876 1523 915 1601 ἡ
963 1524 1027 1589 ἐξ
1071 1524 1218 1590 ἑνὸς
1264 1523 1529 1589 ἑκάςτου
1576 1526 2113 1605 ἰςοδυναμοῦντος
2159 1524 2494 1592 ἀπόδειξις.
2570 1527 2866 1602 περιςςὸν
2911 1527 3034 1605 γὰρ
3078 1528 3193 1592 τὸν

607 1624 689 1704 ῥά
732 1625 1254 1705 παραλαμβάνειν
1315 1631 1431 1690 τοῦ
1490 1629 1568 1706 δή
1626 1627 2153 1706 ἀποδειχθέντος,
2212 1628 2249 1704 ἢ
2296 1628 2412 1691 τόν
2459 1628 2575 1705 θήν
2632 1627 2670 1705 ἢ
2715 1627 2830 1691 τὸν
2887 1628 2998 1710 νύ,
3054 1627 3193 1694 ἐπεὶ
3243 1648 3269 1688 5

603 1728 679 1792 τὸ
727 1728 887 1792 αὐτὸ
932 1729 1007 1792 τὸ

863 1828 1048 1893 ἄλλοι
1096 1830 1212 1909 μέν
1260 1828 1340 1908 ῥα
1383 1830 1519 1895 θεοί
1563 1851 1631 1894 τε
1678 1832 1751 1910 (Β
1805 1830 1866 1915 1)

507 1942 566 1990 15
605 1937 696 2014 τῷ
1472 1977 1479 1988 .

862 2032 923 2095 οἱ
968 2033 1082 2111 μὲν
1129 2034 1205 2112 δὴ
1251 2034 1412 2112 παρ’
1458 2032 1683 2112 ὄχεςφι
1732 2035 1814 2115 (O
1861 2034 1928 2118 3)

605 2135 705 2199 καὶ
753 2141 845 2217 τῷ
892 2127 948 2201 ’.
1043 2183 1057 2196 .
1149 2183 1162 2197 .
1254 2138 1466 2202 Ταῦτα
1510 2136 1624 2213 μὲν
1673 2134 1761 2200 ὡς
1807 2139 2108 2214 δηλοῦςιν
2157 2134 2217 2199 οἱ
2260 2136 2931 2213 παραπληρωματικοί.

781 2236 1049 2300 Κάκεῖνο
1097 2238 1168 2300 δὲ
1213 2235 1680 2316 ὑποθηςόμεθα,
1732 2237 1822 2301 δι’
1868 2238 1945 2314 ἣν
1993 2237 2196 2301 αἰτίαν
2244 2236 2374 2300 ἀπὸ
2418 2240 2536 2301 τοῦ
2568 2236 3049 2315 πλεονάςματος
3082 2240 3198 2316 τὴν
3254 2261 3301 2299 ιο

611 2336 960 2418 ὀνομαςίαν
1024 2337 1235 2417 ἔςχον.
1315 2338 1570 2402 δέδοται
1634 2339 1758 2416 γὰρ
1824 2337 1923 2403 ὅτι
1981 2340 2311 2415 ςύνδεςμοι
2367 2339 2466 2401 καὶ
2522 2338 2779 2417 δηλοῦςί
2834 2360 2922 2419 τι,
2987 2340 3062 2403 τὸ
3128 2341 3199 2403 δὲ

501 2448 568 2497 20
604 2443 835 2504 πλεῖον
895 2439 992 2503 ἀεὶ
1047 2441 1370 2518 ἐπικρατεῖ
1423 2443 1541 2504 τοῦ
1597 2439 1961 2505 ἐλάττονος.
2038 2442 2138 2504 καὶ
2193 2441 2489 2517 περιςςὸν
2545 2439 2633 2503 εἰς
2684 2444 2880 2505 τοῦτο
2938 2442 3197 2519 παρατί-

555 2549 562 2556 ”
603 2546 834 2623 θεςθαι,
881 2543 1076 2620 χωρὶς
1123 2542 1176 2605 εἰ
1220 2543 1299 2620 μὴ
1347 2542 1459 2606 ἐπ’
1503 2540 1718 2606 αὐτῶν
1764 2547 1896 2607 τῶν
1945 2543 2327 2620 ςυνδέςμων.
2391 2541 2715 2619 ἀπειράκις
2755 2541 2856 2623 ο<ῑ
2888 2543 3196 2626 ςυμπλε->
3252 2566 3300 2604 15

604 2644 801 2707 κτικοὶ
868 2643 1368 2724 ςυμπλέκουςιν,
1442 2642 1554 2707 ἵνα
1617 2641 1784 2708 ἅπαξ
1849 2643 2032 2725 <καὶ>
2096 2643 2281 2707 αὐτοὶ
2346 2642 2771 2708 πλεονάςωςι·
2847 2644 2947 2707 καὶ
3014 2644 3201 2709 ἕνεκα

602 2744 841 2809 τούτου
899 2745 1279 2824 ἐπεκράτηςε
1335 2746 1413 2810 τὸ
1470 2747 1788 2810 καλεῖςθαι
1841 2744 2081 2811 αὐτοὺς
2139 2745 2650 2827 ςυμπλεκτικούς.
2735 2747 2810 2809 τὸ
2879 2745 3037 2810 αὐτὸ
3099 2746 3199 2810 καὶ

607 2848 709 2910 ἐπὶ
774 2850 909 2910 τῶν
978 2846 1392 2929 ὑπολοίπων,
1463 2848 1516 2911 εἰ
1584 2847 1683 2911 καί
1749 2867 1878 2911 που
1938 2847 2257 2926 εὑρεθεῖεν
2324 2849 2809 2914 πλεονάζοντες.
2895 2849 3080 2913 ἔνθεν
3136 2847 3201 2911 αἱ

501 2956 567 3004 ’25
607 2948 864 3013 δέουςαι
938 2948 1270 3026 ὀνομαςίαι
1344 2950 1594 3028 ἔμενον.
1709 2949 1770 3012 οἱ
1847 2952 2064 3028 μέντοι
2142 2950 2797 3028 παραπληρωματικοὶ
2869 2949 3197 3028 ςύνδεςμοι
3251 2973 3302 3012 20

609 3050 1029 3130 καλούμενοι,
1090 3052 1163 3114 τὸ
1211 3052 1413 3115 πλέον
1459 3050 1930 3115 πλεονάςαντες
1988 3051 2149 3130 ἤπερ
2207 3053 2583 3129 δηλοῦντες,
2643 3053 2800 3115 κατὰ
2844 3051 2960 3130 τὴν
3019 3051 3198 3115 ἐναν-

605 3150 744 3215 τίαν
805 3151 1151 3229 παράθεςιν
1210 3155 1327 3216 τοῦ
1374 3152 1722 3231 ςυνδέςμου
1782 3151 1913 3215 ἀπὸ
1969 3157 2085 3216 τοῦ
2142 3152 2620 3216 πλεονάςαντος
2679 3154 2792 3230 τὴν
2851 3151 3198 3231 ὀνομαςίαν

606 3253 818 3329 ἔςχον.
900 3252 1106 3317 οὕτως
1164 3257 1325 3328 γοῦν
1383 3252 1820 3334 ἐπλεόναζον,
1884 3252 2044 3317 ὥςτε
2103 3254 2205 3317 καὶ
2258 3255 2409 3318 τοὺς
2464 3253 2798 3317 πλείςτους
2855 3255 3072 3317 λαθεῖν
3125 3255 3198 3319 τὸ

606 3352 1007 3431 δηλούμενον
1039 3355 1144 3418 -τό
1203 3354 1267 3417 ἐξ
1321 3354 1556 3421 αὐτῶν.
1633 3355 1712 3433 ἦν
1768 3357 1840 3419 δὲ
1894 3355 1996 3418 καὶ
2053 3354 2090 3417 ὁ
2146 3340 2548 3432 πλεοναςμὸς
2603 3354 2818 3418 αὐτῶν
2888 3355 3198 3434 χρειώδης
3251 3378 3301 3416 25

502 3464 568 3511 30
605 3452 790 3529 ἄγαν.
853 3455 892 3534 ἥ
938 3476 1005 3518 τε
1050 3455 1173 3534 γὰρ
1220 3454 1346 3520 ἀνὰ
1389 3460 1572 3534 χεῖρα
1617 3456 1827 3534 ὁμιλία
1874 3457 1977 3519 καὶ
2020 3456 2082 3520 αἱ
2130 3457 2446 3521 ςυντάξεις
2491 3456 2555 3518 αἱ
2600 3454 2853 3535 ἀρχαῖαι
2899 3458 3000 3520 καὶ
3029 3460 3198 3522 πᾶςα

604 3558 892 3636 ποιητικὴ
940 3560 1157 3637 γραφὴ
1205 3558 1522 3636 τρέπεται,
1546 3559 1650 3622 ἐπὶ
1693 3560 1808 3637 τὴν
1857 3557 2210 3638 εὐφωνίαν,
2260 3559 2358 3621 καὶ
2404 3559 2508 3622 διὰ
2552 3561 2746 3621 τοῦτο
2779 3557 3090 3637 εὔχρηςτα
3119 3559 3197 3622 τὰ

605 3659 989 3737 προκείμενα
1033 3658 1255 3740 μόρια,
1303 3661 1517 3724 καθότι
1563 3681 1716 3742 περ,
1763 3660 1853 3725 ὡς
1899 3659 2250 3740 πρόκειται,
2310 3657 2651 3725 ἀπείκαζον
2699 3658 2861 3723 αὐτά
2904 3679 3077 3724 τινες
3121 3665 3194 3741 τῇ

604 3760 1021 3842 προςκειμένῃ
1068 3766 1279 3842 ςτοιβῇ
1324 3765 1460 3826 τοῖς
1506 3760 1877 3841 ἀμφορεῦςι.
1940 3762 2043 3825 καὶ
2072 3760 2161 3824 ὡς
2203 3761 2305 3824 ἐπὶ
2350 3760 2679 3839 ςτοιχείων
2725 3760 2869 3859 οἷόν
2916 3761 2983 3823 τέ
3030 3759 3194 3825 ἐςτιν
3247 3784 3297 3822 30

604 3860 957 3938 ἀναγκαῖον
1016 3861 1303 3940 εὑρέςθαι
1359 3861 1798 3942 πλεοναςμόν,
1856 3863 1926 3926 ἐν
1985 3863 2038 3944 ᾧ
2096 3863 2260 3943 <οὐ>
2308 3862 2565 3926 πάντως
2620 3862 2695 3925 τὸ
2756 3865 3067 3939 ςτοιχεῖον
3115 3862 3194 3926 οὐ

500 3972 565 4018 35
604 3967 941 4045 ςτοιχεῖον,
989 3964 1145 4029 καθὸ
1194 3964 1568 4029 ἐπλεόναζε·
1614 3963 1807 4028 πάλιν
1851 3966 1975 4042 γὰρ
2021 3962 2545 4042 παρελαμβάνετο
2592 3963 2677 4027 εἰς
2718 3964 2993 4041 δήλωςίν
3023 3984 3197 4027 τινος

737 4134 949 4187 Anava.
1026 4138 1087 4186 18
1135 4132 1407 4197 Quoniam
1454 4129 1774 4199 expletivae
1820 4130 2035 4199 aliquid
2080 4129 2297 4191 valent,
2346 4131 2638 4198 quaeritur
2672 4146 2771 4183 cur
2807 4130 2878 4184 ab
2916 4129 3196 4199 explendo

602 4216 692 4269 vel
737 4217 1107 4272 redundando
1154 4233 1359 4271 nomen
1403 4215 1735 4272 invenerint.
1784 4246 1849 4254 —
1894 4221 1959 4268 24
1996 4214 2107 4268 Sed
2152 4214 2374 4283 saepius
2418 4214 2741 4268 redundant
2766 4216 2943 4283 'quam
2982 4213 3195 4282 aliquid

603 4300 950 4370 significant,
987 4304 1140 4357 certe
1177 4302 1477 4371 plerosque
1515 4299 1653 4367 quid
1688 4298 2009 4369 significent
2032 4299 2204 4369 sugit,
2242 4299 2335 4352 vel
2361 4300 2675 4368 euphoniae
2702 4315 2871 4354 causa
2894 4301 3197 4367 ponuntur.

737 4452 929 4507 D1scn.
975 4473 1174 4509 sempr.
1253 4462 1301 4507 3.
1339 4457 1880 4520 λελειμματιςμενοις
1920 4457 1961 4507 Α
2005 4452 2014 4520 Ι
2055 4459 2105 4507 8.
2139 4454 2402 4519 Ἀπειρος
2439 4451 2567 4505 add.
2604 4452 2666 4516 b,
2704 4450 2925 4504 nullum
2960 4450 3195 4505 lacunae

601 4536 871 4590 indicium
908 4539 962 4591 in
987 4541 1066 4604 ΑΙ
1107 4544 1184 4591 12.
1222 4540 1346 4593 ἐπεὶ
1381 4538 1446 4604 b,
1488 4556 1578 4592 επι
1606 4541 1647 4591 Α
1677 4548 1688 4597 1
1722 4544 1799 4591 17.
1837 4543 1922 4605 τῷ
1964 4577 1974 4590 .
2018 4583 2029 4595 .
2071 4577 2084 4590 .
2121 4537 2186 4601 b,
2225 4536 2443 4589 nullum
2470 4534 2703 4589 lacunae
2729 4536 2998 4589 indicium
3026 4535 3085 4587 in
3113 4536 3155 4589 Α
3186 4540 3192 4601 l

603 4630 683 4676 20.
721 4623 808 4674 ἀεὶ
836 4622 899 4688 b,
939 4639 1079 4676 καιει
1106 4624 1148 4677 Α
1181 4625 1189 4688 Ι
1221 4628 1302 4676 21.
1329 4626 1502 4690 χωρὶς
1534 4623 1600 4691 εἰ]
1641 4621 1736 4679 fol.
1780 4629 1868 4674 111
1902 4640 1954 4676 v.
1989 4624 1998 4687 Ι
2025 4621 2286 4684 lacunam
2324 4620 2469 4689 expl.
2500 4620 2535 4673 b
2568 4624 2577 4687 Ι
2608 4626 2689 4674 22.
2717 4623 2806 4674 καὶ
2832 4619 2961 4673 add.
2989 4619 3052 4684 b,
3092 4620 3198 4672 κᾶν

604 4707 749 4758 ἅπαξ
776 4707 940 4759 αὐτοὶ
968 4706 1191 4775 GUhlig
1219 4709 1228 4774 Ι
1259 4713 1341 4761 30.
1378 4710 1413 4773 ἥ
1449 4724 1513 4761 τε
1540 4707 1601 4773 b,
1631 4724 1677 4761 ει
1704 4725 1766 4762 τε
1788 4710 1831 4761 Α
1863 4708 1873 4772 Ι
1904 4709 2112 4774 ομηλια
2140 4709 2181 4759 Α
2213 4707 2222 4771 Ι
2253 4713 2335 4759 33.
2362 4706 2729 4772 προςκειμένη
2754 4704 2818 4771 b,
2859 4720 3197 4770 προκειμένη

604 4790 646 4843 Α
678 4791 688 4857 Ι
720 4796 798 4843 31.
827 4790 894 4841 οὐ
922 4789 1049 4844 add.
1076 4789 1437 4844 RSchneider
1465 4793 1477 4858 Ι
1505 4808 1607 4861 pro
1644 4793 1713 4846 τὸ
1751 4796 2028 4858 ςτοιχεῖον
2064 4788 2270 4844 conicit
2302 4807 2356 4843 τι
2392 4796 2669 4856 ςτοιχεῖον
2705 4786 3063 4841 RSchneider
