3738 5530
703 363 833 428 146
907 362 1350 419 Commentarius
1377 362 1605 417 criticus
1632 367 1692 419 et
1717 363 2040 435 exegeticus
2066 363 2129 417 in
2153 363 2442 433 Apollonii
2468 363 2701 433 Dyscoli
2726 363 2937 433 scripta
2962 364 3195 420 minora.

694 535 934 609 poterat
968 533 1274 606 Matthias,
1317 531 1783 608 disputationem
1817 532 1892 591 de
1929 531 2197 592 adverbii
2241 531 2582 593 definitione
2633 534 2779 608 125,
2800 534 2837 591 5
2884 533 3119 593 finitam
3162 551 3288 594 esse.

696 621 954 696 Deinde,
1011 624 1126 681 etsi
1179 623 1304 681 veri
1358 621 1550 681 simile
1604 624 1696 682 est
1749 640 1933 698 supra
1986 613 2095 703 (ad
2146 623 2292 697 119,
2314 613 2382 703 5)
2437 625 2862 699 expositionem
2909 623 2983 683 de
3041 623 3292 684 adverbii

697 710 1198 788 appellationibus
1252 713 1572 783 interiisse,
1631 714 1831 771 tamen
1887 731 2006 771 non
2060 713 2330 787 sequitur
2386 715 2457 771 ut
2509 731 2662 788 quae
2720 713 2866 788 125,
2887 714 3103 772 6-16
3160 713 3293 772 dicit

695 801 990 877 Dyscolus
1037 802 1113 860 ab
1159 800 1213 857 h.
1252 800 1288 857 l.
1328 801 1524 859 aliena
1570 802 1706 860 sint.
1777 800 1965 859 Aliud
2011 803 2170 860 enim
2215 805 2307 860 est
2353 801 2784 877 appellationes
2829 805 3125 879 quotquot
3166 807 3294 862 sunt

696 909 1065 965 enumerare,
1119 890 1285 949 aliud
1331 908 1640 967 quaerere,
1693 889 1797 949 ubi
1842 890 1915 949 de
1961 893 2399 950 constructione
2444 889 2711 950 adverbii
2764 909 2956 951 sermo
3003 894 3120 966 est,
3172 910 3291 968 pos·

694 983 849 1040 sitne
906 975 1222 1054 ἐπίρρημα
1274 998 1489 1038 nomen
1545 981 1809 1038 omnium
1863 999 1977 1040 usu
2028 983 2333 1056 receptum
2386 998 2522 1039 cum
2578 982 2706 1040 eius
2761 984 3197 1041 constructione
3236 984 3291 1040 in

631 1109 646 1125 .
695 1068 1068 1129 concordiam
1112 1068 1321 1147 redigi.
1395 1068 1609 1144 Itaque
1653 1072 1801 1144 puto
1837 1069 2237 1147 Egenolffium
2273 1069 2362 1127 IV
2400 1071 2483 1129 47
2523 1072 2749 1146 optimo
2793 1073 2922 1130 iure
2963 1070 3117 1130 hanc
3161 1089 3293 1147 quo·

695 1179 808 1235 que
855 1152 1147 1232 ἀθέτηειν
1191 1159 1476 1218 reiecisse.

873 1248 1427 1325 125,6—126,23
1475 1248 1545 1307 cf.
1586 1247 1764 1307 Prisc.
1801 1246 1915 1306 XV
1957 1268 2015 1323 p.
2057 1247 2264 1322 89,14
2285 1266 2370 1325 sq.

875 1338 1079 1412 125‚7
1137 1331 1271 1397 ἀπὸ
1325 1336 1442 1397 τοῦ
1500 1332 1933 1412 ἐπιτετάχθαι
1988 1335 2229 1397 KLehrs
2283 1337 2438 1396 Ann.
2485 1338 2603 1397 litt.
2651 1337 2783 1397 Jen.
2836 1339 3004 1398 1879
3052 1358 3109 1415 p.
3151 1340 3294 1412 2243

694 1447 813 1487 non
856 1429 1034 1500 recte,
1077 1446 1132 1486 v.
1170 1426 1451 1505 Egenolff
1487 1426 1583 1485 HI
1632 1428 1775 1485 164.

875 1517 1022 1590 125,
1044 1519 1124 1576 19
1172 1535 1282 1592 pro
1328 1512 1619 1578 (ύνταξιν
1664 1515 1874 1576 scribit
1915 1510 2225 1578 ὑπόταξιν
2270 1516 2483 1576 Matth.
2523 1517 2553 1575 I
2597 1517 2710 1592 803
2756 1517 2915 1594 quod
2960 1519 3088 1576 iure
3132 1519 3295 1576 meri-

690 1608 871 1682 toque
916 1605 1218 1682 improbat
1261 1605 1541 1683 Egenolff
1577 1604 1666 1664 IV
1716 1607 1819 1680 50,
1875 1606 2019 1681 quia
2061 1605 2329 1682 profecto
2384 1602 2669 1669 (ύνταξιε
2713 1607 2769 1665 h.
2807 1608 2845 1665 l.
2892 1610 2958 1666 et
2999 1603 3294 1681 πρόταξιν

694 1699 755 1756 et
799 1691 1107 1757 ὑπόταξιν
1151 1695 1473 1772 significet,
1524 1713 1780 1771 quarum
1823 1699 2041 1754 neutra
2082 1697 2361 1754 usitatior
2405 1697 2487 1754 sit
2532 1697 2722 1755 altera
2767 1696 2929 1773 apud
2973 1698 3294 1773 scriptores.

875 1785 1021 1859 125,
1044 1786 1127 1844 20
1174 1780 1246 1844 ἐν
1301 1785 1394 1864 τῷ
1448 1781 1594 1858 περὶ
1649 1779 2032 1863 ευντάξεωε]
2088 1784 2344 1863 relegari
2397 1803 2505 1845 nos
2559 1785 2638 1843 ad
2682 1804 2815 1845 eam
2867 1785 3007 1844 libri
3051 1786 3125 1845 de
3168 1802 3295 1844 con-

691 1875 1014 1934 structione
1058 1877 1295 1950 partem
1338 1892 1496 1932 nunc
1540 1873 1931 1951 deperditam,
1976 1893 2095 1950 qua
2136 1873 2210 1933 de
2255 1876 2495 1951 syntaxi
2541 1874 2954 1935 adverbiorum
2998 1874 3297 1953 agebatur,

690 1966 894 2024 monet
936 1961 1311 2023 OSchneider
1351 1962 1415 2021 Π
1462 1964 1608 2022 457.

874 2055 1121 2127 125,21
1174 2047 1465 2131 εἴπομεν]
1517 2053 1800 2127 12Ο,21;
1845 2053 1918 2111 cf.
1956 2055 2110 2128 synt.
2153 2053 2255 2128 18,
2279 2055 2332 2112 7.
2383 2054 2609 2129 21,17.

874 2144 1078 2218 126,2
1127 2137 1376 2220 φήεειε]
1422 2138 1610 2217 φήςει
1655 2141 1868 2200 Matth.
1907 2142 1938 2200 Ι
1980 2143 2091 2216 753
2135 2161 2191 2201 v.
2229 2141 2366 2202 diss.
2405 2143 2479 2201 de
2525 2145 2783 2203 consuet.
2822 2143 2939 2219 Ap.

872 2232 1123 2307 126‚13
1170 2225 1337 2292 ’Cen
1384 2226 1484 2310 δέ]
1530 2225 1662 2291 Ἔτι
1709 2229 1781 2292 δὲ
1816 2230 2098 2309 Egenolff
2126 2231 2158 2289 I
2197 2233 2343 2290 841.

871 2322 1019 2396 126,
1041 2322 1122 2381 23
1171 2321 1482 2380 For-mulae
1529 2317 1644 2381 Καὶ
1688 2320 1966 2381 τοεαῦτα
2011 2318 2127 2395 μὲν
2172 2338 2225 2380 κ.
2253 2338 2307 2381 τ.
2337 2320 2391 2381 λ.
2444 2321 2824 2381 antecessisse
2868 2321 3041 2381 illam
3083 2318 3156 2378 de
3199 2339 3299 2379 no-

690 2414 852 2472 tione
900 2411 1315 2471 adverbiorum
1357 2414 1611 2487 partem,
1660 2429 1841 2487 quam
1887 2413 2071 2469 etiam
2114 2410 2316 2489 Egger
2358 2411 2471 2488 Ap.
2524 2413 2648 2470 196
2697 2414 2761 2471 et
2808 2411 2933 2470 198
2981 2409 3297 2470 desiderari

693 2501 886 2562 obiter
928 2502 1179 2575 monuit,
1224 2503 1547 2577 posteaque
1592 2500 1838 2577 periisse
1885 2502 2087 2559 censet
2129 2500 2342 2561 Matth.
2381 2501 2411 2559 I
2453 2503 2518 2576 73
2564 2521 2619 2560 v.
2657 2502 2831 2577 epim.

870 2591 927 2650 3.
994 2590 1083 2649 De
1129 2592 1213 2650 eis
1269 2590 1510 2650 vocibus
1566 2608 1718 2666 quae
1774 2590 1970 2649 sintne
2026 2589 2321 2649 adverbiis
2377 2590 2854 2650 adnumerandae
2906 2607 3089 2650 necne
3134 2588 3299 2649 dubi-

689 2683 858 2741 tatur
905 2682 1053 2755 126,
1074 2681 1400 2754 24-145,
1421 2680 1520 2739 25.

868 2762 935 2852 a)
989 2771 1080 2829 De
1125 2764 1287 2845 ὤμοι
1341 2763 1530 2843 οἴμοι.
1622 2763 1842 2843 Οἴμοι
1900 2763 2088 2844 ὤμοι
2140 2786 2261 2829 non
2312 2788 2501 2829 unum
2545 2787 2693 2840 esse,
2748 2772 2850 2830 sed
2896 2788 2926 2829 e
2958 2771 3302 2844 pronomine

692 2856 857 2935 ἐμοί
895 2861 1274 2933 etparticula
1310 2853 1384 2920 οἴ
1420 2853 1474 2918 ὦ
1513 2861 1843 2931 cannabum,
1869 2861 2138 2933 primmn
2171 2877 2462 2933 apparere
2495 2861 2697 2920 dictmt
2731 2877 2801 2919 en
2833 2861 3065 2933 forma;
3098 2858 3303 2918 deinde

693 2968 761 3009 ex
806 2966 870 3009 eo
913 2950 1092 3024 quod,
1148 2967 1280 3008 eum
1323 2949 1604 3008 adverbia
1656 2950 1925 3008 onmibws
1957 2951 2231 3023 personis
2274 2950 2432 3009 odaei
2474 2950 2722 3018 soleant,
2781 2948 2923 3009 illae
2964 2965 3129 3009 voces
3171 2965 3302 3007 omn

688 3057 817 3099 wna
859 3041 1065 3113 prima
1118 3042 1580 3113 coniumyantm·;
1630 3054 1924 3112 personas
1977 3042 2174 3098 autem
2226 3039 2581 3114 distinguere
2635 3042 2740 3099 aut
2791 3039 2953 3098 verbi
3016 3055 3140 3098 esse
3200 3040 3305 3096 aut

680 3129 1082 3201 pronominis;
1126 3127 3305 3203 eryo‚cumverbanons1>ntilla,seqniutinpronominumnwnemm

690 3218 1026 3290 referantur
1084 3218 1230 3291 126,
1252 3219 1576 3292 27-127,
1598 3218 1653 3275 9.
1749 3214 1833 3275 cf.
1890 3235 2057 3292 pron.
2108 3218 2212 3293 34,
2235 3219 2524 3292 19—273
2585 3217 2701 3276 ΕΜ
2748 3217 3000 3292 618,17
3042 3242 3127 3264 =
3165 3215 3301 3274 Her.

694 3305 754 3363 H
794 3307 1073 3381 202‚ll;
1134 3304 1242 3365 AO
1277 3305 1340 3364 11
1381 3307 1665 3381 281,16;
1727 3305 1842 3364 ΕΜ
1882 3306 2031 3381 822,
2051 3307 2134 3365 34
2166 3332 2251 3354 =
2279 3306 2418 3366 Her.
2455 3260 2524 3365 Π,
2565 3308 2807 3382 610,1;
2869 3304 2977 3365 EG
3025 3306 3306 3379 578,35;

691 3392 798 3453 ΕΟ
831 3397 977 3469 171,
998 3396 1065 3475 63
1099 3394 1205 3453 ΑΡ
1234 3395 1327 3453 m
1357 3396 1502 3454 336.
1549 3394 1792 3454 Bachm.
1819 3395 1934 3453 An.
1964 3395 1996 3453 I
2023 3397 2172 3471 421,
2196 3397 2296 3454 22.
2343 3395 2482 3455 Hes.
2510 3413 2554 3455 s.
2578 3416 2629 3456 v.
2659 3393 2839 3476 ᾧμοι.
2890 3393 3050 3455 AOI
3077 3396 3227 3469 450,
3245 3394 3302 3452 3.

695 3485 932 3560 314,4;
976 3483 1113 3543 Lex.
1151 3484 1322 3544 Mess.
1359 3484 1516 3542 MRh
1564 3485 1732 3543 1892
1779 3504 1836 3560 p.
1876 3484 2023 3543 413.

875 3575 1122 3648 126‚27
1174 3573 1541 3633 Schoemann
1585 3573 1648 3632 Π
1676 3599 1761 3621 =
1791 3592 1989 3649 opusc.
2036 3572 2125 3632 IV
2174 3576 2298 3633 246
2357 3569 2495 3651 ‘Ap.
2541 3594 2659 3634 non
2715 3576 2826 3650 sic,
2885 3574 2990 3633 sed
3037 3576 3143 3632 aut
3185 3569 3307 3632 τοῦ

693 3658 833 3737 ἐμοί
889 3666 994 3722 aut
1056 3663 1308 3723 fortasse
1361 3662 1481 3724 τοῦ
1535 3658 1676 3737 ἐμοί
1728 3659 1768 3736 ἢ
1816 3658 1923 3737 μοί
1976 3664 2279 3739 scripsisse
2340 3666 2529 3741 ipsius
2593 3663 2775 3724 verba
2836 3663 3013 3723 fidem
3075 3663 3308 3722 faciunt

692 3772 750 3829 p.
791 3754 998 3827 537‚3
1050 3746 1227 3832 [127,
1246 3747 1315 3832 4]
1365 3746 1464 3813 ὅτι
1511 3748 1629 3824 καί,
1677 3747 1766 3812 ὡ(
1811 3748 2079 3828 ἔφαμεν,
2126 3750 2203 3814 τὸ
2248 3752 2487 3827 πλῆρες
2532 3753 2647 3828 τῆ(
2691 3752 2917 3828 φωνῆς
2965 3748 3307 3813 ἀκούουειν

692 3838 748 3901 ὢ
796 3837 962 3916 ἐμοί,
1011 3837 1099 3902 ὼε
1146 3838 1277 3917 ἔχει
1323 3838 1427 3902 καὶ
1471 3838 1648 3916 παρὰ
1691 3838 2035 3923 Παρθενίῳ
2082 3838 2136 3902 ὢ
2185 3838 2295 3916 ἐμὲ
2340 3840 2459 3918 τὴν
2504 3840 2585 3902 τὰ
2628 3837 2928 3918 περι(εά’.

874 3933 1080 4005 127,5
1130 3926 1404 4009 ἔφαμεν]
1453 3931 1585 3990 adv.
1628 3933 1774 4007 126,
1797 3933 1897 3991 27.

873 4022 1078 4094 127,7
1127 4022 1338 4099 fragm.
1379 4020 1602 4079 XXXV
1645 4041 1702 4097 p.
1744 4022 1869 4079 287
1918 4022 1982 4079 in
2026 4020 2367 4081 AMeinekii
2408 4021 2716 4082 Analectis
2760 4020 3193 4081 Alexandrinis.

877 4111 1082 4183 127‚9
1133 4105 1319 4171 ὠοιοῑ
1362 4109 1604 4170 KLehrs
1649 4113 1713 4169 in
1756 4110 1911 4169 Ann.
1951 4110 2068 4169 litt.
2105 4110 2237 4170 Jen.
2280 4112 2449 4169 1879
2496 4130 2553 4186 p.
2596 4112 2741 4169 224.

868 4197 985 4258 Sed
1026 4200 1168 4259 haee
1210 4200 1400 4273 refelli
1433 4203 1698 4274 possunt.
1781 4200 1945 4259 Nam
1990 4199 2057 4273 a)
2105 4195 2311 4275 οἴμοι
2357 4194 2546 4274 ὤμοι
2592 4218 2725 4260 eum
2767 4201 2842 4260 ab
2890 4217 2954 4260 eo
2988 4200 3309 4274 proferan-

692 4292 789 4348 tur
823 4290 926 4362 ραι·
961 4289 1241 4362 affieibur,
1287 4291 1417 4348 iure
1450 4291 1559 4349 νηί
1591 4306 1885 4363 personae
1920 4292 2045 4349 eius
2084 4291 2187 4363 qws
2220 4290 2475 4363 loqudtm
2509 4290 2877 4362 trimatum
2920 4289 3072 4348 nihil
3116 4290 3315 4366 igitur

691 4396 762 4437 ea
808 4397 880 4437 ex
922 4396 988 4436 re
1034 4378 1107 4437 de
1152 4381 1427 4438 merismo
1473 4378 1677 4457 colligi
1722 4381 1947 4456 potest3
1992 4383 2139 4438 certe
2185 4396 2315 4438 eam
2358 4380 2428 4437 ob
2467 4397 2592 4438 rem
2635 4380 2929 4439 adverbiis
2973 4378 3316 4438 abiudicari

688 4467 798 4526 illa
842 4484 961 4526 non
995 4472 1248 4541 possunt
1296 4470 1441 4543 127,
1464 4469 1740 4528 10—18.
1795 4501 1871 4510 —
1923 4459 1988 4549 b)
2031 4468 2357 4542 Nunquam
2390 4485 2716 4542 pronomen
2758 4469 2997 4542 abiqnod
3038 4470 3314 4534 itermr,

691 4558 846 4630 quod
887 4558 1114 4631 sactum
1159 4562 1302 4617 esset
1343 4560 1410 4617 in
1455 4552 1797 4632 οἰμοιμοῖ
1842 4559 2008 4626 aliis,
2067 4560 2123 4617 si
2155 4559 2513 4632 pronomina
2554 4561 2809 4618 inessent
2855 4558 3314 4633 127,18--21.

691 4646 748 4720 e)
793 4645 862 4705 Si
907 4647 1063 4706 duae
1114 4649 1395 4707 orationis
1438 4651 1646 4720 partes
1702 4652 1888 4707 essent
1937 4650 2005 4706 in
2057 4640 2276 4721 ὤμοι,
2331 4649 2529 4722 urique
2581 4649 2984 4720 eircwnsleaeus
3036 4664 3205 4721 quem
3245 4639 3318 4704 ὦ

690 4735 862 4794 habet
905 4740 1238 4797 servaretur
1288 4738 1433 4812 127,
1456 4738 1734 4795 21-27,
1789 4769 1866 4779 -
1917 4736 1985 4810 d)
2030 4734 2097 4795 Si
2139 4739 2205 4795 in
2251 4731 2439 4811 ὤμοι
2486 4741 2631 4796 esset
2674 4753 2822 4810 μοι,
2867 4740 3199 4811 sequeretur
3239 4739 3325 4793 ut

689 4826 758 4883 in
803 4819 1022 4885 ὠοιοί
1074 4828 1286 4885 inesset
1338 4820 1435 4899 οἶ,
1494 4827 1559 4885 id
1603 4827 1756 4900 quod
1797 4844 1904 4885 nec
1946 4828 2102 4885 notio
2145 4828 2394 4899 patitur,
2442 4818 2575 4908 (qui
2629 4827 2786 4885 enim
2830 4828 3011 4885 tertia
3057 4826 3133 4885 ad
3178 4826 3323 4883 eius

690 4913 794 4988 qui
852 4914 1112 4974 afficitur
1164 4933 1505 4992 personam,
1565 4917 1602 4973 i.
1651 4936 1697 4975 e.
1748 4915 1824 4974 ad
1868 4914 2152 4992 primam,
2203 4916 2413 4974 referri
2465 4918 2666 4992 potest
2676 4907 2735 4997 Ρ)
2777 4933 2883 4974 nec
2926 4917 3147 4989 forma,
3200 4931 3327 4974 nec

690 5007 973 5063 aeneum.
1064 5005 1267 5065 Potius
1313 5023 1344 5063 e
1385 5006 1613 5063 ratione
1666 5024 1814 5079 quae
1865 5007 2019 5064 inter
2072 4999 2290 5064 ὠοιοί
2346 5008 2397 5063 et
2449 5000 2672 5065 ὠαιαί
2729 5006 2956 5079 formas
3009 5005 3329 5065 intercedit
