3738 5530
663 329 751 396 54
839 328 1282 384 Commentarius
1311 327 1536 383 criticus
1566 329 1624 381 et
1651 326 1971 397 exegeticus
1998 327 2061 381 in
2086 325 2375 397 Apollonii
2403 326 2632 396 Dyscoli
2661 325 2874 397 scripta
2898 326 3129 381 minora.

661 501 837 560 icitur
888 501 956 559 in
1008 515 1071 557 66
1125 499 1433 572 dispicitur
1488 496 1803 571 30,4-6.
1869 527 1959 537 -
2020 495 2088 556 Si
2132 494 2583 571 τηλικοῦτο(
2632 500 2684 555 et
2727 496 3083 557 τοιοῦτο(
3127 513 3274 555 com-

652 591 854 664 posita
899 591 1098 657 essent,
1145 589 1402 647 duarum
1448 591 1634 646 essent
1675 588 2149 646 terminationnm
2185 590 2235 645 et
2267 589 2745 662 proparomytona
2793 588 2898 661 30,
2919 586 3152 645 6—11.
3186 618 3274 628 —

665 677 948 755 Sequitur
991 678 1268 754 quintum
1313 678 1730 754 argumentum
1767 694 1885 752 quo
1922 677 2253 752 composita
2287 676 2396 734 illa
2433 692 2557 736 esse
2595 675 2979 752 comprobare
3015 674 3273 735 student.

664 768 722 843 e)
769 761 1010 843 ‘Duas',
1055 767 1356 843 inquiunt,
1403 760 1705 840 ‘personas
1745 765 2013 825 indicant
2044 766 2170 835 illa,
2218 769 2272 824 et
2305 768 2428 826 eius
2464 768 2567 839 9161·
2601 766 3028 826 denumeratur
3064 769 3118 825 et
3152 768 3277 825 eius

663 859 746 918 ad
798 874 966 931 wem
1009 857 1419 916 demonstratio
1464 856 1740 928 refertar,
1788 856 1942 928 quod
1985 856 2117 928 fieri
2160 872 2281 914 non
2314 859 2529 929 posset,
2576 857 2629 914 si
2674 857 2987 929 composita
3028 872 3147 914 non
3192 873 3276 914 es-

663 940 811 1007 66111,
860 946 1400 1021 30,11—13.—
1446 944 1575 1005 Hoc
1618 944 1941 1004 refellitur:
1988 945 2064 1004 ad
2111 937 2173 1028 e)
2219 943 2371 1004 Sunt
2414 948 2468 1004 et
2507 945 2695 1004 multa
2738 945 3021 1004 vocabula
3056 961 3277 1019 compo-

664 1039 781 1097 sita
824 1052 975 1110 quae
1017 1053 1202 1094 annm
1246 1036 1599 1109 siqniftcoent,
1647 1038 1701 1093 et
1740 1034 1927 1093 multa
1971 1036 2263 1108 simplicia
2307 1051 2457 1108 91666
2501 1035 2823 1108 complures
2856 1050 3148 1108 personas
3182 1035 3277 1094 de-

663 1128 917 1202 siqnant.
1011 1124 1259 1184 Omnino
1311 1125 1530 1185 nmltae
1583 1125 1740 1185 aliae
1791 1141 1955 1183 voces
2009 1126 2253 1198 speciem
2307 1125 2730 1198 comositionis
2777 1141 2933 1199 prae
2975 1140 3038 1183 se
3079 1125 3282 1198 ferunt

664 1216 1213 1290 30,13—19.—
1272 1213 1582 1288 Oportebat
1623 1214 1786 1287 facta
1830 1215 2233 1287 compositione
2285 1215 2559 1287 spiritum
2610 1231 2886 1288 6191611611
2940 1215 3095 1273 vocis
3148 1207 3275 1275 οὗ·

662 1320 791 1365 το(
855 1306 1082 1364 servari
1147 1304 1550 1379 30‚19—20.
1617 1335 1704 1344 —
1767 1302 2015 1362 Necesse
2079 1307 2222 1362 esset
2281 1304 2503 1362 similia
2566 1306 2879 1377 composita
2928 1306 3165 1378 pm'mae
3229 1307 3283 1362 et

662 1394 951 1454 secundae
1003 1409 1295 1468 personae
1358 1397 1606 1462 exstare,
1651 1395 2005 1466 praesertim
2058 1410 2189 1452 cum
2236 1393 2581 1466 personalia
2628 1411 2728 1467 pr.
2790 1397 2845 1452 et
2894 1411 3001 1452 sec.
3057 1410 3279 1467 compo-

662 1486 925 1544 sitionem
968 1485 1283 1557 patiantur
1337 1478 1645 1559 (ἐμαυτοῦ
1693 1478 1956 1558 (αυτοῦ)
2016 1482 2119 1556 30,
2142 1483 2418 1542 20-21.
2485 1513 2573 1523 -—
2636 1481 2929 1559 Deinceps
2986 1500 3276 1559 exponen-

664 1573 806 1633 dum
852 1575 944 1632 est
987 1570 1361 1646 τηλικοῦτο(
1408 1570 1702 1632 τοιοῦτο(
1748 1573 1960 1648 suapte
2004 1575 2225 1631 natura
2269 1590 2307 1630 a
2352 1571 2797 1648 pronominibus
2843 1571 3079 1631 diversa
3124 1590 3277 1647 esse;

665 1662 822 1740 quod
867 1661 971 1721 ubi
1016 1661 1289 1722 effectum
1334 1665 1449 1737 est,
1496 1663 1766 1738 sequitur
1809 1663 1880 1720 ut
1924 1655 2118 1721 οὗτος
2163 1663 2353 1720 1116666
2398 1679 2518 1721 11611
2563 1663 2755 1738 possit
2798 1652 2934 1740 (30,
2956 1653 3043 1742 2).
3133 1662 3275 1721 Pro-

666 1754 907 1812 nomina
949 1752 1098 1811 nihil
1132 1753 1470 1826 siyniftcant
1502 1754 1621 1811 nisi
1656 1752 2060 1819 substantiam,
2108 1749 2560 1824 τηλικοῦτο(
2607 1755 2660 1809 et
2701 1749 3060 1811 τοιοῦτο(
3107 1753 3279 1810 etiam

667 1842 1006 1916 qualitatem
1067 1844 1120 1900 et
1162 1842 1541 1915 quantitatem
1588 1842 1691 1914 30,
1714 1841 1992 1899 22—23.
2041 1871 2129 1881 -—
2174 1839 2269 1898 Ad
2317 1831 2378 1920 c)
2427 1833 2940 1915 ‘Similitudinem'‚
2987 1840 3281 1916 inquiunt,

667 1926 983 1999 ‘indicavit
1036 1932 1232 2004 itaque
1286 1932 1684 1991 demonstrant
1736 1947 1806 1990 ea
1850 1930 1923 1989 dc
1966 1931 2176 2003 quibus
2220 1946 2406 1989 sermo
2453 1924 2557 1988 est’
2623 1922 3096 2010 (demonstrandi
3139 1949 3278 1989 vero

667 2022 791 2081 vim
846 2038 979 2079 cum
1036 2013 1229 2080 οὗτος
1282 2019 1526 2094 habeat,
1590 2021 1859 2095 sequitur
1914 2021 1984 2077 ut
2038 2037 2171 2077 cum
2225 2013 2418 2079 οὗτος
2474 2019 2805 2095 composita
2848 2010 3014 2100 sint).
3116 2019 3282 2094 Quod

668 2111 953 2171 absonwm
999 2112 1094 2168 est.
1185 2110 1617 2169 Demonstratio
1665 2111 1818 2168 enim
1861 2126 2012 2182 quae
2054 2111 2125 2182 fi't
2158 2126 2271 2183 per
2299 2125 2625 2182 pronomen
2668 2125 2785 2167 non
2821 2109 2904 2168 ad
2939 2109 3107 2168 aliud
3142 2109 3283 2182 qaid

657 2200 938 2275 pertinet,
996 2199 1099 2258 secl
1151 2199 1234 2258 ad
1275 2201 1470 2272 ipsum
1514 2199 1663 2257 illud
1708 2199 1779 2257 cle
1823 2216 1935 2272 quo
1981 2200 2178 2272 ayitar
2225 2201 2276 2256 et
2313 2215 2521 2272 ι9611616
2566 2202 2620 2257 et
2660 2215 2901 2257 numero
2947 2190 3013 2278 (i.
3052 2217 3098 2257 6.
3145 2217 3281 2274 pro·

669 2308 886 2350 nomen
923 2307 1041 2365 quo
1080 2286 1536 2362 demonstratur,
1581 2291 1644 2345 et
1688 2307 1901 2365 genere
1948 2291 2009 2345 et
2052 2305 2296 2347 numero
2343 2305 2475 2345 cum
2524 2306 2591 2346 eo
2639 2286 2800 2362 quod
2844 2286 3282 2347 demonstratur

668 2378 963 2452 convenit,
1025 2378 1192 2437 velut
1255 2371 1447 2438 οὗτος
1510 2395 1618 2437 1166
1674 2376 1744 2436 de
1798 2376 2069 2454 pluribus
2124 2394 2232 2436 nec
2286 2376 2359 2436 de
2413 2376 2636 2436 femina
2690 2376 2807 2435 dici
2862 2368 3117 2457 potest),
3179 2375 3282 2436 sed

670 2486 1055 2545 quaecunque
1106 2487 1212 2544 per
1267 2465 1639 2540 τηλικοῦτο(
1695 2468 1756 2526 et
1809 2465 2104 2526 τοιοῦτο(
2160 2469 2582 2543 comparantur
2637 2484 2770 2525 cum
2816 2466 2901 2526 eis
2946 2465 3281 2527 nominibus

670 2577 821 2635 quae
866 2575 1001 2616 cum
1046 2554 1180 2630 τηλ.
1228 2554 1523 2617 τοιοῦτο(
1570 2559 2010 2630 construuntur,
2055 2558 2304 2632 possunt
2348 2555 2424 2615 ab
2470 2555 2562 2614 his
2599 2554 2936 2616 nominibus
2973 2559 3036 2615 et
3070 2574 3284 2633 genere

670 2651 731 2707 et
790 2665 1034 2706 numero
1094 2645 1328 2705 diversa
1386 2663 1525 2705 esse.
1617 2646 1781 2705 Nam
1822 2646 2108 2720 paludem
2168 2647 2480 2719 respiciens
2524 2649 2746 2719 poteris
2800 2646 2988 2705 dicere
3034 2639 3283 2705 ε1611116111

671 2754 791 2797 esse
835 2729 1064 2796 Nibum'
1114 2726 1346 2817 (itaque
1391 2735 1494 2813 qui
1540 2737 1937 2812 comparatur,
1982 2734 2175 2811 Nilus,
2220 2753 2431 2814 genere
2477 2733 2776 2812 discrepat
2811 2734 2886 2795 ab
2924 2754 2996 2795 es.
3038 2753 3102 2795 re
3139 2753 3282 2812 qua-

670 2846 804 2886 cum
842 2827 1237 2929 comparatur,
1282 2816 1559 2906 palude):
1595 2827 1684 2885 vel
1719 2827 1820 2884 nbi
1856 2826 1928 2884 de
1951 2826 2231 2899 pluribus
2266 2841 2452 2885 sermo
2490 2829 2588 2893 est,
2627 2819 2839 2885 ‘tantos
2877 2843 2998 2884 esse
3034 2818 3283 2893 liberos',

671 2917 751 2977 ad
793 2917 974 2975 wnius
1016 2917 1330 2989 respiciens
1374 2916 1832 2989 maqnitudinem
1880 2933 1948 2974 ex
1994 2918 2075 2974 eis
2120 2916 2200 2974 ad
2245 2932 2394 2988 quae
2438 2918 2654 2988 spectat
2706 2917 2893 2974 oratio
2952 2905 3071 2996 (ita
3114 2916 3185 2973 ut
3227 2915 3284 2974 ei

672 3007 774 3081 qui
821 3007 1257 3082 comparantur,
1302 3003 1502 3079 liberi,
1554 3023 1798 3065 numero
1844 3003 2123 3063 differant
2167 3003 2244 3063 ab
2290 3022 2362 3063 ea
2406 3022 2470 3062 re
2516 3022 2769 3080 quacum
2816 2995 3284 3096 comparantur),

671 3096 845 3168 idque
887 3112 1073 3153 unum
1118 3096 1376 3153 meinsvis
1415 3096 1645 3169 generis
1691 3111 1812 3153 esse
1845 3097 2036 3168 potest
2081 3095 2185 3168 30,
2205 3094 2485 3167 23-31,
2507 3094 2560 3152 6.

848 3183 944 3241 Ad
998 3174 1067 3263 d)
1124 3177 1262 3242 Sed
1313 3178 1626 3257 neutrum’,
1679 3182 1978 3259 inquiunt,
2033 3177 2121 3242 in
2167 3199 2205 3243 6
2252 3177 2636 3242 terminatur’.
2726 3183 2807 3242 Id
2850 3184 2977 3242 ideo
3021 3185 3091 3255 fit
3133 3183 3286 3256 quod

673 3275 940 3332 derivata
984 3275 1135 3331 sunt.
1224 3271 1370 3341 Sed,
1425 3275 1491 3331 ni
1534 3274 1716 3347 fallor
1759 3264 1911 3353 (1.6.
1960 3263 2283 3355 profecto),
2337 3276 2547 3332 nctatm
2599 3273 2834 3331 illorum
2880 3273 3054 3333 etiam
3096 3274 3161 3331 in
3206 3268 3284 3331 δ”ν

673 3365 882 3422 exemit
926 3362 1029 3437 31,
1050 3362 1237 3420 6-7,
1285 3393 1373 3403 -
1419 3361 1514 3420 Ad
1562 3352 1628 3443 b)
1674 3362 1776 3421 Ex
1819 3359 1841 3421 ἰ
1887 3363 2105 3435 suffixo
2148 3362 2296 3421 nihil
2341 3363 2530 3436 colliyi
2558 3365 2762 3436 potest.
2855 3359 3010 3421 Sane
3047 3360 3285 3438 quidem

672 3449 695 3459 ⁶
673 3451 894 3512 166161
948 3446 1191 3512 ἐκεῖνος
1247 3444 1439 3513 οὗτος
1503 3450 1950 3528 pronominibus
2005 3450 2232 3529 suffigi,
2295 3453 2365 3509 ut
2417 3451 2507 3509 vis
2554 3470 2757 3511 eorum
2802 3454 3119 3529 augeatur,
3183 3450 3282 3509 sed

672 3541 821 3600 haec
864 3540 972 3614 vie,
1018 3544 1088 3601 111
1132 3554 1326 3617 supra
1358 3539 1631 3614 (1111111116,
1677 3540 1911 3599 diversa
1956 3543 2046 3600 est
2092 3540 2166 3599 ab
2214 3559 2284 3599 ea
2330 3559 2510 3617 quam
2555 3539 2778 3600 habent
2812 3539 3187 3614 τηλικοῦτο(
3223 3544 3285 3600 61

671 3629 984 3691 τοιοῦτος.
1092 3630 1453 3690 Pronomina
1511 3633 1664 3689 enim
1716 3631 1936 3704 suffixo
1982 3628 2004 3689 ῐ
2047 3633 2222 3689 aucta
2276 3631 2346 3689 de
2398 3631 2645 3689 subiecto
2690 3631 2886 3704 aliquo
2950 3622 3138 3731 (quod
3182 3628 3279 3689 de-

672 3709 1034 3800 monstrant)
1082 3721 1198 3779 dici
1242 3720 1446 3788 solent,
1512 3720 1665 3793 quod
1710 3722 1883 3779 etiam
1925 3720 2205 3778 relatione
2248 3721 2616 3793 significatur
2669 3710 2935 3800 (saepius
2982 3720 3139 3778 enim
3181 3718 3282 3779 de-

673 3809 1108 3883 monstrationi,
1168 3809 1363 3868 rarius
1425 3809 1704 3868 relationi
1765 3808 2098 3868 inserviunt
2159 3826 2323 3885 pron.
2366 3800 2619 3890 59,17)
2711 3808 2832 3868 His
2893 3812 3087 3868 autem
3148 3806 3283 3881 τηλ.

673 3915 802 3959 τοε.
855 3900 1006 3958 inest
1056 3900 1210 3957 notio
1264 3899 1671 3972 comparandi,
1725 3899 1821 3957 vel
1876 3900 1967 3957 vis
2011 3898 2447 3957 demonstrandi
2480 3916 2595 3971 per
2639 3900 3125 3973 comparationem
3178 3893 3283 3974 (τὸ

675 3982 1200 4065 ὁμοιωματικόν),
1261 3988 1343 4047 ad
1386 4005 1564 4061 quam
1609 3988 1977 4061 efficiendam
2020 3985 2392 4061 τηλικοῦτο(
2439 3988 2744 4047 adhibetur
2791 3988 2895 4062 31,
2917 3989 3148 4048 7—10.
3196 4018 3286 4027 -—

673 4078 966 4138 Postremo
1018 4070 1178 4148 ²(coc,
1243 4077 1396 4151 quod
1447 4093 1656 4136 nomen
1711 4080 1815 4146 est,
1880 4079 1947 4136 in
1998 4077 2233 4136 illm-um
2287 4077 2474 4136 locum
2516 4077 2914 4137 substituitur:
2977 4094 3108 4151 erqo
3152 4079 3286 4150 ipsa

674 4183 896 4242 91669166
938 4168 1179 4226 nomina
1222 4169 1362 4225 emit
1406 4166 1809 4242 31‚10—12.

853 4256 989 4315 Mea
1033 4256 1220 4334 igitur
1264 4257 1587 4331 sententia,
1649 4256 1713 4314 in
1760 4274 1881 4331 qua
1925 4256 2110 4315 etiam
2153 4255 2328 4316 hodie
2373 4259 2601 4332 persto,
2664 4273 2895 4316 summa
2939 4255 3125 4315 totius
3169 4254 3286 4314 loci

679 4347 826 4405 satis
872 4345 1145 4422 impediti
1195 4346 1297 4419 29,
1320 4346 1601 4419 12-31,
1626 4347 1705 4405 12
1742 4345 1890 4405 haec
1927 4348 2030 4405 est.
2107 4340 2385 4415 ‘Quidam
2419 4347 2809 4421 posteriorem
2843 4364 3056 4405 vocum
3091 4342 3286 4419 τηλικ.

677 4451 806 4495 τος.
867 4437 1102 4511 partem
1147 4451 1271 4493 esse
1319 4428 1512 4496 οὗτος
1559 4435 1673 4494 sibi
1717 4437 2165 4512 persuaserunt,
2220 4453 2328 4494 nec
2372 4437 2573 4495 tamen
2620 4453 2719 4495 eas
2762 4437 2827 4494 in
2871 4432 3287 4512 pronominum

677 4542 988 4583 numerum
1034 4524 1407 4582 rettulerunt.
1484 4522 1613 4593 Qua
1657 4524 1721 4583 in
1765 4543 1830 4583 re
1867 4523 2090 4601 duplici
2128 4523 2444 4602 capiuntur
2479 4532 2688 4584 errore.
2762 4524 2920 4583 Nam
2962 4525 3059 4583 fac
3096 4516 3290 4584 οὗτος

678 4617 909 4691 partem
955 4613 1196 4671 illarum
1243 4631 1393 4672 esse:
1439 4613 1888 4690 pronominibus
1935 4613 2410 4674 adnumerandae
2456 4617 2614 4688 sunt,
2658 4610 2739 4673 τὰ
2784 4608 2906 4687 γὰρ
2951 4609 3103 4686 τέλη
3150 4607 3286 4672 ἐπι-

679 4702 911 4778 κρατεῖ.
1003 4702 1088 4760 Α1
1142 4720 1249 4761 1166
1303 4705 1444 4761 611111
1498 4703 1858 4780 compositae
1907 4722 2038 4762 cum
2085 4697 2302 4775 οὗτος,
2368 4706 2429 4763 61
2472 4703 2697 4763 multae
2743 4706 2883 4762 sunt
2928 4720 3138 4761 causae
3182 4720 3292 4761 cur

678 4790 1123 4869 pronominibus
1160 4790 1604 4865 abiudicandae‚
1640 4791 1974 4852 nominibus
2013 4793 2389 4852 ascribendae
2427 4788 2588 4852 sint.’
2663 4790 2883 4852 Contra
2918 4794 2988 4850 111
3024 4789 3163 4864 Ska,
3198 4792 3291 4850 ita

679 4880 1202 4955 Hoerschelmann,
1249 4882 1352 4957 qui
1392 4882 1697 4941 381—84
1747 4884 2019 4941 accurate
2066 4881 2137 4940 de
2175 4883 2229 4940 h.
2269 4883 2306 4940 l.
2346 4883 2641 4956 disseruit,
2686 4900 2819 4942 eam
2855 4879 3289 4957 interpretandi

682 4972 841 5030 viam
885 4972 1184 5048 ingressus
1230 4972 1337 5045 est,
1383 4973 1452 5030 ut
1495 4989 1667 5031 voces
1713 4971 1849 5031 illas
1897 4970 1971 5030 ab
2018 4972 2371 5032 adversariis
2414 4971 2480 5031 in
2522 4973 2939 5049 pronominum
2974 4989 3288 5031 numerum
