3738 5530
677 315 807 381 170
879 315 1324 372 Commentarius
1353 316 1579 372 criticus
1608 318 1667 370 et
1694 315 2016 385 exegeticus
2045 315 2104 371 in
2133 315 2422 386 Apollonii
2450 315 2679 385 Dyscoli
2707 316 2920 386 scripta
2945 315 3177 371 minora.

864 486 1012 561 152,
1035 489 1114 546 27
1163 486 1313 546 Bast
1356 486 1432 545 ad
1480 484 1654 565 Greg.
1696 484 1824 547 Gor.
1864 487 2012 546 466.

857 576 1060 651 153,4
1111 576 1289 635 aliter
1323 575 1699 636 Herodianus
1738 577 1768 634 I
1806 577 1956 651 488,
1980 577 2060 635 16
2109 571 2185 635 τὸ
2233 574 2306 637 δὲ
2353 571 2523 650 θαμά
2560 570 2875 637 ὀξύτονον
2915 570 3046 635 ἀπὸ
3094 572 3296 650 θαμόε

674 660 1006 727 ὀξυτόνου.
1045 697 1132 708 —-
1167 665 1330 726 Idem
1380 665 1538 742 quod
1585 685 1695 744 ego
1742 667 1985 744 scripsit
2027 664 2270 725 KLehrs
2309 665 2462 724 Ann.
2502 666 2619 724 litt.
2658 665 2789 725 Jen.
2834 666 3004 724 1879
3052 686 3109 743 p.
3148 667 3292 724 224.

855 756 1059 831 153,5
1108 749 1270 830 ὅπερ
1318 754 1441 815 scil.
1482 750 1557 815 τὸ
1605 751 1791 830 θαμά.

855 845 998 919 153,
1023 847 1056 903 7
1107 844 1349 921 Trypho
1403 844 1591 922 igitur
1645 844 1759 905 sibi
1803 847 2183 921 persuaserat
2235 844 2477 920 plenam
2530 844 2785 903 formam
2842 839 2972 919 ἅμα
3018 861 3169 920 esse,
3230 844 3293 901 in

675 928 846 1007 θαμά
905 934 1172 993 litteram
1226 930 1264 993 6
1320 934 1649 1009 abundar03
1708 935 1914 1010 itaque
1959 933 1997 991 l.
2041 936 2075 992 7
2126 929 2297 1008 θαμά
2357 933 2728 994 scribendum
2787 935 3053 1011 apparet.
3146 931 3293 992 Oum

677 1021 995 1099 Tryphone
1030 1023 1264 1082 faciunt
1301 1021 1443 1083 Orio
1473 1017 1608 1106 (EG
1640 1025 1786 1100 254,
1810 1025 1920 1099 263
1966 1023 2083 1081 EM
2112 1025 2261 1097 442,
2285 1015 2415 1104 17),
2452 1022 2804 1083 Eustathius
2833 1016 2923 1105 (in
2952 1023 3022 1082 Il.
3054 1023 3157 1097 43,
3178 1014 3291 1103 33)

673 1115 734 1171 et
785 1111 1020 1173 Lobeck
1067 1105 1210 1194 (Eu.
1251 1112 1282 1171 Ι
1324 1105 1506 1193 101),
1567 1133 1701 1173 cum
1747 1112 2071 1189 Apollonio
2127 1112 2359 1172 Charax
2407 1106 2541 1195 (Ao
2585 1115 2731 1188 199,
2754 1115 2855 1186 19,
2914 1112 3020 1188 qui
3076 1114 3293 1185 tamen,

673 1203 742 1260 ut
785 1200 1183 1276 Herodianu8‚
1229 1197 1399 1277 θαμά
1445 1222 1482 1262 a
1527 1199 1728 1277 θαμόε
1773 1193 2034 1282 derivat)
2083 1201 2189 1261 alii
2236 1192 2373 1283 (Ao
2411 1202 2442 1260 I
2483 1204 2707 1277 14‚13.
2756 1194 3011 1283 451‚1).

852 1291 1190 1366 153,8—9
1238 1292 1316 1372 τῇ
1365 1288 1524 1371 αὐτῇ
1565 1288 1953 1370 ἑτυμολογίᾳ
1989 1286 2387 1366 ἀρκούμενος
2432 1292 2470 1350 i.
2508 1310 2554 1351 e.
2594 1292 2836 1368 Trypho
2882 1293 3012 1367 ipse
3059 1310 3292 1366 quoque

669 1380 963 1456 censebat,
1015 1375 1145 1455 ἅμα
1191 1376 1361 1455 θαμά
1398 1381 1661 1442 eiusdem
1698 1381 1905 1458 stirpis
1943 1400 2087 1456 esse,
2133 1381 2236 1441 sed
2279 1382 2369 1440 ita
2415 1384 2484 1440 ut
2530 1376 2659 1455 ἅμα
2703 1401 2813 1457 pro
2852 1381 3076 1455 nativo,
3122 1373 3291 1454 θαμά

666 1487 777 1545 pro
822 1469 1092 1530 derivato
1138 1469 1398 1529 haberet.
1489 1470 1604 1547 Ap.
1651 1475 1860 1531 contra
1915 1467 2121 1545 θαμέα
2177 1471 2413 1530 nomine
2471 1470 2846 1547 comprobari
2890 1471 3064 1545 dicit,
3124 1464 3293 1542 θαμά

598 1551 602 1554 ’
668 1577 795 1619 esse
852 1560 1179 1636 pleniorem
1239 1555 1744 1639 (ἑντελέετερον)
1809 1562 1906 1619 vel
1963 1563 2235 1620 nativam
2294 1561 2575 1636 formam3
2635 1557 2839 1634 θαμέα
2897 1562 3053 1620 sitne
3114 1559 3293 1636 plena

666 1649 861 1708 forma
904 1650 968 1706 in
1013 1649 1262 1708 dubium
1317 1651 1518 1709 vocari
1571 1670 1693 1709 non
1737 1653 1965 1727 potest,
2025 1668 2218 1725 neque
2273 1649 2345 1708 de
2401 1669 2472 1708 ea
2525 1649 2582 1707 h.
2629 1649 2666 1707 l.
2717 1649 2929 1727 agitur.
3022 1649 3295 1725 Apparet

666 1738 856 1816 igitur
914 1739 999 1799 sic
1058 1738 1489 1798 emendandum
1551 1758 1676 1800 esse
1735 1742 1805 1799 ut
1863 1738 2189 1799 emendavi.
2295 1739 2482 1798 Miror
2533 1738 2813 1798 Velsenio
2871 1732 2955 1819 (p.
2997 1731 3111 1819 49)
3171 1756 3292 1796 non

668 1827 874 1887 eadem
918 1829 983 1887 in
1027 1831 1288 1888 mentem
1332 1828 1625 1905 incidisse,
1672 1847 1810 1889 cum
1854 1831 2043 1889 totius
2087 1828 2205 1888 loci
2251 1829 2608 1888 sententiam
2654 1828 3035 1906 perspexerit.

846 1933 901 1988 γ.
968 1916 1160 1978 Gravi
1219 1922 1457 1977 accentu
1515 1923 1819 1987 notantur,
1886 1936 2133 1993 quorum
2189 1918 2418 1992 formae
2476 1920 2823 1977 convenirent
2884 1935 3015 1977 eum
3067 1918 3293 1976 neutris

655 2007 995 2080 pluralibus
1041 2008 1454 2081 barytonomm
1497 2009 1802 2067 nemimem
1847 2000 2339 2090 (adiectivorum)
2393 2008 2537 2083 153,
2561 2009 2841 2067 10—12.

848 2097 1097 2171 153‚12
1146 2091 1384 2175 ὀρθῶς]
1433 2092 1674 2171 ὁμοίως
1718 2097 1938 2157 Matth.
1975 2098 2008 2156 I
2056 2099 2155 2157 81.

844 2186 898 2245 δ.
954 2185 1267 2259 Barytona
1310 2190 1448 2246 ειυηι
1492 2187 1772 2246 adverbia
1825 2189 1893 2247 in
1938 2183 2030 2248 θᾶ
2075 2188 2285 2261 quibus
2330 2186 2522 2246 Dore-s
2568 2190 2622 2244 et
2664 2183 2978 2245 Aeolenses
3021 2203 3139 2260 pro
3185 2186 3290 2245 ad—

665 2275 879 2335 verbiis
922 2277 989 2334 in
1036 2272 1146 2336 e&
1190 2279 1437 2334 utantur
1486 2277 1934 2351 153‚13—21.
2020 2275 2108 2336 cf.
2147 2276 2279 2335 adv.
2323 2277 2724 2351 191,4-14.
2768 2276 3172 2351 193,9—11.
3208 2307 3283 2316 -

665 2364 809 2423 Ahr.
850 2364 1015 2423 diall.
1054 2365 1085 2424 Ι
1137 2366 1261 2423 153
1291 2385 1346 2423 n.
1388 2367 1445 2424 2.
1518 2366 1580 2424 Π
1629 2366 1755 2425 366
1787 2387 1843 2425 n.
1897 2368 1964 2441 63
2008 2366 2143 2425 Mei.
2182 2365 2213 2423 I
2261 2368 2362 2424 40.

849 2455 995 2527 153,
1017 2456 1096 2514 15
1146 2449 1574 2534 ἐκτεθείμεθα]
1622 2455 1782 2533 quod
1827 2455 1933 2514 ubi
1986 2456 2216 2515 factum
2260 2454 2367 2530 sit,
2422 2472 2580 2513 nunc
2635 2472 2743 2513 nos
2799 2455 2984 2531 fugit3
3038 2454 3291 2513 fortasse

667 2546 730 2601 in
777 2543 931 2603 libro
978 2543 1052 2603 de
1097 2543 1385 2604 dialectis.

847 2633 1277 2709 153,17-2o
1324 2633 1395 2693 cf.
1436 2632 1566 2693 adv.
1610 2635 2070 2710 191‚12—163
2115 2633 2254 2693 Her.
2293 2633 2325 2693 1
2372 2634 2520 2709 496,
2543 2633 2599 2692 5.
2673 2633 2737 2691 11
2787 2634 3055 2707 192,11.

844 2738 892 2782 ε.
939 2720 1210 2799 Apparet
1252 2724 1496 2784 eamdem
1539 2724 1607 2784 ob
1654 2741 1899 2786 eausam
1944 2727 2117 2786 etiam
2163 2718 2347 2784 ἔνθα
2388 2724 2635 2797 gyra-vari
2672 2714 2825 2804 (scil.
2857 2720 3014 2799 quod
3050 2722 3291 2799 proprie

664 2814 756 2873 est
799 2812 991 2872 forma
1036 2814 1262 2874 aeolica
1297 2814 1393 2874 vel
1439 2813 1642 2875 dorica
1685 2832 1795 2890 pro
1843 2810 2029 2875 ἔνθεν
2077 2806 2424 2894 usurpata);
2468 2831 2612 2872 uam
2656 2830 2807 2887 quae
2849 2831 2967 2872 non
3012 2814 3100 2871 ita
3144 2829 3289 2871 eom-

656 2906 884 2976 parata
927 2907 1091 2971 sunt,
1146 2904 1183 2960 i.
1228 2922 1275 2962 e.
1332 2921 1584 2979 quorum
1638 2904 1985 2963 terminatio
2040 2901 2122 2963 θᾶ
2166 2922 2287 2962 non
2341 2905 2433 2962 est
2476 2905 2609 2962 orta
2665 2903 2888 2962 aeolico
2935 2904 3043 2960 aut
3087 2900 3290 2960 dorico

664 3011 826 3052 more
864 3011 932 3051 ex
968 2992 1269 3051 communi
1307 2990 1435 3064 θὲῑῐ,
1482 2996 1793 3072 acuuntur,
1838 2998 1907 3052 ut
1941 2988 2209 3068 τριχθά
2246 2987 2630 3067 τετραχθά
2667 2986 2887 3066 δηθάε
2936 2990 3291 3068 quibuscum

665 3083 716 3140 si
772 3085 1122 3159 congrueret
1177 3077 1358 3154 ἔνθα,
1415 3085 1742 3158 oxytonum
1797 3100 1923 3142 esse
1980 3084 2295 3159 oporteret.
2389 3082 2484 3140 De
2534 3083 2764 3141 notione
2820 3084 2946 3140 eius
2987 3081 3130 3141 haee
3170 3097 3291 3138 mo-

663 3171 860 3229 nenda
895 3174 1047 3230 sunt.
1125 3170 1527 3246 Quaecumque
1562 3173 1844 3232 adverbia
1882 3191 1922 3232 a
1955 3172 2491 3246 praepositionibus
2525 3172 2886 3239 derivantur,
2933 3187 3291 3229 communem

663 3261 951 3319 notionem
1005 3260 1243 3319 localem
1285 3261 1497 3321 habent
1540 3261 1577 3318 i.
1619 3278 1666 3320 e.
1713 3262 1804 3321 ita
1847 3265 2216 3338 usurpantur
2269 3263 2339 3319 ut
2392 3279 2499 3336 per
2544 3278 2616 3318 ea
2669 3263 2731 3319 et
2777 3254 2981 3319 ‘unde'
3028 3262 3092 3319 et
3136 3251 3288 3317 ‘ubi’

665 3350 727 3407 et
785 3341 952 3424 ‘quo'
1014 3350 1326 3425 quaerenti
1382 3350 1737 3426 respondere
1796 3352 2110 3428 possimus.
2204 3349 2700 3425 Quemadmodum
2756 3351 2938 3423 iyitur
2999 3349 3291 3424 quaedam

664 3438 1031 3498 substantiva
1069 3442 1302 3513 yeneris
1346 3442 1665 3500 conmuni-s·
1719 3444 1882 3509 sumt,
1938 3444 2006 3500 ut
2044 3458 2230 3514 yenus
2283 3456 2402 3498 non
2449 3440 2819 3499 discernatur
2861 3440 2981 3498 nisi
3024 3440 3289 3513 apposito

666 3528 940 3588 articulo:
985 3530 1069 3587 ita
1104 3529 1369 3588 diversae
1405 3530 1812 3589 adverbiorum
1845 3531 2084 3589 illorum
2118 3532 2375 3589 notiones
2412 3529 2640 3587 adiecta
2671 3530 3109 3602 praepositione
3143 3529 3262 3588 diri
3266 3558 3287 3568 -

663 3621 906 3676 muntur
943 3608 1329 3698 (ἔμπροεθεν
1367 3612 1583 3694 ‘vorn’,
1629 3614 1697 3679 ἐκ
1732 3618 1854 3679 τοῦ·
1889 3615 2246 3694 ἔμπροεθεν
2284 3613 2425 3679 ‘von
2462 3610 2653 3692 vom’,
2689 3613 2779 3677 ele
2814 3613 2892 3677 τὸ
2930 3613 3288 3692 ἔμπροεθεν

664 3699 841 3765 ‘nach
886 3698 1108 3786 vorn'),
1163 3724 1294 3766 cum
1340 3712 1526 3768 cetera
1579 3709 1859 3769 adverbia
1914 3709 2029 3767 tale
2082 3709 2223 3782 quid
2267 3724 2384 3766 non
2427 3708 2756 3781 patianbm.
2847 3707 2989 3766 Iam
3033 3724 3166 3765 vero
3211 3706 3289 3765 ab

662 3790 743 3855 ἔν
788 3797 1224 3870 praepositione
1268 3797 1561 3860 deseendit
1613 3798 1957 3858 adverbium
2012 3793 2257 3868 ἔνθεν,
2315 3796 2469 3871 quod
2513 3794 2833 3855 secundum
2880 3796 3050 3855 illam
3096 3796 3288 3874 legem

665 3889 781 3944 tres
815 3887 1271 3959 siqnifieabiones
1313 3886 1524 3947 habere
1560 3888 1868 3961 oportebat.
1946 3885 2162 3946 Verum
2206 3887 2383 3946 simul
2423 3889 2596 3959 atque
2641 3880 2862 3946 ἔνθεν
2899 3886 3095 3945 dorico
3128 3902 3289 3944 more

659 3977 727 4033 in
782 3969 965 4035 ἔνθα
1019 3977 1256 4035 transiit
1306 3978 1482 4050 idque
1535 3977 1756 4050 duplici
1798 3978 2029 4036 notione
2074 3969 2506 4052 (κοινότερον)
2552 3977 2839 4048 usurpari
2884 3979 3143 4049 coeptum
3187 3979 3286 4044 est,

661 4066 732 4123 ut
775 4065 838 4123 et
881 4058 1013 4122 ‘ibi'
1060 4066 1122 4124 et
1166 4058 1284 4124 ‘eo’
1329 4064 1717 4144 significaret:
1765 4060 1986 4127 ἔνθεν
2032 4069 2348 4125 ceterorum
2391 4066 2458 4123 iu
2503 4061 2635 4123 ei‘v
2681 4064 3094 4123 vocabulorum
3139 4081 3287 4124 ana-

661 4154 877 4227 loyiam
910 4158 1170 4213 secutum
1202 4155 1355 4214 hane
1388 4172 1573 4215 imam
1607 4157 1895 4214 notionem
1930 4156 2127 4232 induit
2158 4158 2225 4214 ut
2260 4147 2442 4213 ‘inde’
2482 4157 2627 4213 esset
2667 4154 2812 4229 153,
2835 4153 3162 4228 22—154,
3183 4155 3284 4212 21.

666 4242 753 4302 of.
791 4243 931 4302 Her.
971 4242 1002 4300 1
1048 4244 1199 4318 496,
1221 4244 1276 4302 5.

846 4332 1183 4407 154,1—2
1242 4331 1365 4391 Ska
1410 4333 1472 4391 II
1522 4334 1621 4392 26.
1714 4332 1927 4391 Matth.
1974 4332 2004 4390 I
2053 4334 2136 4392 34
2193 4332 2497 4409 improbat
2548 4331 3005 4408 explicationem
3050 4350 3083 4389 e
3131 4329 3287 4391 Skae

661 4422 1001 4481 coniectura
1046 4424 1240 4480 ortam
1286 4416 1389 4481 εοὐ
1430 4417 1901 4497 παρακείμενον
1949 4417 2038 4482 εἰ(
2084 4419 2196 4482 (ὗε-ν
2242 4415 2557 4496 λήγοντι’;
2603 4421 2814 4480 saltem
2853 4423 3011 4480 enim
3049 4439 3287 4496 exspec-

661 4514 780 4570 tari
827 4505 973 4570 ‘nvi
1020 4505 1108 4570 εἰ(
1155 4508 1267 4570 θᾶ
1311 4511 1408 4570 vel
1454 4506 1659 4592 ὁμοίῳ
1706 4506 1796 4572 εἰ(
1842 4508 1954 4571 e&
2002 4507 2267 4585 λήγοντι
2321 4510 2415 4571 vel
2472 4510 2665 4569 simile
2721 4510 2891 4586 quid:
2945 4529 3137 4588 neque
3182 4510 3287 4569 ad-

660 4599 851 4661 verbii
896 4594 1061 4673 δηθά
1107 4600 1472 4677 exemplum,
1518 4601 1677 4676 quod
1721 4600 2119 4677 subiungatur
2162 4600 2406 4678 regulae
2460 4602 2637 4659 antea
2692 4600 3020 4676 expositae,
3079 4599 3286 4658 eadem

659 4689 873 4768 regula
917 4692 1127 4765 postea
1170 4708 1375 4750 rursus
1421 4691 1662 4766 probari
1709 4693 2010 4767 oportere3
2058 4709 2240 4766 quare
2285 4689 2431 4748 haec
2467 4685 2547 4749 οὐ
2585 4705 2815 4764 παρακ.
2855 4683 2944 4749 εἰ(
2981 4687 3092 4749 e&
3129 4683 3283 4766 (λή-

661 4774 888 4858 γοντι)
932 4778 1186 4839 delenda
1232 4796 1357 4839 esse
1402 4783 1617 4840 censet.
1711 4778 1795 4838 At
1837 4780 2102 4856 primum
2147 4779 2224 4838 ad
2271 4776 2533 4853 λήγοντι
2579 4779 2862 4837 facillime
2908 4774 3285 4853 ἐπιρρήματι

661 4866 979 4945 cogitando
1017 4868 1347 4945 suppletur,
1394 4870 1676 4943 quoniam
1713 4868 1786 4926 de
1831 4870 2001 4928 nulla
2045 4868 2167 4927 fere
2214 4869 2335 4927 alia
2367 4888 2434 4928 re
2475 4868 2591 4926 nisi
2627 4867 2700 4926 de
2748 4866 3045 4928 adverbiis
3091 4886 3284 4927 sermo

664 4959 781 5031 est3
834 4956 1046 5016 deinde
1102 4976 1343 5017 causam
1396 4977 1517 5017 non
1572 4957 1745 5019 video
1801 4959 1949 5019 satis
2008 4957 2230 5018 iustam
2274 4976 2381 5017 cur
2421 4957 2744 5034 Apollonio
2790 4976 2910 5018 non
2956 4957 3038 5017 sit
3081 4976 3284 5017 conce-
