3738 5530
651 347 771 415 196
1554 348 1735 403 ΠΕΡΙ
1771 350 2331 409 ΕΠῙΡΡΗΜΑΤῼΝ.

1659 461 2225 512 p.609‚15-611‚20b

644 557 864 635 μένει
922 556 1172 638 Δίων,
1240 553 1402 619 ἄνω
1466 552 1896 632 ἀπέρχεται
1952 555 2520 622 Ἀπολλώνιος·
2580 555 2724 624 ἔξω
2783 556 3024 636 μένει,
3092 554 3234 622 ἔξω

644 658 1079 738 ἀπέρχεται
1146 656 1251 738 (τὰ
1307 656 1395 720 εἰς
1457 643 1567 720 δεῖν
1628 654 1882 721 τούτων
1946 656 2016 722 ἐκ
2078 658 2287 723 τόπου
2354 658 2552 742 ἐςτίν,
2627 658 2922 725 ἔξωθεν
2988 677 3231 737 παρα·

640 758 1005 844 γίνεται).
1058 795 1131 805 -
1180 758 1352 822 Ποία
1396 755 1517 822 οὖν
1564 756 1796 833 ἀλογία
1840 757 1911 822 ἐν
1956 764 2047 841 τῷ
3076 781 3085 790 ·

1435 860 1540 923 καὶ
1582 851 1730 924 εἴςω
1775 859 2028 939 δόρπον
2075 860 2319 940 ἐκόςμει
2366 861 2432 946 (η
2486 860 2628 944 13);

573 977 605 1025 5
641 964 698 1044 (α
715 969 876 1043 χρῆν
919 963 1043 1042 γάρ
1059 987 1109 1041 »‚
1158 961 1368 1045 φαςίν,
1418 960 1753 1039 «ἔνδον»·)
1787 964 2469 1044 προαποδεδειγμένου
2513 966 2632 1027 τοῦ
2674 961 2774 1027 ὅτι
2811 964 2931 1028 δύο
2962 965 3229 1029 τοπικὰς
3278 979 3333 1019 2⁰

640 1066 873 1145 ςχέςεις
929 1064 1208 1145 ςημαίνει
1265 1066 1345 1128 τὰ
1401 1067 1665 1128 τοιαῦτα
1719 1069 1851 1128 τῶν
1912 1062 2375 1145 ἐπιρρημάτων.
2438 1098 2511 1109 -
2576 1064 2705 1140 ἐγώ
2759 1084 2833 1140 γε
2891 1065 3012 1144 μὴν
3071 1063 3230 1129 ὑπο-

641 1167 972 1247 λαμβάνω,
1032 1164 1123 1230 ὼς
1179 1168 1427 1243 μᾶλλον
1483 1165 1558 1228 τὸ
1618 1165 1813 1230 ἔνδον
1858 1164 2275 1245 ἀλογώτερον
2323 1165 2718 1245 καθέςτηκεν.
2795 1165 3047 1250 οὐδὲ[ν]
3106 1168 3229 1245 γὰρ

638 1267 801 1332 ἀλλο
847 1290 904 1333 τι
961 1275 1092 1333 τῶν
1151 1266 1239 1332 εἰς
1296 1254 1415 1332 δ-όν
1470 1266 1806 1344 ληγόντων
1862 1266 2313 1347 ἐπιρρημάτων
2357 1268 2621 1333 τοπικόν
2679 1267 2830 1344 ἐςτι,
2887 1268 3231 1346 ποιότητος

639 1371 710 1434 δὲ
757 1368 1243 1448 παραςτατικόν.
1307 1366 1732 1447 ἀπειρότερον
1764 1366 1886 1433 οὖν
1919 1369 2434 1449 ἀναςτρέφοντες
2464 1369 2695 1452 (περὶ)
2737 1372 2869 1435 τῶν
2911 1369 3228 1435 τοιούτων
3281 1386 3331 1426 2⁵

545 1485 609 1534 10
644 1474 960 1552 ςημαςιῶν
1005 1470 1106 1534 καὶ
1149 1469 1612 1550 ἐπιμέμφονται
1654 1470 1731 1533 τὸ

1614 1571 1763 1636 εἴςω
1809 1571 2061 1650 δόρπον
2105 1572 2349 1652 ἐκόςμει
2395 1570 2462 1656 (η
2515 1572 2641 1653 13).

803 1673 913 1739 Ὡς
967 1674 1397 1753 προείπομεν,
1463 1673 1543 1737 τὰ
1599 1671 1687 1737 εἰς
1745 1659 1863 1738 5OE
1922 1674 2206 1751 λήγοντα
2269 1673 2666 1754 ἐπιρρήματα
2731 1673 2829 1739 ἀεὶ
2884 1676 3226 1754 ποιότητός

547 1799 552 1804 ·
636 1776 761 1841 ἐςτι
816 1775 1273 1854 παραςτατικά,
1332 1773 1687 1852 ἀγεληδόν,
1748 1776 2105 1854 ταυρηδόν,
2165 1777 2508 1856 ςκηνηδόν,
2567 1776 2914 1857 βοτρυδόν,
2986 1775 3222 1847 ἰλαδόν,
3277 1792 3331 1831 ³0

637 1877 1044 1956 ςυνωχαδόν·
1097 1875 1178 1954 ἦν
1223 1873 1344 1940 οὖν
1390 1876 1465 1940 τὸ
1511 1874 1751 1940 ἔνδον
1796 1877 1959 1940 κατὰ
2003 1880 2198 1941 τοῦτο
2251 1878 2731 1957 ςημειούμενον.
2785 1915 2857 1924 —-
2917 1877 3084 1942 ἀλλὰ
3128 1878 3227 1942 καὶ

537 1987 600 2036 15
637 1977 931 2044 ὀξύνεται
995 1976 1277 2056 ἅπαντα,
1345 1978 1554 2041 καθὼς
1621 1977 2035 2041 κατείλεκται·
2116 1979 2219 2042 καὶ
2288 1978 2476 2043 ἕνεκα
2539 1981 2778 2044 τούτου
2845 1979 3226 2058 ςημειωτέον

636 2079 829 2146 πάλιν
873 2080 950 2145 τὸ
997 2079 1212 2144 ἔνδον.
1258 2115 1342 2126 -
1399 2080 1474 2142 τὸ
1530 2079 1654 2156 γὰρ
1683 2078 2054 2158 ,ἔμπεδον
2099 2079 2218 2144 οὐκ
2269 2079 2481 2159 ἔχεται
2525 2084 2636 2158 τῆς
2681 2084 3071 2159 παραγωγῆς
3114 2083 3226 2157 τῆς

636 2183 740 2246 διὰ
782 2186 896 2246 τοῦ
939 2168 1089 2276 δ-ον,
1145 2176 1290 2245 ἀλλ’
1347 2180 1513 2246 ἔςτιν
1559 2179 1630 2245 ἐν
1674 2179 2186 2262 ςυ<νε>μπτώςει
2241 2180 2585 2265 ὀνοματικῇ
2632 2180 2919 2246 ςύνταξις
2971 2181 3227 2261 ἐπιρρή-
3265 2198 3367 2247 6ιο

635 2304 832 2364 ματος
877 2282 1532 2363 παραλαμβανομένη,
1577 2284 1788 2346 καθὼς
1832 2280 1965 2360 ἔχει
2009 2283 2084 2347 τὸ
2129 2283 2365 2361 καλόν,

1039 2383 1119 2449 οὐ
1163 2386 1280 2465 μὲν
1325 2384 1526 2448 καλὸν
1572 2382 1864 2464 ἀτέμβειν
1916 2387 1979 2463 (υ
2024 2381 2212 2467 294),

532 2477 601 2527 20
634 2469 736 2534 καὶ
779 2469 856 2533 τὸ

1816 2552 1974 2617 νέον
2020 2552 2434 2634 ἐρχομενάων
2482 2554 2556 2633 (Β
2600 2551 2751 2634 88),
3308 2571 3363 2620 ε·

634 2657 739 2720 καὶ
782 2653 948 2719 ἄλλα
991 2655 1370 2734 πάμπολλα,
1431 2654 1923 2732 ςυνυπάρχοντα
1969 2654 2280 2738 οὐδετέρᾳ
2328 2654 2494 2719 θέςει
2539 2653 2904 2731 ὀνομάτων.
2967 2653 3047 2732 ἦν
3104 2656 3227 2733 γὰρ

635 2759 811 2836 παρὰ
869 2757 946 2821 τὸ
1013 2754 1225 2837 ὄνομα
1281 2758 1357 2822 τὸ
1415 2756 1619 2821 πέδον
1680 2754 2016 2833 ἀρςενικὸν
2074 2754 2285 2835 ὄνομα
2342 2754 2871 2835 ἀποτελούμενον
2929 2755 3227 2838 ἔμπεδος,

637 2860 739 2923 καὶ
793 2859 949 2937 ἔχον
994 2859 1209 2937 τρίτην
1267 2858 1398 2923 ἀπὸ
1441 2858 1670 2921 τέλους
1714 2857 1830 2934 τὴν
1886 2856 2136 2940 ὀξεῖαν,
2195 2859 2353 2922 καθὸ
2399 2858 2500 2921 καὶ
2543 2861 2682 2921 τοῖς
2735 2858 3054 2922 πλείςτοις
3096 2863 3227 2922 τῶν

535 2967 602 3016 25
636 2961 956 3025 τοιούτων
1020 2959 1367 3038 ὀνομάτων
1431 2958 1887 3037 παρεπόμενόν
1965 2957 2122 3035 ἐςτι,
2195 2959 2425 3024 τέκνον
2491 2957 2819 3035 εὔτεκνος,
2896 2959 3226 3039 βλέφαρον
3283 2988 3334 3026 ιο

637 3062 1180 3144 καλλιβλέφαρος,
1225 3061 1421 3126 ξύλον
1465 3058 1727 3125 ἄξυλος·
1781 3056 1861 3136 ἦν
1911 3057 2031 3122 οὖν
2077 3058 2179 3122 καὶ
2223 3061 2399 3138 παρὰ
2441 3061 2517 3124 τὸ
2561 3061 2766 3124 πέδον
2809 3060 2885 3124 τὸ
2930 3058 3229 3142 ἔμπεδος,

637 3162 765 3242 ἀφ’
821 3160 900 3226 οὗ
946 3161 1294 3241 οὐδέτερον
1349 3161 1426 3225 τὸ
1482 3162 1800 3240 ἔμπεδον,
1856 3160 2017 3223 κατὰ
2061 3160 2551 3240 ἐπιρρηματικὴν
2597 3162 2889 3247 ςύνταξιν
2945 3159 3230 3240 εἰλημμέ-

638 3283 782 3327 νον.
831 3300 911 3310 -
958 3264 1161 3328 Ἔςτιν
1209 3261 1330 3327 οὖν
1377 3262 1539 3339 ὑπὲρ
1582 3267 1695 3339 τῆς
1738 3262 1981 3326 τάςεως
2025 3265 2143 3325 τοῦ
2189 3260 2384 3327 ἔνδον
2429 3262 2641 3327 ἐκεῖνο
2688 3260 2923 3344 φάναι,
2971 3260 3059 3326 ὥς
3103 3262 3230 3327 ἐςτί

635 3385 778 3429 τινα
833 3364 1377 3445 ὑπεξαιρούμενον
1432 3367 1546 3441 τῆς
1598 3363 1869 3445 τάςεως,
1936 3362 2032 3427 ὅτι
2088 3362 2129 3425 ἃ
2186 3363 2301 3441 μὲν
2355 3362 2729 3443 ποιότητος,
2799 3363 2837 3427 ὃ
2893 3365 2965 3427 δὲ
3020 3362 3228 3427 τόπου
3283 3390 3331 3431 15

639 3479 778 3486 —L—

810 3515 1031 3569 Anovu.
1101 3521 1132 3566 4
1169 3513 1375 3566 Mirum
1420 3512 1595 3582 igitur
1629 3527 1741 3565 non
1779 3515 1865 3566 est
1902 3515 2010 3567 ἔςω
2049 3527 2168 3566 esse
2207 3512 2378 3566 stiam
2416 3512 2496 3565 ‘in
2532 3511 2801 3567 interiore
2839 3512 3048 3580 parte’;
3084 3510 3229 3564 illud

639 3598 829 3667 potius
876 3598 1108 3663 mirum,
1156 3614 1280 3651 eam
1325 3597 1441 3650 vim
1476 3596 1686 3650 habere
1722 3598 1913 3659 ἔνδον,
1959 3597 2093 3664 quia
2136 3598 2328 3651 cetera
2360 3598 2419 3650 in
2454 3598 2556 3650 &W
2591 3597 2925 3662 qualitatem
2960 3594 3226 3648 indicant.

637 3713 702 3721 —
742 3688 803 3736 12
840 3681 1126 3736 Advcrbia
1160 3682 1218 3735 in
1254 3684 1353 3736 δδῦ
1389 3681 1722 3749 qualitatem
1758 3679 2079 3750 significant
2113 3684 2172 3735 et
2204 3683 2453 3750 oxytons.
2486 3682 2631 3738 sunt.
2694 3681 2820 3734 Non
2857 3680 2944 3734 est
2977 3678 3227 3733 notabile

636 3768 907 3835 ἐμπεδονς
967 3767 1053 3820 est
1110 3766 1261 3820 enim
1322 3767 1584 3820 neutrum
1639 3763 1930 3829 adjectivi,
1991 3766 2285 3833 particeps
2342 3765 2768 3820 constructionis
2827 3763 3101 3823 adverbii,
3164 3794 3228 3803 --

637 3858 702 3907 28
738 3850 1062 3905 Notandum
1097 3851 1287 3920 potius
1324 3852 1514 3915 ἔνδον;
1553 3847 1652 3903 ssd
1688 3849 1952 3902 accentus
1988 3847 2106 3901 eius
2140 3849 2396 3917 pluribus
2432 3849 2503 3904 ds
2541 3850 2721 3904 causis
2758 3847 2986 3902 defendi
3021 3849 3228 3917 potest.

772 3988 960 4045 D1scn.
995 4005 1202 4044 scnn’w.
1272 3992 1303 4038 2
1340 3990 1441 4040 θεν
1478 3983 1784 4049 GDronkc,
1820 3988 1889 4038 θέ
1926 3983 2045 4049 Ab,
2083 3987 2154 4037 θᾶ
2190 3982 2638 4038 GFSchoemann
2703 3988 2713 4053 1
2778 3991 2824 4042 3.
2860 3984 3062 4051 ἀλογία
3095 3984 3132 4037 b
3168 3983 3228 4036 in
3264 4022 3275 4029 .

639 4090 753 4126 var.
790 4072 920 4126 lect.
961 4069 1318 4124 OSchneidcr
1354 4067 1823 4133 GFSchoemann,
1873 4068 2152 4134 ἀπολογία
2188 4071 2232 4124 Α
2283 4069 2342 4122 et
2375 4069 2413 4123 b
2448 4069 2509 4122 in
2544 4070 2705 4123 textu
2768 4072 2778 4136 Ι
2842 4074 2891 4123 7.
2927 4070 3060 4122 οὐδὲ
3095 4068 3132 4121 b
3169 4068 3227 4121 in

639 4173 754 4214 var.
789 4156 936 4221 lect,
975 4156 1141 4210 οὐδὲν
1176 4154 1250 4213 id.
1286 4154 1346 4207 in
1381 4155 1543 4208 textu
1567 4170 1694 4208 cum
1723 4156 1764 4208 Α
1796 4154 1805 4221 1
1837 4160 1885 4212 9.
1923 4156 2052 4220 περὶ
2089 4152 2216 4206 add.
2244 4152 2281 4206 b
2316 4153 2375 4206 in
2398 4169 2514 4211 var.
2538 4153 2669 4208 lect.
2704 4156 2713 4221 Ι
2748 4158 2960 4206 11—12.
2988 4153 3226 4219 ἐκόςμει.

641 4243 720 4296 ὡς
757 4240 1128 4308 προείπομεν,
1172 4240 1244 4294 τὰ
1280 4239 1343 4315 b5
1380 4240 1624 4305 ἐκόςμει,
1661 4241 1739 4294 ὡς
1776 4237 2139 4305 προείπομεν.
2185 4238 2271 4291 Τὰ
2295 4235 2768 4303 GFSchosmanm
2806 4237 2866 4289 in
2901 4238 2945 4291 Α
2981 4235 3228 4305 spatium

640 4325 727 4379 est
747 4324 879 4393 post
902 4339 1118 4390 εκοςμει
1148 4327 1156 4388 1
1192 4331 1271 4378 13.
1301 4325 1523 4377 ειλαδον
1546 4339 1650 4392 pro
1676 4323 1871 4377 ἰλαδόν
1897 4323 1940 4376 Α
1972 4324 1980 4388 Ι
2013 4327 2075 4375 17
2101 4324 2483 4387 ςυνεμπτώςει
2507 4320 2885 4388 RSchnsider,
2909 4321 3227 4386 ςυμπτώςει

641 4409 734 4463 ΑΙ)
775 4412 784 4475 Ι
829 4415 963 4461 17-
985 4413 1059 4462 18.
1098 4408 1475 4475 ἐπιρρήματος
1511 4406 1733 4476 scripsit
1764 4404 2125 4460 RSchnsider
2157 4407 2380 4459 secutus
2416 4407 2485 4470 Α,
2532 4405 2592 4458 in
2627 4421 2739 4474 quo
2777 4406 2864 4458 est
2897 4405 3228 4472 επιρρημαὶῗ

639 4494 1039 4562 ἐπιρρημάτων
1075 4490 1145 4559 L,
1183 4493 1586 4560 ἐπιρρηματικὴ
1625 4491 1694 4559 bl
1743 4495 1820 4545 18.
1858 4491 2406 4558 παραλαμβανομένη
2443 4488 2830 4552 RSkrzeczka,
2868 4492 3229 4555 παραλαμβα-

639 4596 812 4645 νομεν
858 4581 952 4644 Α’,
997 4578 1308 4631 extremam
1353 4594 1420 4631 ον
1466 4575 1738 4643 syllabam
1784 4573 2007 4628 addidit
2051 4575 2121 4628 Α2
2162 4574 2220 4626 in
2257 4590 2475 4640 rasura,
2522 4575 3104 4640 παραλαμβανόμενον
3137 4573 3175 4625 b
3216 4575 3223 4641 ἱ

639 4665 828 4718 καθὼς
861 4663 899 4716 b
935 4662 995 4715 in
1031 4678 1147 4718 var.
1185 4661 1343 4727 lect,
1382 4662 1471 4714 καὶ
1508 4662 1588 4715 ὡς
1622 4658 1696 4712 id.
1733 4659 1790 4711 in
1826 4659 1991 4713 textu
2025 4675 2152 4712 cum
2191 4660 2233 4712 Α
2292 4665 2301 4723 Ι
2370 4664 2446 4713 19.
2487 4659 2589 4724 μὲν
2629 4660 2670 4712 Α
2692 4658 2757 4725 b,
2804 4658 2912 4724 γὰρ
2948 4656 3226 4713 Homerus

640 4748 788 4817 vulg.
821 4751 831 4816 Ι
860 4753 945 4800 21.
982 4763 1135 4801 νεων
1172 4746 1215 4799 Α
1256 4747 1265 4813 Ι
1315 4750 1532 4799 28—29.
1570 4746 1649 4801 ὥς
1684 4744 1799 4799 ἐςτί
1834 4760 1962 4798 τινα
1998 4743 2392 4811 ἐξαιρούμενον
2427 4740 2798 4807 RSchnsicler‚
2837 4743 2916 4795 ὡς
2952 4743 3065 4796 ἔςτι
3099 4743 3226 4796 τινὰ

639 4833 1001 4899 ἐξαιρούμενα
1038 4831 1131 4886 Ab
1163 4832 1173 4898 Ι
1203 4837 1285 4884 29.
1322 4832 1409 4883 ὅτι
1443 4829 1478 4883 ἃ
1515 4829 1640 4900 μὲν]
1680 4828 1776 4887 fol.
1816 4834 1913 4883 178
1941 4846 1985 4882 r.
2023 4855 2026 4859 v
