3738 5530
577 369 1020 425 Commentarius
1049 369 1276 425 m-iticun
1305 373 1364 424 et
1390 368 1712 438 exegeticus
1740 369 1800 424 in
1827 367 2117 439 Apollonii
2144 367 2376 437 Dyscoli
2403 367 2615 438 scripta
2640 366 2873 422 minora.
2955 365 3082 431 113

466 535 625 599 ‘Duo
682 540 966 599 discernit
1019 538 1350 599 diaereeeos
1395 556 1639 618 genera,
1696 539 1951 598 alterum
2005 540 2074 597 ut
2119 532 2408 613 μουεὲων
2455 533 2693 612 ὀρέων,
2749 538 2803 596 si
2849 555 2919 596 ex
2962 555 3085 595 una

464 629 659 689 vocali
703 629 897 688 factae
951 631 1094 688 sunt
1145 628 1346 688 binae:
1401 629 1682 702 alterum,
1735 629 1787 687 si
1832 627 2238 705 diphthongus
2294 628 2356 685 in
2410 645 2520 686 sua
2564 626 2914 686 dissolvitur
2968 625 3082 686 ele-

464 722 670 778 menta
706 714 774 796 (ἡ
822 713 983 778 κατὰ
1028 713 1347 779 διάεταειν
1392 713 1733 795 hminem),
1781 720 1849 776 ut
1895 715 2113 777 κοῖλος
2139 748 2228 759 -
2256 711 2513 777 κόὶλοθ.
2551 748 2639 757 -
2675 716 2767 775 De
2805 719 2937 776 tota
2972 715 3087 774 hac

464 828 530 868 re
575 809 700 886 egit
743 806 887 866 Lob.
926 807 1039 866 ΕΠ.
1077 807 1109 867 Ι
1152 808 1254 867 60.
1325 807 1390 866 Π
1428 807 1720 882 4—1403
1764 806 1969 866 Rhem.
2015 808 2138 866 187
2161 824 2246 883 sq.
2321 805 2505 865 Lehrs
2552 805 2630 867 ad
2674 805 2812 865 Her.
2857 806 2960 879 20,
2982 806 3085 864 34.

646 897 751 972 87,
771 899 809 956 8
868 891 1083 973 ‘neque
1139 916 1280 956 vero
1333 895 1490 955 hunc
1543 914 1717 955 usum
1772 895 1847 956 ad
1908 895 2038 956 sola
2090 896 2239 954 talia
2295 893 2592 955 adiectiva
2653 889 2888 973 [qualia
2945 896 3089 953 sunt

465 988 771 1067 πατρῷος
823 985 1014 1046 boeot.
1072 981 1410 1065 πατροῖοε]
1465 987 1789 1063 pertinere,
1852 985 2081 1045 indicat
2135 985 2268 1062 Ap„
2331 1003 2468 1044 cum
2525 983 2714 1043 tradit
2770 984 3087 1044 nonnullos

465 1078 594 1136 iota
652 1075 1049 1151 subscriptum
1101 1076 1164 1135 in
1211 1073 1305 1155 νῴ
1360 1074 1581 1134 falsum
1624 1075 1947 1150 iudicasse,
2008 1073 2166 1151 quod
2212 1074 2422 1134 Boeoti
2467 1092 2588 1134 non
2642 1074 2906 1133 dicerent
2960 1067 3086 1134 voi'

465 1166 610 1225 Ahr.
648 1165 812 1224 diall.
850 1165 882 1224 I
921 1166 1078 1240 1943
1124 1165 1351 1242 optimo
1396 1165 1584 1243 igitur
1619 1165 1747 1223 iure
1784 1164 2043 1224 Bekkeri
2078 1164 2477 1224 coniecturam
2512 1164 2686 1222 reicit
2723 1155 2828 1245 (ib.
2857 1183 2914 1222 n.
2950 1153 3089 1243 10);

468 1255 541 1315 cf.
589 1254 669 1313 ib.
720 1254 870 1330 208,
894 1255 951 1312 4.

644 1343 752 1404 Sin
798 1361 868 1403 ar
911 1341 1046 1403 νῶι
1093 1342 1285 1418 εφῶι
1328 1344 1555 1417 sonna-3
1597 1345 1805 1403 atticas
1847 1344 2041 1416 saetas
2088 1359 2208 1401 esse
2250 1344 2588 1402 statuimus:
2634 1345 2741 1401 aut
2783 1339 2805 1402 ῐ
2849 1357 3088 1400 servan·

468 1435 610 1494 dum
655 1437 740 1492 est
781 1450 913 1492 eum
957 1434 1360 1505 circumflexo;
1411 1436 1533 1502 aut,
1580 1434 1633 1492 si
1677 1431 1699 1493 ἰ
1734 1451 1847 1507 per
1893 1448 2187 1507 apocopen
2233 1434 2494 1499 evanuit,
2541 1432 2947 1504 circumflexus
2991 1448 3089 1491 su-

460 1526 675 1598 perest,
721 1526 788 1581 ut
828 1525 896 1582 in
939 1520 1149 1597 δῶμα
1194 1521 1298 1581 δῶ
1344 1522 1472 1582 sim.
1523 1522 1930 1598 87,12-16.

650 1612 753 1685 87,
778 1612 857 1670 13
919 1606 1082 1670 κατὰ
1143 1607 1261 1684 τὴν
1326 1606 1691 1687 πρόεληψιν
1749 1610 1867 1671 τοῦ
1929 1604 1977 1689 ἰ]
2042 1604 2154 1670 ‘ita
2212 1615 2282 1670 ut
2340 1607 2361 1670 ἰ
2420 1629 2557 1671 non
2620 1603 2955 1669 abiciatur’.
3002 1641 3090 1652 —

473 1694 1234 1780 Καδμῇδεε-Νηρῇδεε]
1255 1699 1455 1760 &EM
1478 1702 1624 1775 604,
1647 1701 1758 1774 543
1796 1699 2233 1777 Theod.Hilg.I
2256 1701 2401 1776 184,
2424 1701 2525 1759 16.
2560 1700 2708 1774 236,
2728 1700 2827 1759 23.
2862 1700 3009 1775 240,
3030 1700 3086 1758 6.

475 1792 623 1864 242,
647 1793 700 1849 7.
762 1792 907 1865 247,
932 1790 1029 1848 25.
1081 1790 1352 1865 381,35.
1437 1788 1600 1849 Suid.
1647 1807 1691 1849 s.
1741 1809 1794 1849 v.
1842 1788 1980 1848 Lex.
2028 1789 2404 1850 Messanense
2450 1787 2623 1848 MRh.
2671 1787 2895 1848 XLVII
2942 1790 3090 1848 406.

653 1880 861 1954 87,14
911 1873 1250 1957 ἐμποδίου]
1300 1878 1431 1938 adv.
1485 1879 1630 1954 180,
1654 1879 1754 1937 28.
1807 1880 1953 1954 157,
1976 1880 2087 1953 243
2133 1879 2283 1938 coni.
2332 1880 2601 1953 226,14.

654 1970 862 2043 87,15
911 1969 1059 2026 coni.
1112 1969 1258 2042 224,
1281 1969 1381 2027 24.
1455 1967 1596 2027 Her.
1644 1960 1793 2051 (ind.
1832 1986 1879 2028 s.
1916 1987 1970 2027 v.
2011 1960 2163 2049 δῶ),
2216 1966 2362 2028 Lob.
2400 1968 2516 2026 En.
2554 1967 2617 2027 Π
2667 1969 2823 2042 2853
2884 1966 2959 2028 de
3010 1960 3091 2041 ἧλ

473 2056 551 2116 id.
599 2057 714 2116 ΕΠ.
763 2057 825 2117 Π
873 2059 1018 2118 290.
1078 2059 1223 2117 291.
1281 2057 1605 2117 316—17.

650 2147 879 2207 Neutra
933 2147 1113 2221 ’ἰθεῖαν
1165 2149 1319 2206 ratio
1373 2164 1505 2206 eum
1558 2147 1698 2206 bene
1741 2147 2048 2221 procedat,
2111 2147 2355 2220 fuerunt
2415 2148 2515 2222 qui
2571 2151 2623 2206 et
2682 2147 2793 2205 hae
2845 2150 2899 2206 et
2957 2145 3096 2205 illas

474 2237 705 2310 formas
755 2238 993 2296 nativas
1048 2253 1170 2295 esse
1226 2237 1338 2294 sibi
1382 2237 1833 2310 persuaderent,
1888 2239 2241 2311 praesa-tim
2303 2254 2434 2295 eum
2486 2236 2781 2295 Homerus
2835 2237 3096 2308 utrisque

470 2327 681 2400 formis
723 2329 942 2385 utatur.
1036 2325 1254 2404 Quodsi
1300 2343 1329 2384 e
1375 2325 1607 2401 vulqari
1658 2343 1776 2385 usu
1820 2326 1893 2384 de
1944 2327 2121 2384 attica
2166 2325 2409 2385 dialecto
2461 2327 2746 2386 iudicium
2788 2326 3095 2398 ferendum

474 2419 584 2474 est:
635 2418 906 2489 praestat
966 2415 1180 2483 dicere,
1245 2416 1453 2474 atticas
1505 2415 1733 2487 formae
1785 2431 1899 2489 per
1962 2431 2255 2489 apocopen
2315 2417 2537 2487 factae,
2603 2418 2840 2473 acutum
2900 2418 3096 2473 autem

472 2505 600 2563 ideo
661 2506 995 2578 impositum
1058 2518 1204 2571 esse,
1269 2505 1422 2578 quod
1483 2506 1538 2562 is
1599 2505 1993 2563 terninationi
2052 2505 2118 2562 in
2182 2502 2237 2563 ὧ
2300 2507 2353 2563 et
2413 2503 2581 2564 duali
2633 2503 2959 2578 peculiaris
3021 2505 3100 2562 sit

475 2593 960 2668 87‚17-88‚5.

653 2683 756 2756 87,
781 2684 859 2741 17
910 2675 1273 2760 θεματικάε]
1322 2683 1395 2742 cf.
1415 2681 1848 2759 Wackernagel
1894 2681 2058 2758 path.
2095 2684 2346 2758 passim3
2393 2679 2674 2759 Egenolff
2712 2679 2806 2739 ΠΙ
2858 2681 2982 2740 168
3004 2699 3089 2759 sq.

660 2774 863 2845 87,21
917 2765 1047 2831 ἀπὸ
1094 2770 1205 2847 τῆ(
1250 2765 1493 2851 κοινῆς]
1542 2772 1614 2832 cf.
1662 2770 1804 2830 Lob.
1852 2771 2057 2831 Ehem.
2102 2773 2226 2831 187
2251 2790 2334 2849 sq.

655 2862 759 2934 87,
784 2862 864 2921 25
913 2861 984 2919 cf.
1036 2862 1262 2936 86‚12.
1324 2862 1559 2937 92‚16;
1617 2861 1757 2920 Her.
1796 2860 1859 2920 H
1907 2862 2248 2937 33‚1—23
2280 2887 2366 2909 =
2395 2861 2575 2921 schol.
2622 2859 2678 2920 A
2725 2860 2801 2919 ad
2846 2860 2899 2919 B
2950 2862 3092 2920 262.

657 2951 819 3026 88,5
861 2950 1044 3009 Lehrs
1080 2942 1304 3009 Arist.²
1343 2952 1468 3010 253
1508 2946 1668 3010 καθὸ
1713 2951 1777 3008 in
1823 2946 2028 3010 καίτοι
2073 2953 2307 3010 mutato
2343 2951 2399 3010 h.
2429 2950 2467 3008 1.
2508 2950 2593 3010 sic
2636 2950 3094 3027 interpretatur:

475 3035 866 3117 ‘quamquam
918 3041 1165 3116 propria
1220 3040 1413 3100 forma
1468 3042 1598 3099 erat
1648 3034 1778 3113 ἠόα
1830 3058 2021 3116 neque
2078 3039 2212 3100 ideo
2265 3040 2524 3099 mirandi
2579 3057 2757 3099 eausa
2803 3042 2934 3099 erat
2978 3040 3095 3098 nisi

475 3150 546 3189 ex
598 3129 967 3205 reliquorum
1020 3123 1339 3208 analogia'.
1432 3128 1549 3188 Sed
1602 3129 1713 3187 hoc
1767 3131 1969 3206 potius
2014 3128 2336 3205 Apollonio
2382 3130 2446 3187 in
2494 3128 2693 3189 animo
2739 3131 2831 3189 est
2875 3128 3094 3189 dicere:

477 3214 633 3289 ‘Qua
687 3218 759 3278 de
814 3237 994 3278 causa
1049 3210 1223 3300 (quia
1275 3237 1347 3278 ex
1401 3214 1618 3292 Λητόα
1670 3217 1743 3277 fit
1795 3213 2009 3291 Λητώ,
2071 3237 2140 3278 ex
2196 3214 2428 3280 Πυθόα
2479 3212 2713 3301 Πυθώ)
2768 3217 3095 3278 haesitasse

477 3309 648 3367 aiunt
701 3308 1114 3368 Aristarchum
1171 3309 1232 3366 in
1288 3304 1386 3383 ἠῶ
1445 3309 1607 3367 vocis
1663 3308 1936 3383 accentu,
1993 3307 2178 3384 quod
2234 3308 2426 3367 forma
2479 3309 2688 3366 nativa
2742 3311 2899 3367 esset
2950 3303 3093 3382 ἠόα,

477 3416 683 3475 quam,
736 3399 787 3457 si
843 3398 1181 3474 analogiam
1228 3393 1414 3472 Λητώ
1470 3392 1673 3457 Πυθώ
1726 3415 1939 3455 vocum
1995 3400 2364 3474 sequeretur,
2411 3399 2614 3473 acuto,
2672 3415 2792 3456 non
2849 3398 3096 3457 circum-

476 3487 625 3547 flexo
672 3487 868 3545 notari
916 3481 1258 3563 oporteret.'
1342 3486 1426 3546 of.
1466 3485 1843 3545 RSchneider
1880 3485 1973 3544 111
2017 3487 2173 3561 5883
2218 3485 2292 3545 de
2337 3505 2401 3544 re
2445 3506 2500 3545 v.
2549 3486 2664 3544 EM
2712 3487 2905 3562 30,4;
2950 3485 3094 3546 Lob.

653 3666 1013 3725 Pronomima
1058 3660 1161 3724 νώ
1208 3662 1368 3742 (φώ
1415 3683 1547 3725 eum
1590 3683 1719 3725 eam
1761 3665 2015 3725 habeant
2059 3666 2533 3733 terminationem,
2580 3683 2699 3738 qua
2744 3682 2908 3723 voees
2944 3683 3094 3739 quae

475 3757 786 3827 fleetuntur
841 3757 930 3814 uti
984 3756 1193 3824 solent,
1246 3755 1394 3814 nihil
1445 3756 1633 3814 obstat
1682 3771 1758 3813 ne
1808 3756 1945 3828 ipsa
1998 3771 2222 3828 quoque
2272 3756 2612 3826 amanam,-
2669 3772 2709 3813 a
2763 3755 2976 3828 quibus
3032 3759 3097 3813 ut

477 3843 661 3904 νῶιν
707 3842 949 3920 (φῶιν
992 3844 1220 3917 formae
1263 3845 1627 3912 descendant,
1677 3843 1850 3918 (quia
1891 3845 2139 3917 yenetivi
2183 3843 2383 3902 dualis
2418 3843 2572 3902 duas
2616 3843 2842 3903 vocales
2883 3843 3098 3904 habere

476 3934 673 4002 solent,
720 3952 974 4007 quarwm
1009 3934 1196 3992 altera
1243 3938 1325 3992 est
1359 3932 1408 4006 ἰ)
1447 3937 1500 3992 et
1540 3938 1608 3992 ut
1652 3935 2192 4005 eircwmflectantur,
2242 3932 2411 4007 (quia
2451 3934 2700 4006 qenetivi
2744 3933 2941 3993 dualis
2987 3935 3097 3992 eir-

477 4024 759 4095 eumflecti
793 4022 1019 4095 solent)
1055 4025 1210 4082 ratio
1244 4025 1488 4098 tlaqitat.
1518 4053 1606 4063 —
1638 4017 1781 4082 Νῶὲ
1807 4023 2007 4096 forma
2034 4019 2422 4081 Antimachus
2450 4026 2503 4081 et
2532 4020 2795 4081 corinna
2830 4026 3093 4082 amatur.

480 4112 845 4186 88,5—-17.

658 4201 761 4276 88,
780 4201 816 4258 6
865 4200 1241 4260 Herodianus
1295 4201 1446 4261 tales
1505 4202 1728 4261 formas
1785 4200 1980 4276 qualis
2040 4202 2132 4260 est
2187 4194 2429 4276 μάρτυρ
2485 4199 2824 4280 primitivas
2879 4201 3098 4277 accipit

481 4310 551 4349 ex
588 4284 827 4365 μάρτυς
865 4289 1090 4350 aeolico
1126 4309 1288 4350 more
1327 4293 1507 4366 ortas,
1543 4291 1615 4350 cf.
1645 4290 1709 4349 11
1738 4290 1977 4365 213‚6;
2018 4290 2183 4350 Euat.
2220 4292 2366 4365 114,
2389 4290 2500 4364 183
2535 4289 2678 4349 Lob.
2709 4289 2824 4349 En.
2854 4290 2918 4349 11
2948 4292 3094 4351 290.

482 4381 816 4455 312—173
876 4378 1092 4438 Parall.
1136 4382 1280 4439 217.
1364 4379 1453 4439 De
1510 4375 1716 4455 μάκαρ
1762 4378 1824 4437 II
1873 4381 2021 4453 575,
2043 4380 2124 4438 26
2181 4379 2340 4438 idem
2394 4380 2581 4440 sensit
2635 4379 2794 4456 quod
2829 4378 2972 4457 Ap:
3027 4398 3098 4440 ex

479 4464 784 4544 μακάριος
829 4469 982 4527 illud
1026 4488 1134 4545 per
1179 4487 1478 4545 apocopen
1526 4472 1724 4529 ortum
1770 4486 1912 4529 esse.
1997 4466 2083 4528 Cf.
2125 4466 2329 4529 Choer.
2369 4467 2400 4526 I
2447 4470 2596 4544 296,
2619 4470 2699 4528 23
2730 4469 2893 4547 Hilg.

659 4559 762 4633 88,
785 4560 820 4617 7
870 4559 983 4634 Ap.
1030 4560 1219 4636 igitur
1262 4560 1328 4616 in
1383 4561 1467 4618 eis
1514 4561 1643 4618 erat
1688 4550 1791 4636 qui
1851 4553 2052 4632 γηράς
2098 4577 2170 4617 ex
2215 4552 2494 4632 γηράεα(
2549 4558 2925 4618 decurtatum
2971 4576 3097 4619 esse

480 4644 958 4722 arbitrabantur3
1002 4647 1381 4707 Herodianus
1429 4667 1466 4707 a
1510 4645 1742 4723 γήρημι
1788 4647 2055 4721 derivat3
2099 4647 2171 4706 cf.
2210 4647 2349 4707 Her.
2388 4647 2452 4706 11
2491 4649 2639 4722 266,
2663 4652 2907 4724 1—113
2951 4647 3095 4709 Lob.

481 4737 594 4795 En.
634 4737 664 4795 I
713 4738 840 4796 383
861 4755 946 4814 sq.
1022 4737 1084 4796 Π
1132 4738 1278 4796 309.

661 4827 765 4901 88,
789 4826 868 4885 13
917 4827 1143 4886 formae
1188 4826 1319 4886 νῶε
1355 4826 1532 4885 fidem
1577 4846 1696 4886 non
1743 4827 2032 4906 abrogare
2069 4827 2308 4887 videtur
2342 4826 2486 4886 Ahr.
2525 4825 2688 4887 diall.
2726 4827 2758 4886 I
2798 4829 2945 4902 208,
2990 4845 3099 4888 nec

481 4914 614 4975 Mei.
653 4915 684 4974 I
723 4918 849 4976 273
890 4907 1060 4997 (‘von
1098 4932 1221 4975 νω-
1260 4915 1634 4994 ausgehende
1662 4908 2196 4997 Weiterbildung')
2237 4934 2345 4975 nec
2387 4914 2644 4993 GMeyer
2680 4937 2764 4994 gr.
2799 4910 2929 4976 Gr.²¹
2967 4917 3092 4977 391

484 4997 774 5065 ‘Korinna
831 5000 919 5086 [et
963 4999 1384 5085 Antimachus]
1442 5006 1557 5065 soll
1611 5004 1741 5066 νῶε
1796 5005 2126 5085 gebraucht
2178 5006 2370 5066 haben
2386 5050 2402 5083 ‚
2462 5005 2615 5066 ohne
2671 5005 2914 5068 Zweifel
2968 5007 3098 5068 eine

588 5113 864 5175 Applloniu·
893 5114 1130 5167 Dymolun.
1177 5114 1214 5156 1.
1243 5124 1294 5155 11.
2635 5111 2669 5163 8
