3738 5530
1358 378 1451 427 1)ss
1492 377 1665 427 131230
1705 377 1798 428 ΕΤ
1833 378 1932 430 Τῼ
1971 378 2259 431 FORMIS.
2984 377 3107 444 199

685 627 948 645 .....
1005 580 1086 647 οὐ
1153 581 1274 660 μὴν
1340 582 1416 647 τὸ
1484 581 1912 662 προκείμενον
1974 583 2202 661 μόριον
2271 632 2284 645 .
2343 631 2357 645 .
2419 631 2434 645 .
2494 634 2506 647 .
2567 629 2583 645 .
2653 582 2943 668 «ὀφείλει
3003 586 3106 651 καὶ

514 686 925 762 περιςπᾶςθαι
969 684 1074 746 καὶ
1116 682 1467 763 γράφεςθαι
1513 683 1625 749 ςὺν
1669 688 1762 767 τῷ
1807 686 1888 749 i».
1933 720 2015 730 —
2072 683 2254 747 Ἀλλ’
2298 683 2449 749 οὔτε
2494 689 2897 765 περιςπᾶται,
2952 686 3103 753 οὔτε

516 785 627 850 ςὺν
670 791 762 868 τῷ
818 787 840 850 i
891 785 1237 865 γράφεται,
1295 784 1650 865 μετάληψιν
1728 787 1800 851 δὲ
1845 786 1977 865 ἔχει
2019 784 2110 851 εἰς
2171 786 2291 852 δύο
2346 786 2503 867 μέρη
2563 787 2765 863 λόγου
2808 788 2955 852 κατ’
3010 787 3104 853 αἰ-

411 915 464 956 25
513 889 879 967 τιολογικὴν
949 886 1229 952 ἔννοιαν.
1293 888 1395 951 καὶ
1460 885 1714 965 ἄπορόν
1782 907 1891 971 γε,
1958 887 2239 967 πότερον
2306 886 2618 967 ἐπίρρημά
2684 890 2849 954 ἐςτιν
2905 889 3103 957 αἰτίας

519 989 1000 1069 παραςτατικόν,
1046 989 1085 1067 ἤ
1131 979 1475 1067 ςύνδεςμος
1521 986 1830 1069 αἰτιώδης.
1905 989 1945 1068 ἡ
1988 988 2275 1056 ςύνταξις
2318 988 2724 1069 αἰτιολογική,
2771 989 2862 1055 ὡς
2906 990 2961 1056 εἰ
3002 992 3104 1056 καὶ
3141 1007 3172 1052 5

512 1092 623 1157 ἐπ’
667 1090 987 1172 ὀνόματος
1019 1092 1122 1155 καὶ
1162 1096 1275 1170 τῆς
1315 1091 1421 1155 διά
1449 1091 1836 1170 προθέςεως,
1882 1092 2051 1166 λέγω
2093 1092 2164 1155 δὲ
2203 1090 2315 1155 ἐπ’
2345 1090 2666 1172 ὀνόματος
2697 1098 2813 1159 τοῦ
2844 1093 2987 1157 κατ’
3016 1093 3105 1157 αἰ-

511 1195 784 1273 τιατικὴν
826 1194 1224 1272 νοουμένου,
1282 1192 1400 1273 ἐφ’
1443 1192 1520 1272 ἧς
1565 1193 1666 1257 καὶ
1718 1193 1984 1273 μάλιςτα
2026 1194 2066 1273 ἡ
2110 1193 2499 1272 αἰτιολογικὴ
2556 1193 2785 1275 φράςις
2841 1195 3101 1271 γίνεται.

409 1322 463 1361 ιο
512 1297 587 1361 τὸ
647 1296 772 1373 γὰρ
829 1294 1032 1376 φάναι
1097 1295 1199 1360 δι’
1241 1294 1750 1374 Ἀριςτάρχου
1815 1295 1853 1373 ἢ
1923 1294 2026 1359 δι’
2081 1295 2676 1375 Ἀλεξανδρείας
2742 1300 2944 1375 δῆλον
3013 1297 3102 1361 ὡς

515 1397 791 1476 ςημαίνει
837 1396 940 1460 ἐπὶ
983 1397 1098 1476 μὲν
1143 1401 1274 1462 τῶν
1320 1396 1632 1476 ἐμψύχων
1675 1396 1751 1460 τὸ
1794 1396 2226 1471 γινώςκοντος
2271 1397 2713 1478 Ἀριςτάρχου,
2761 1398 2837 1462 τὸ
2882 1400 2954 1463 δὲ
2999 1399 3105 1464 ἐπὶ

513 1504 644 1564 τῶν
689 1503 977 1564 τοπικῶν
1020 1498 1137 1574 τὴν
1183 1497 1273 1562 δι’
1317 1498 1534 1563 αὐτῶν
1577 1498 1923 1577 γινομένην
1969 1497 2270 1577 πορείαν,
2325 1500 2423 1563 δι’
2467 1499 3098 1582 Ἀλεξανδρείας,
3141 1518 3204 1564 ιο

373 1613 481 1664 613
516 1601 840 1692 διὰ.τοῦ
894 1599 1508 1677 Ἑλληςπόντου·
1566 1600 1641 1664 τὸ
1696 1599 1822 1678 γὰρ
1878 1600 1985 1664 ἐπ’
2041 1599 2380 1678 αἰτιατικῆς
2438 1601 3100 1681 παραλαμβανόμενον

513 1701 939 1780 αἰτιολογικὴν
971 1701 1356 1781 ὑπαγορεύει
1386 1701 1650 1781 φράςιν,
1700 1702 1801 1766 δι’
1831 1701 2379 1780 Ἀλέξανδρον,
2426 1701 2530 1767 δι’
2560 1701 3101 1782 Ἀρίςταρχον,

514 1803 641 1868 διὰ
684 1805 823 1881 τὴν
867 1803 1138 1885 πόλιν,
1183 1803 1308 1867 διὰ
1351 1804 1487 1881 τὴν
1531 1803 1856 1882 Λέςβον,
1903 1804 2034 1867 διὰ
2077 1804 2215 1881 τὴν
2257 1804 2518 1868 Ἴλιον.
2581 1801 2732 1869 ὅθεν
2778 1806 2956 1869 δοκεῖ
2997 1825 3102 1882 μοι

511 1905 612 1968 καὶ
654 1904 801 1969 τόδε
846 1904 924 1968 τὸ
966 1903 1193 1983 μόριον
1237 1904 1469 1983 ταύτης
1512 1905 1760 1982 ἔχεςθαι
1802 1908 1916 1982 τῆς
1962 1905 2331 1972 ςυντόιξεως.
2400 1904 2489 1969 ὡς
2535 1907 2650 1982 μὲν
2696 1903 2817 1971 οὖν
2864 1905 2945 1971 οὐ
2991 1907 3097 1971 δύ·

433 2029 461 2070 5
511 2026 696 2070 ναται
750 2009 1003 2084 δοτικῆς
1060 2003 1223 2071 εἶναι
1268 2007 1598 2082 πτώςεως,
1654 2007 1993 2086 προφανὲς
2048 2005 2117 2069 ἐκ
2170 2010 2288 2071 τοῦ
2341 2008 2809 2087 ςημαινομένου
2855 2010 3098 2089 (δοτικὴ
3144 2028 3203 2074 15

510 2109 633 2187 γὰρ
698 2106 1014 2172 οὐδέποτε
1080 2106 1510 2187 αἰτιολογικὴν
1576 2107 1810 2188 φράςιν
1866 2105 2249 2192 παρίςτηςι),
2318 2109 2529 2173 καθὼς
2593 2108 2876 2192 ἔφαμεν,
2943 2131 3098 2190 μαρ-

509 2209 819 2288 τυρούςης
865 2210 969 2274 καὶ
1009 2211 1120 2286 τῆς
1165 2208 1582 2287 παραδόςειυς
1626 2208 1727 2273 καὶ
1768 2209 1929 2272 κατὰ
1972 2209 2148 2274 τάςιν
2194 2210 2296 2274 καὶ
2337 2209 2497 2274 κατὰ
2539 2212 2818 2294 γραφήν.
2887 2210 2983 2276 ὅτι
3028 2214 3100 2279 δὲ

512 2311 667 2375 οὐδὲ
712 2310 1135 2387 αἰτιολογικὸς
1180 2310 1557 2391 ςύνδεςμος,
1604 2314 1961 2389 προῦπτον.
2037 2310 2117 2375 ού
2160 2312 2284 2389 γὰρ
2330 2311 2407 2389 δή
2452 2331 2526 2387 γε
2572 2311 3098 2391 ἀντιμεταλήψεις

405 2437 460 2476 ιο
511 2412 661 2477 εἰςὶν
724 2412 795 2477 ἐν
851 2413 1071 2476 αὐτοῖς
1125 2414 1262 2476 τοῖς
1305 2411 1756 2488 αἰτιολογικοῑς
1800 2412 2193 2491 ςυνδέςμοις,
2254 2413 2423 2493 λέγω
2476 2418 2569 2493 τῷ
2624 2412 2725 2479 ὅτι
2779 2415 2818 2493 ἢ
2875 2415 2998 2493 γάρ
3055 2416 3095 2494 ἢ

509 2514 697 2579 ἕνεκα
739 2513 777 2593 ἤ
823 2534 943 2579 τινι
985 2517 1120 2578 τῶν
1163 2513 1500 2578 τοιούτων.
1551 2549 1626 2558 -
1684 2511 1946 2591 Ῥητέον
1992 2510 2113 2578 οὖν
2167 2513 2258 2579 ὡς
2302 2513 2686 2594 ἐθιμώτερον
2730 2515 2794 2581 οἱ
2838 2516 3096 2595 ποιηταὶ
3130 2533 3201 2584 20

511 2613 869 2681 ἐλλείπουςι
913 2614 1311 2695 προθέςεςιν,
1357 2612 1448 2680 ὡς
1494 2614 1597 2678 ἐπὶ
1639 2617 1761 2679 τοῦ

1214 2714 1385 2783 ἴθυςε
1429 2715 1596 2797 μάχη
1641 2713 1891 2782 πεδίοιο
1938 2714 2020 2799 (Ζ
2063 2713 2166 2802 2),

405 2843 459 2882 15
762 2819 916 2885 ἀλλ’
958 2818 1137 2899 ὑμεῖς
1183 2818 1439 2899 ἔρχεςθε
1485 2820 1531 2900 (Ι
1580 2816 1768 2903 649),

1442 2921 1672 3002 πικρὰς
1693 2906 1955 2986 ’ὠδῖνας
1999 2918 2257 3001 ἔχουςαι
2303 2923 2380 3006 (Λ
2424 2922 2597 3006 271),

512 3023 613 3087 καὶ
2866 3094 2881 3114 5
3131 3045 3199 3094 26

1210 3124 1359 3189 τίςις
1402 3123 1652 3204 ἔρχεται
1694 3122 2021 3204 Ἀτρείδαο
2067 3127 2135 3208 (α
2177 3123 2288 3206 40)

401 3250 459 3289 20
510 3226 609 3291 καὶ
650 3225 753 3291 ἐπί
794 3246 869 3302 γε
927 3226 1192 3307 μάλἰςτα
1234 3229 1352 3291 τοῦ
1395 3224 1821 3306 προκειμένου
1875 3225 2123 3306 μορίου.
2197 3226 2277 3292 οὐ
2331 3227 2456 3309 γὰρ
2513 3229 2594 3295 ἂν
2645 3228 2860 3296 ἄλλως
2903 3228 3096 3296 αἰτιο-

643 3430 860 3487 Axon.
947 3434 969 3481 1
1009 3429 1108 3482 Τώ
1156 3426 1388 3482 voculae
1425 3443 1614 3496 neque
1659 3424 2052 3482 circumflexus
2094 3428 2406 3499 imponitur
2439 3446 2623 3500 neque
2656 3432 2680 3486 ῑ
2713 3431 3098 3488 subscribitur.

510 3544 574 3553 —
613 3520 676 3567 15
710 3512 949 3568 Dativue
983 3528 1104 3567 esee
1138 3528 1252 3566 non
1288 3513 1502 3582 potest3
1539 3542 1608 3552 —
1648 3517 1706 3566 17
1730 3528 1918 3581 neque
1954 3513 2274 3568 coniunctio
2310 3514 2566 3569 causalis.
2608 3545 2662 3556 —
2704 3522 2770 3571 27
2807 3516 2906 3570 Est
2928 3516 3102 3586 igitur

511 3598 861 3652 accusativus
895 3599 964 3653 τό
998 3596 1307 3666 productus
1341 3598 1401 3650 in
1433 3598 1549 3665 τώ,
1586 3597 1677 3651 διά
1711 3597 2130 3667 praepositione
2166 3597 2483 3660 subaudita.

640 3767 866 3821 Τιιοτιιι.
932 3773 975 3821 1.
1011 3765 1100 3821 Et.
1134 3764 1210 3820 Μ.
1249 3772 1365 3833 773,
1397 3772 1458 3820 19
1501 3765 1689 3821 Τοῦτο
1727 3766 1865 3832 (scil.
1907 3766 1971 3822 τὸ
2008 3762 2111 3837 ταί)
2148 3766 2215 3823 δὲ
2253 3761 2284 3825 ὁ
2322 3766 2428 3839 μὲν
2462 3764 2828 3834 Ἀπολλώνιος
2865 3762 3089 3840 ὄξύνει,

395 3894 408 3905 .
505 3847 536 3909 ὁ
576 3850 640 3907 δὲ
668 3846 1034 3916 Ἡρωδιανὸς
1069 3850 1340 3926 περισπᾷ,
1376 3851 1552 3919 λέγων
1588 3842 1678 3905 ὅτι
1716 3840 1897 3914 οὕτως
1935 3849 2054 3920 ἔχει
2090 3847 2125 3922 ἡ
2162 3848 2500 3921 παράδοσις.
2551 3853 2632 3912 Cf.
2658 3854 2746 3909 Et.
2771 3852 2920 3909 Flor.
2949 3855 3102 3924 apud

505 3935 708 3992 Miller.
730 3935 1020 4006 Helanges
1052 3953 1109 4005 p.
1132 3940 1250 3990 289.
1298 3966 1360 3975 —
1407 3942 1473 3990 20
1505 3933 1594 3989 Et.
1627 3934 1699 3992 Μ.
1725 3942 1786 3988 21
1829 3933 2048 4005 Γέγονε
2085 3934 2153 3992 δὲ
2189 3931 2385 4001 οὕτως.
2439 3939 2661 3993 Homul
2699 3938 2882 4006 λέξεις
2918 3933 3099 3994 §nst-

505 4041 713 4076 πονται
750 4020 1114 4089 προθέσεων·
1151 4018 1276 4074 οἷον
1316 4019 1522 4089 *τρέμω
1558 4028 1643 4075 σε’
1682 4012 1814 4074 ἀντὶ
1850 4022 1954 4074 τοῦ
1993 4016 2120 4076 ’διὰ
2157 4021 2269 4077 06⁹·
2318 4017 2552 4091 *πικρὰς
2589 4017 2807 4085 ὠδῖνας
2842 4022 3100 4093 ἔχουσαν

507 4103 641 4160 ἀντὶ
685 4106 787 4161 τοῦ
827 4100 1206 4174 (ἐπέχουσαν.
1276 4104 1393 4159 Καὶ
1427 4099 1630 4166 πάλιν,
1677 4106 1893 4159 πολλαί
1926 4103 2043 4161 εἰσι
2077 4104 2388 4173 προθέσεις
2424 4102 2793 4162 ἑλλείπουσαι
2831 4104 3103 4176 ὖήματος,

507 4184 582 4252 ὥς
626 4187 691 4245 τὸ
736 4185 884 4244 ’ἄλλ’
929 4182 1087 4258 ἄνοι’,
1135 4189 1237 4243 καὶ
1282 4186 1394 4243 (ἔνι
1438 4206 1528 4242 τοι
1563 4186 1812 4256 φρένες’.
1889 4187 2044 4245 ἔστιν
2083 4180 2188 4246 οὖν
2226 4186 2329 4247 διὰ
2364 4186 2447 4247 τό.
2519 4192 2621 4248 καὶ
2658 4183 2786 4246 κατ’
2842 4190 3102 4258 ἔλλειψιν

507 4277 613 4343 τῆς
648 4272 982 4341 προθέσεως
1016 4268 1112 4342 τό,
1150 4274 1252 4328 καὶ
1288 4269 1421 4327 κατ’
1459 4271 1692 4328 ἔκτασιν
1730 4274 1806 4341 τῷ
1848 4273 1953 4341 (τό
1988 4290 2089 4330 scr.
2126 4275 2525 4346 RSohneider).

645 4442 835 4498 Dmon.
870 4461 1073 4499 sempr.
1149 4449 1193 4497 1.
1241 4442 1463 4498 KLehre
1509 4443 1569 4496 et
1603 4440 2051 4499 GFSehoemann
2086 4461 2123 4499 a
2155 4445 2343 4500 verbis
2377 4447 2446 4501 οὐ
2484 4448 2595 4513 μὴν
2627 4444 2877 4514 incipere
2915 4443 3104 4514 dispu-

505 4527 780 4582 tationem
815 4527 886 4581 de
922 4528 1008 4581 τώ
1044 4528 1482 4597 perspexerunt,
1531 4525 1756 4597 GUhlig
1800 4526 1943 4583 haec
1989 4531 2057 4586 οὐ
2096 4532 2209 4597 μὴν
2246 4531 2316 4584 τὸ
2353 4529 2730 4597 προκείμενον
2768 4530 2965 4597 μόριον
3002 4529 3106 4595 (ἐν

506 4614 739 4667 τούτοις
766 4613 956 4680 ἐςτίν)
982 4611 1078 4678 eis,
1115 4627 1260 4680 quae
1285 4614 1456 4667 antea.
1479 4610 1550 4665 de
1577 4610 1690 4666 είςὸ
1715 4614 2096 4681 proferuntur,
2131 4613 2366 4677 tribuit3
2403 4613 2552 4667 inter
2576 4617 2777 4682 μόριον
2802 4615 2862 4668 et
2885 4614 3103 4680 ὀφείλει

509 4696 770 4750 lacunam
793 4697 1116 4751 statuerunt
1133 4694 1360 4766 GUhlig
1383 4696 1445 4751 et
1459 4694 1819 4750 RSohneider
1848 4699 1858 4766 Ι
1888 4704 1937 4752 4.
1960 4701 2051 4752 καὶ
2078 4700 2299 4767 ἄπορόν
2316 4699 2401 4769 γε]
2423 4698 2518 4753 fol.
2543 4705 2638 4754 179
2649 4717 2691 4754 r.
2725 4702 2735 4765 Ι
2764 4705 3104 4757 4-ῠ.αιτιας

511 4797 926 4847 παραςτατικον
962 4783 1026 4835 Α·
1065 4796 1238 4850 supra
1271 4780 1366 4837 lin.
1398 4795 1407 4847 ι
1444 4790 1519 4837 12.
1555 4765 1897 4849 Ηπαγορευει
1934 4784 2007 4843 Α,
2043 4800 2077 4837 υ
2113 4799 2283 4851 supra
2317 4783 2537 4853 eei-ipsit
2569 4785 2637 4839 Αι
2666 4790 2677 4852 1
2720 4789 2801 4839 19.
2836 4787 2871 4851 ἢ
2908 4784 3016 4852 γάρ
3054 4784 3106 4850 b,

525 4862 573 4933 51
607 4867 719 4937 ‘rofi
769 4869 813 4923 Α
843 4869 854 4935 Ι
886 4872 971 4920 26.
1010 4868 1232 4933 ἔρχεται
1269 4864 1387 4935 Ab,
1426 4869 1638 4925 ἔςςεται
1673 4866 1953 4922 Homerus
