3738 5530
711 327 797 394 96
885 327 1330 385 Commentarius
1358 328 1586 384 criticus
1614 330 1674 383 et
1700 326 2022 399 exegeticus
2049 327 2109 383 in
2139 326 2427 399 Apollonii
2455 326 2683 398 Dyscoli
2712 325 2925 399 scripte
2951 326 3183 384 minora.

890 493 1029 560 ‘Sed
1072 500 1215 575 quid
1256 493 1537 574 impedit',
1589 501 1889 574 inquiunt,
1939 493 2272 574 ‘quominus
2328 496 2654 574 ἐμαυτός
2707 501 2795 559 ita
2839 500 3210 569 admittatur,
3263 502 3331 558 ut

711 591 836 649 eius
887 592 1125 649 mitium
1174 591 1253 649 sit
1304 590 1570 664 obliquus
1614 605 1787 649 casus
1832 584 2028 667 (ἐμέ),
2092 590 2234 662 finis
2285 593 2475 648 rectus
2529 585 2858 668 (αὐτός).9’
2921 622 2997 631 -
3057 586 3141 647 At
3194 589 3331 648 tatis

708 682 906 754 forma
951 684 1176 740 exstare
1216 696 1337 738 non
1370 682 1582 753 potest,
1642 696 1785 738 nam
1838 679 1906 752 a)
1952 679 2380 739 indeclinabilis
2426 684 2570 739 esset
2614 683 2666 739 et
2711 684 2963 739 extrema
3010 682 3062 738 et
3102 680 3297 738 media
3307 699 3331 750 ‚-

711 774 764 828 et
818 773 1071 828 extrema
1123 769 1380 844 quidem,
1445 769 1598 843 quod
1650 770 1968 828 subiectum
2018 785 2243 844 semper
2293 771 2652 828 nominativo
2699 771 3048 844 proferatur
3104 785 3331 828 necesse
3412 818 3429 835 ,

712 862 822 930 est,-
865 860 1078 928 media,
1123 859 1278 933 quod
1320 859 1514 918 media
1558 861 1715 918 vocis
1758 860 2103 933 compositae
2136 875 2292 933 pars
2334 875 2453 917 non
2496 861 2786 919 variatur.
2879 856 2941 931 b)
2991 857 3154 934 Quae
3189 862 3331 917 esset

709 950 1007 1016 sententia,
1051 965 1172 1006 non
1215 951 1558 1023 appareret;
1600 966 1744 1008 nam
1778 951 1953 1022 prior
1993 950 2289 1023 compositi
2320 965 2477 1022 pars
2518 953 2717 1008 utrum
2758 950 3055 1023 qenetivus
3098 965 3181 1006 an
3224 948 3329 1006 da-

711 1041 864 1098 tivus
907 1055 990 1097 cm
1033 1039 1403 1097 accusativus
1448 1042 1605 1107 esset,
1651 1055 1770 1096 non
1816 1042 2260 1114 coqnosceretur,
2308 1040 2708 1098 terminatione
2753 1038 2913 1098 elisa.
2989 1037 3044 1110 c)
3082 1036 3330 1096 Omnino

711 1130 1028 1202 eoeeoqitata
1071 1131 1210 1187 sunt
1251 1129 1547 1200 refleceiva,
1592 1131 1660 1186 ut
1703 1128 1946 1201 obtiqiii,
1992 1147 2112 1187 non
2155 1126 2305 1186 recti
2352 1146 2521 1188 casus
2569 1145 2767 1188 eorum
2800 1130 3242 1202 pronominum,
3290 1145 3330 1185 a

710 1218 920 1292 quibus
963 1219 1112 1277 actio
1157 1219 1372 1277 transit
1414 1218 1495 1277 ad
1530 1217 1696 1286 alios,
1743 1218 2155 1277 discernantur
2190 1217 2266 1276 ab
2304 1217 2561 1294 obliquis
2598 1237 2819 1293 eorum,
2867 1217 2943 1276 ad
2981 1234 3135 1294 quae
3172 1218 3328 1276 actio

707 1306 1049 1366 reflectitur.
1109 1307 1323 1381 Itaque
1365 1309 1730 1381 superfhuum
1771 1312 1854 1366 est
1885 1308 2311 1366 nominativum
2344 1306 2755 1367 reflexit-orum
2793 1309 3105 1381 exquirere.
3169 1306 3332 1365 Nam

711 1391 907 1457 αὐτός
950 1399 1102 1456 recto
1147 1412 1291 1456 casu
1333 1413 1453 1455 non
1495 1399 1583 1456 ita
1625 1401 1970 1471 uswpatur,
2016 1401 2083 1455 ut
2123 1398 2339 1456 indicet
2373 1399 2653 1456 actionem
2687 1398 2769 1456 ad
2803 1396 2989 1456 aliam
3012 1412 3333 1470 personam

711 1487 990 1555 transire,
1035 1486 1138 1545 sed
1180 1503 1367 1545 unam
1411 1487 1761 1560 eandemque
1803 1503 2125 1561 personam
2175 1488 2423 1554 indicat,
2481 1481 2677 1546 αὐτὸς
2732 1480 2998 1560 ἔγραψε.
3087 1486 3191 1544 Ita
3244 1487 3330 1558 fit,

709 1579 776 1635 ut
817 1576 1013 1647 forma
1052 1571 1198 1646 ἐγὼ
1234 1575 1481 1649 simplex
1514 1580 1806 1648 servetur,·
1849 1593 1994 1635 nam
2031 1578 2134 1635 etsi
2170 1580 2603 1651 componeretur
2650 1568 2812 1658 (cum
2850 1567 3093 1656 αὐτός),
3141 1579 3332 1634 tamen

709 1667 988 1738 refleoeiva
1038 1682 1159 1724 non
1212 1666 1407 1737 fieret,·
1468 1667 1570 1725 sed
1622 1669 1689 1724 ut
1742 1669 1824 1725 est
1874 1665 2144 1740 simplem,
2191 1667 2563 1726 transitivum
2605 1669 2895 1725 notionem
2936 1666 3136 1734 habet,
3183 1682 3334 1738 quae

713 1757 887 1814 etiam
938 1754 1186 1829 obqun
1240 1757 1365 1814 etus
1420 1756 1651 1814 casibus
1704 1756 1898 1814 subest
1954 1756 2356 1830 του-26.
2460 1754 2546 1814 cf.
2595 1758 2749 1833 synt.
2803 1755 3249 1830 17e‚6-17s‚
3273 1756 3329 1812 3.

894 1845 995 1920 70,
1019 1845 1100 1903 18
1140 1844 1213 1903 de
1250 1838 1480 1919 φράςις
1516 1846 1678 1904 vocis
1714 1843 2069 1905 notionibus.
2094 1865 2148 1903 v.
2176 1844 2297 1904 ind.
2364 1844 2479 1904 Sed
2517 1848 2681 1905 nesio
2721 1864 2797 1904 an
2834 1844 2948 1903 h.1.
2990 1840 3155 1906 λέξις
3191 1846 3330 1903 scri·

710 1933 971 1995 bendum
1016 1936 1112 2009 sit,
1159 1936 1229 1993 ut
1273 1934 1346 1992 de
1392 1927 1687 1994 consimili
1730 1952 1795 1994 re
1832 1934 2146 2011 disputans
2183 1937 2283 2010 71,
2307 1937 2343 1993 2
2385 1930 2548 1997 λέξις
2586 1935 2738 1993 dixit
2764 1934 2877 2017 Ap.
2923 1966 2999 1976 —
3040 1932 3331 1993 JGutten-

711 2027 819 2102 teg
863 2042 973 2102 pro
1019 2019 1387 2097 ςυγκειμένη
1435 2023 1614 2083 scribi
1658 2022 1826 2083 iubet
1873 2019 2200 2098 ἐγκειμένη
2248 2026 2356 2083 οοΙ.
2405 2027 2559 2101 synt.
2614 2025 2758 2099 176,
2783 2027 2861 2083 17
2911 2019 2971 2083 τί
3013 2020 3136 2098 γὰρ
3175 2021 3330 2097 μᾶλ-

714 2112 832 2174 λον
881 2109 953 2173 ἐν
999 2114 1091 2192 τῷ
1138 2108 1414 2187 ἐμαυτός
1461 2108 1734 2184 ἔγκειται
1767 2109 1809 2186 ἡ
1849 2108 2008 2188 ἐμοῦ
2043 2109 2083 2187 ἢ
2121 2108 2161 2187 ἡ
2202 2108 2313 2187 ἐμέ
2346 2109 2387 2187 ἢ
2427 2108 2584 2188 ἐμοί.
2675 2113 2811 2172 Non
2854 2113 3029 2173 video
3066 2130 3333 2172 causam:

711 2205 878 2281 prior
932 2204 1089 2262 enim
1143 2204 1456 2280 compositi
1510 2221 1650 2280 pars
1706 2198 2020 2274 ςύγκειται
2067 2221 2201 2262 cum
2248 2203 2455 2263 altera.
2548 2202 2775 2262 Eodem
2819 2203 2996 2262 modo
3041 2203 3079 2260 l.
3126 2204 3202 2261 17
3251 2197 3335 2260 τὰ

713 2287 1118 2363 ςυντεθέντα,
1173 2293 1340 2351 nullo
1387 2291 1568 2352 verbo
1617 2291 1839 2368 addito,
1897 2311 1968 2352 ea
2014 2291 2304 2352 vocabula
2349 2292 2630 2351 dicuntur
2674 2310 2827 2369 quae
2872 2294 3133 2370 priorem
3177 2310 3333 2351 com·-

714 2384 895 2459 positi
937 2383 1174 2459 partem
1218 2381 1510 2457 efficiunt;
1555 2384 1856 2441 contraria
1901 2400 1996 2442 res
2033 2381 2405 2459 significatur
2442 2377 2547 2441 ἐπὶ
2590 2377 2759 2441 τέλει
2808 2381 3173 2442 ςυντεθεῖςα
3206 2375 3335 2459 <ή>

714 2467 988 2543 πλάγιος
1032 2491 1200 2549 pron.
1252 2474 1354 2547 71,
1376 2473 1431 2531 3.

896 2562 997 2637 70,
1019 2563 1103 2621 20
1164 2556 1325 2635 ὑπὲρ
1382 2559 1718 2635 διαςτολῆς
1770 2560 1904 2621 τῶν
1961 2577 2091 2635 μετ.
2147 2559 2252 2621 πλ.
2311 2556 2376 2621 αἱ
2431 2556 2719 2622 ςύνθετοι
2776 2555 3104 2639 γεγόναει]
3146 2585 3229 2607 =
3269 2554 3336 2619 αἱ

714 2647 884 2711 ςύνθ.
930 2646 1285 2722 γεγόναςιν,
1331 2644 1442 2710 ἵνα
1486 2649 1619 2710 τῶν
1666 2650 2103 2726 μεταβατικῶν
2149 2648 2444 2722 πλαγίων
2491 2646 3001 2712 διαςτέλλωνται.

897 2742 997 2815 70,
1022 2741 1098 2799 21
1142 2736 1259 2814 τὴν
1299 2735 1581 2820 εὐθεῖαν]
1623 2740 1745 2801 scil.
1771 2740 1906 2801 τῶν
1936 2736 2283 2813 ςυνθέτων;
2329 2742 2735 2801 nominativus
2774 2742 2990 2816 autem,
3028 2743 3098 2799 ut
3134 2757 3335 2800 omnes

714 2849 883 2890 casus
920 2832 1082 2889 vocis
1119 2833 1500 2907 compositae,
1537 2833 1913 2909 cognoscitur
1948 2830 2091 2905 fine;
2136 2833 2201 2890 in
2236 2830 2352 2890 fine
2392 2836 2482 2890 est
2519 2826 2740 2891 αὐτός;
2787 2833 2992 2907 itaque
3029 2831 3102 2890 de
3139 2825 3336 2889 αὐτός

714 2938 907 2980 sermo
954 2921 1045 2979 est
1087 2922 1151 2978 in
1197 2919 1290 2979 his
1336 2920 1374 2977 l.
1417 2922 1495 2979 21
1549 2916 1706 2981 οὐδὲ
1750 2915 1875 2995 γὰρ
1930 2953 2005 2963 -
2059 2922 2140 2980 23
2191 2915 2442 2995 ἐκλήθη.

898 3011 1103 3085 7o‚23
1153 3003 1280 3083 ἄρα
1326 3007 1450 3069 Ska
1493 3009 1523 3067 1
1565 3012 1664 3069 17.

898 3100 999 3174 70,
1023 3100 1106 3157 24
1153 3093 1554 3177 προείρηται]
1602 3117 1768 3175 pron.
1822 3101 1924 3175 70,
1947 3102 2181 3159 9—10.

899 3190 1000 3264 70,
1024 3189 1106 3247 24
1155 3184 1294 3248 ἐπεὶ
1341 3185 1422 3263 μὴ
1472 3185 1843 3263 αὐτοπαθὴς
1890 3184 2167 3260 ἐγίνετο,
2215 3191 2433 3249 omissa
2479 3192 2570 3248 est
2616 3183 2697 3248 ἄν
2742 3189 3042 3265 particula
3084 3191 3148 3246 in
3195 3206 3333 3264 apo-

715 3278 848 3338 dosi
890 3278 1293 3354 hypothetica,
1339 3282 1411 3336 ut
1453 3297 1619 3355 pron.
1673 3281 1774 3353 12,
1796 3280 1897 3338 20.
1949 3280 2051 3354 31,
2076 3281 2173 3339 19.
2225 3280 2328 3353 32,
2353 3282 2383 3336 1
2440 3271 2539 3360 (cf.
2589 3281 2899 3337 comment.
2937 3277 3010 3337 de
3048 3279 3160 3354 Ap.
3199 3296 3332 3336 con·

717 3359 911 3449 suet..)
1005 3366 1121 3427 Sed
1168 3366 1316 3444 quid
1362 3367 1434 3426 de
1483 3364 1564 3441 μή
1611 3365 1755 3427 fiet?
1838 3367 2117 3428 Fortasse
2163 3367 2477 3447 legendum
2515 3371 2607 3428 est
2643 3364 2862 3442 ἐπειδὴ
2902 3363 3108 3446 <οὐκ>
3144 3363 3331 3427 αὐτο·

718 3454 927 3531 παθὴς
973 3452 1248 3528 ἐγίνετο,
1296 3452 1368 3517 ἐν
1415 3452 1694 3517 ςυνθέςει
1740 3459 1778 3515 1.
1820 3477 1866 3516 e.
1918 3452 1971 3517 εἰ
2018 3455 2405 3529 ςυνετὶθετο,
2455 3452 2831 3530 ἀλλοπαθὴς
2875 3454 2950 3517 δὲ
2995 3458 3118 3516 scil.
3167 3452 3331 3516 ἐςτὶν

716 3547 814 3607 vel
859 3542 1254 3621 καθέςτηκεν.
1346 3544 1721 3622 Quamquam
1767 3547 1838 3604 cf.
1890 3546 2022 3606 adv.
2075 3547 2220 3622 157,
2245 3549 2323 3606 17
2375 3544 2456 3621 μὴ
2507 3540 2741 3608 ἄλλοτε
2787 3565 2833 3606 c.
2881 3546 3077 3621 indic,
3135 3540 3188 3605 εἰ
3234 3541 3328 3618 μή.

894 3636 1098 3710 Neque
1144 3630 1551 3710 ἀλλήλους,
1597 3639 1664 3695 ut
1708 3654 1819 3710 quo
1864 3653 1983 3695 uno
2031 3640 2082 3696 et
2126 3637 2391 3710 obliquus
2437 3640 2489 3695 et
2522 3640 2713 3696 rectus
2747 3652 2922 3695 casus
2958 3638 3331 3701 contineatur,

715 3729 1025 3802 tamquam
1084 3726 1418 3802 exemplum
1471 3726 1685 3799 afferre
1728 3727 1976 3799 poteris,
2042 3745 2160 3803 quo
2216 3726 2559 3803 comprobes
2615 3721 2891 3800 ἐμαυτός
2944 3726 3087 3784 ferri
3145 3742 3330 3801 posse.

716 3816 819 3875 Ea
866 3818 1019 3875 enim
1061 3833 1173 3875 voa:
1208 3810 1581 3893 (ἀλλήλλων
1628 3811 1788 3892 κτλ.)
1832 3833 2017 3890 neque
2052 3816 2330 3891 ambiqua
2372 3832 2557 3890 neque
2599 3815 3027 3875 indeclinabilis
3065 3819 3176 3885 επ,-
3217 3830 3334 3872 non

717 3906 1011 3980 ambiyua,
1058 3908 1200 3980 quia
1246 3905 1511 3978 obh'quus
1556 3920 1728 3964 casus
1769 3907 1836 3964 in
1881 3907 2000 3977 fine
2046 3910 2150 3975 est,
2210 3910 2277 3965 ut
2321 3908 2634 3965 sententiae
2679 3906 3075 3965 convenienter
3117 3904 3335 3962 mutari

707 3998 929 4070 possit,·
991 3998 1044 4054 et
1105 3993 1494 4062 declinabitis,
1559 3996 1700 4067 quia
1761 3995 1912 4054 nihil
1963 3997 2204 4070 inmedit
2254 3998 2564 4070 quominus
2614 3996 2757 4068 finis
2809 3995 3143 4063 declinetur,
3207 4009 3337 4052 eum

717 4086 1034 4144 subiectum
1057 4087 1124 4144 in
1147 4086 1317 4143 initio
1354 4085 1650 4157 compositi
1679 4084 1873 4154 lateat,
1914 4089 1966 4144 et
2000 4087 2140 4160 quia
2175 4086 2281 4144 hoc
2304 4086 2621 4145 subiectum
2646 4087 2918 4159 personis
2946 4073 3334 4166 (verborum),

718 4175 929 4249 quibus
955 4177 1238 4234 actionem
1263 4174 1344 4233 ad
1370 4172 1527 4232 alias
1541 4191 1832 4248 personas
1859 4178 2114 4235 transire
2139 4175 2452 4243 indicatur,
2489 4176 2639 4233 inest
2666 4166 3018 4256 (ἀλλήλους
3045 4169 3334 4233 ἔπαιςανε

718 4263 1048 4323 subiectum
1094 4262 1274 4323 verbo
1321 4257 1588 4323 ἔπαιςαν
1632 4256 1816 4346 inest)
1879 4267 1980 4339 70,
2003 4265 2283 4338 27-71,
2304 4264 2360 4322 8.
2456 4263 2541 4323 Cf.
2589 4283 2755 4341 pron.
2807 4264 2910 4338 34,
2934 4265 3033 4322 10.
3085 4264 3229 4337 114,
3250 4261 3331 4320 33

726 4355 958 4428 -115,
981 4355 1091 4428 273
1139 4354 1294 4428 synt.
1347 4355 1492 4429 179,
1513 4354 1794 4429 3-180,
1821 4356 1918 4413 19.

895 4397 1274 4517 Supenfluum
1325 4444 1506 4519 iqitur
1561 4448 1643 4503 est
1695 4445 1910 4511 dicere,
1968 4436 2294 4515 ‘reflexivm
2349 4446 2403 4503 si
2455 4444 2611 4502 vocis
2663 4460 2803 4502 sono
2856 4443 3212 4503 nominativo
3254 4388 3336 4499 ad

717 4549 987 4592 normam
1029 4535 1185 4607 facto
1230 4537 1485 4603 careant,
1545 4537 1610 4593 at
1653 4537 1817 4604 certe,
1863 4532 2018 4607 quod
2062 4533 2144 4592 ad
2185 4535 2473 4593 notionem
2516 4535 2774 4602 attineat,
2819 4534 3176 4593 nominativo
3218 4547 3337 4590 non

720 4640 947 4684 carere:
991 4640 1141 4698 quae
1185 4625 1339 4683 enim
1379 4626 1536 4683 ratio
1578 4623 1898 4683 intercedat
1928 4624 2080 4682 inter
2117 4617 2299 4696 ἐμοῦ
2338 4627 2391 4682 et
2425 4618 2599 4694 ἐγώ,
2639 4624 2881 4683 eandem
2922 4625 3076 4682 inter
3112 4617 3333 4696 ἐμαυ-

720 4710 855 4772 τοῦ
903 4716 956 4771 et
999 4708 1146 4784 ἐγὼ
1195 4708 1427 4773 αὐτός
1471 4705 1860 4772 intercedere'.
1953 4711 2431 4773 Demonstratum
2478 4713 2631 4772 enim
2676 4716 2774 4783 est,
2819 4716 2887 4771 ut
2920 4714 3071 4771 actio
3104 4713 3173 4771 in
3205 4711 3335 4770 sub-

718 4803 928 4861 iectum
987 4806 1203 4862 retorta
1264 4803 1578 4871 indicetur,
1641 4804 1921 4875 reflexiva
1964 4805 2323 4876 pronomina
2366 4804 2529 4876 facta
2575 4818 2720 4871 esse,
2784 4803 2851 4862 id
2895 4803 3048 4877 quod
3089 4804 3156 4860 in
3199 4799 3337 4859 solis

722 4891 967 4965 obliquis
1011 4892 1244 4952 casibus
1288 4894 1549 4966 apparet.
1640 4891 1853 4967 Itaque
1895 4908 2002 4951 nee
2042 4894 2467 4952 nominativum
2508 4892 2721 4952 habent
2763 4894 2998 4952 omnino
3041 4892 3333 4964 reflexim,

721 4996 906 5053 neque
951 4975 1097 5050 ἐγὼ
1156 4975 1384 5040 αὐτός
1442 4983 1525 5039 est
1564 4982 1962 5041 nominativus
2008 4977 2339 5056 ἐμαυτοῦ
2397 4983 2675 5054 reflexivi.
2766 4981 2930 5041 Nam
2981 4998 3101 5040 non
3157 4982 3341 5041 exstat
