3738 5530
1282 369 1380 418 DE
1419 329 1754 420 Accssurv
1797 365 2306 419 PRONOMINVM.
2999 363 3078 425 41

493 571 926 650 ςυλλαβήςαςα
968 570 1008 650 ἡ
1053 570 1131 651 μέ
1175 572 1522 649 δελεαςμόν
1568 569 1772 634 ἐποίει
1813 572 1925 646 τῆς
1981 568 2328 646 ἐγκλιτικῆς
2374 568 2818 644 ἀναγνώςεως.
2905 567 3082 632 ’Ὶςωε

494 674 567 737 δὲ
611 674 776 751 πρὸς
820 675 1020 738 ταῦτα
1064 672 1249 754 φήςει
1292 692 1382 736 τις
1408 721 1427 753 ,
1469 670 1559 737 ὡς
1603 671 1640 749 ἡ
1674 670 2031 747 ἀνάγνωςις
2061 672 2270 735 καλῶς
2304 671 2463 749 ἔχει,
2512 670 2591 735 οὐ
2624 667 3082 749 διαζευχθείςης

492 777 606 851 τῆς
673 775 1107 854 άντωνυμίας,
1175 774 1247 839 ἐν
1313 774 1647 855 ὑπερβατῷ
1713 774 1785 838 δὲ
1850 773 2168 855 κειμένης,
2240 772 2398 838 ὥςτε
2453 774 2529 837 τὸ
2584 773 2726 851 ἑξῆς
2782 770 2978 837 εἶναι·
3043 772 3082 849 ἢ

500 876 895 956 ἀνάειρόν
942 898 1062 960 με,
1107 875 1392 955 καθάπερ
1439 875 1538 939 καὶ
1582 875 1688 940 ἐπὶ
1732 877 1866 940 τῶν
1913 876 2448 956 ςυμπλεκομὲνων
2491 876 2566 940 τὸ

414 990 461 1043 Β
1103 976 1205 1043 καί
1249 998 1355 1058 μοι
1397 977 1578 1041 τοῦτ’
1622 976 1978 1056 ἀγόρευςον
2027 973 2090 1060 (δ
2135 975 2289 1061 645)
3120 992 3153 1041 5

499 1080 939 1161 ἐνεκλίναμεν,
984 1082 1100 1145 τοῦ
1146 1079 1445 1145 ἐντελοῦς
1490 1077 1684 1145 ὄντος
1729 1079 1855 1143 καὶ
1896 1078 2134 1143 τοῦτό
2180 1100 2308 1157 μοι
2355 1078 2817 1158 ἀγόρευςον.

664 1181 956 1247 Λείπεται
989 1182 1313 1261 πρότερον
1344 1181 1702 1261 διεςκέφθαι
1718 1229 1736 1262 ,
1779 1182 1921 1245 πῶς
1950 1180 2016 1245 αἱ
2045 1180 2434 1261 ἀντωνυμίαι
2464 1180 2502 1258 ἢ
2535 1178 3084 1260 ςυμπεπλεγμέναι

497 1285 536 1363 ἢ
594 1284 1022 1364 διεζευγμέναι
1078 1282 1257 1350 εἰςίν·
1314 1284 1393 1347 οὐ
1448 1282 1572 1362 γὰρ
1628 1285 1785 1367 ψιλῇ
1830 1282 2255 1362 παρατηρήςει
2299 1284 2381 1347 τὰ
2424 1286 2689 1347 τοιαῦτα
2732 1280 2914 1363 <δεῖ>
2957 1285 3084 1346 δια·

497 1385 851 1464 κρούεςθαι.
909 1423 991 1432 —-
1046 1387 1136 1451 τὰ·
1171 1387 1249 1463 δὴ
1297 1385 1821 1464 ςυμπεπλεγμένα
1864 1386 1904 1463 ἢ
1949 1384 2356 1464 διεζευγμένα
2399 1386 2557 1449 κατὰ
2600 1384 2716 1463 τὴν
2762 1382 3084 1462 ἐπιφορὰν

498 1487 757 1552 πάντως
800 1487 876 1551 τό
919 1488 1080 1552 αὐτὸ
1124 1488 1315 1566 μέρος
1359 1486 1559 1563 λόγου
1590 1487 1843 1551 ἀπαιτεῖ
1873 1487 1912 1566 ἢ
1945 1486 2370 1565 ἰςοδυναμοῦν
2409 1493 2502 1571 τῷ
2545 1485 3084 1568 ςυμπεπλεγμένῳ
3126 1502 3189 1551 10

500 1590 541 1667 ἢ
588 1589 1040 1674 διεζευγμένῳ,
1085 1593 1202 1653 τοῦ
1247 1590 1751 1668 ςυντεταγμένου
1798 1588 2032 1670 μέρους
2077 1588 2277 1664 λόγου
2309 1588 2468 1653 κατὰ
2497 1590 2572 1653 τὸ
2604 1588 2747 1667 ἑξῆς
2777 1587 3085 1652 πολλάκις

498 1695 725 1756 κοινοῦ
791 1697 1184 1757 καθεςτῶτος
1250 1696 1341 1774 τῷ
1409 1689 1951 1775 ςυμπεπλεγμένῳ
2011 1691 2050 1769 ἢ
2109 1691 2563 1773 διεζευγμένῳ,
2635 1688 2779 1755 οἷον
2836 1690 2911 1754 τὸ
2967 1689 3087 1753 καὶ

419 1806 461 1861 C
502 1793 1036 1860 Ἀπολλώνιος
1080 1793 1521 1871 διελέξατο,
1567 1792 1743 1870 ἤτοι
1775 1792 2312 1858 Ἀπολλώνιος
2341 1793 2788 1867 διελέξατο,
2834 1790 3088 1855 ἀπαιτεῖ

498 1894 575 1957 τὸ
631 1896 765 1958 καὶ
820 1895 1256 1961 Διονύςιος
1311 1894 1347 1972 ἤ
1403 1916 1459 1959 τι
1517 1897 1819 1959 τοιοῦτον
1886 1893 2095 1971 ὄνομα
2149 1896 2188 1973 ἢ
2246 1895 2720 1977 ἀντωνυμικόν,
2788 1894 2949 1972 ὅπερ
3005 1894 3085 1971 ἦν

501 1995 923 2073 ἰςοδυναμοῦν
968 1996 1266 2080 ὀνόματι,
1322 2002 1518 2079 κοινῷ
1562 2017 1630 2059 τε
1674 2003 1765 2078 τῷ
1811 1996 2138 2060 διελέξατο
2183 1997 2493 2062 πολλάκις
2538 2000 2944 2076 προεχρῆται.
3032 1994 3087 2059 εἰ
3127 2010 3188 2057 15

499 2099 573 2161 δὲ
620 2096 784 2175 ῥῆμα
826 2098 906 2176 ἦν
923 2147 941 2180 ,
986 2098 1181 2163 πάλιν
1212 2098 1251 2176 ἡ
1283 2098 1596 2178 ἐπιπλοκὴ
1627 2098 1664 2175 ἢ
1696 2098 1733 2175 ἡ
1768 2097 2071 2165 διάζευξις
2103 2097 2354 2163 ἀπαιτεῖ
2384 2098 2578 2179 ῥῆμα,
2620 2099 2744 2163 καὶ
2786 2098 3087 2177 ἔγραψε

501 2197 969 2281 Διονύςιος,
1036 2200 1206 2278 ἤτοι
1267 2199 1566 2279 ἔγραψε
1622 2200 2086 2266 Διονύςιος·
2154 2204 2253 2265 δεῖ
2315 2202 2440 2280 γὰρ
2496 2200 2663 2280 ῥῆμα
2717 2201 3087 2276 ἐπενεγκεῖν

500 2288 728 2377 πάλιν,
784 2302 823 2379 ἢ
870 2303 1287 2367 διελέξατο
1331 2303 1370 2380 ἤ
1415 2324 1473 2368 τι
1517 2305 1853 2383 τοιοῦτον,
1910 2305 2144 2368 κοινῶς
2198 2302 2507 2367 πολλάκις
2562 2302 2926 2381 νοουμένου
2970 2304 3087 2365 τοῦ

310 2420 457 2473 52A
502 2401 867 2468 Διονύςιος.
954 2409 1046 2487 τῷ
1093 2402 1213 2469 οὖν
1258 2404 1381 2483 ήμ’
1426 2402 1750 2480 ἀνάειρ’,
1797 2402 1978 2483 εἴπερ
2026 2404 2354 2483 διεζεύχθη
2397 2403 2473 2468 τὸ
2520 2403 2717 2486 ῥῆμα,
2763 2403 2884 2468 κᾶν
2928 2402 3086 2467 πάν-

494 2524 625 2568 τως
680 2504 847 2584 ῥῆμα
902 2506 1256 2587 ἐπεφέρετο
1311 2508 1390 2573 τὸ
1445 2506 1620 2569 ἄπιθι
1665 2506 1704 2584 ἢ
1750 2505 2007 2572 κάθιςον
2051 2506 2089 2585 ἤ
2133 2527 2193 2570 τι
2236 2510 2566 2571 τοιοῦτον·
2631 2506 2700 2571 ἐν
2747 2506 2799 2588 ᾧ
2848 2504 2967 2569 οὖν
3012 2504 3086 2569 τὸ
3124 2518 3190 2565 ‘30

494 2606 537 2684 ἢ
570 2606 723 2682 ἐγὼ
758 2609 833 2672 ςέ
866 2608 1266 2688 ἐπιφέρεται,
1298 2609 1370 2672 ἐν
1394 2608 1602 2692 τούτῳ
1635 2608 1978 2692 δείκνυται,
2012 2606 2103 2673 ὡς
2133 2610 2236 2672 καὶ
2263 2608 2301 2687 ἡ
2334 2606 2702 2687 ἀντωνυμία
2725 2607 3089 2683 διέζευκται,

496 2708 538 2786 ἡ
585 2709 701 2788 μὲν
747 2709 813 2774 εέ
857 2710 1022 2789 πρὸς
1064 2711 1179 2789 τὴν
1226 2710 1362 2789 ἐμέ,
1407 2710 1446 2789 ἡ
1493 2711 1563 2774 δὲ
1609 2710 1680 2776 css
1727 2711 1892 2789 πρὸς
1936 2711 2054 2790 τὴν
2099 2709 2232 2788 ἐγώ
2248 2757 2267 2792 ,
2314 2708 2447 2788 ἥτις
2479 2709 2847 2792 ἐνέλειψεν,
2894 2708 2964 2774 ἐν
2995 2714 3086 2792 τῷ

498 2810 827 2890 ἀνάειρε
871 2812 1096 2892 ῥήματι
1142 2814 1492 2893 νοουμένη,
1538 2817 1655 2877 τοῦ
1700 2812 1987 2890 πλήρους
2017 2812 2212 2879 ὄντος
2256 2814 2340 2891 ἠὲ
2386 2814 2468 2878 ςὺ
2514 2813 2645 2893 ἐμὲ
2690 2810 3085 2890 ἀνάειρον.

505 2948 581 2958 -
632 2913 984 2992 Ὀμόλογοι
1040 2916 1119 2994 δὴ
1174 2915 1275 2979 καὶ
1333 2913 1399 2978 αἱ
1441 2917 1762 2997 τοιαῦται,
1821 2914 1912 2979 ὡς
1967 2915 2086 2994 τὴν
2131 2916 2294 2992 πρό(
2337 2936 2394 2979 τι
2440 2914 2795 2993 πρόςωπον
2841 2918 3085 2978 διαςτο-

499 3016 621 3093 λὴν
664 3015 1162 3096 ἀναδεδεγμέναι
1204 3014 1372 3081 εἰςίν.
2965 3099 2971 3106 ⁴
3124 3025 3191 3075 25

404 3134 457 3186 B
673 3116 1207 3196 Ὀρθοτονοῦνται
1263 3119 1365 3183 καὶ
1420 3116 1558 3183 ὅςαι
1614 3119 1771 3182 κατὰ
1826 3121 1944 3183 τοῦ
1989 3120 2190 3183 αὐτοῦ
2236 3120 2588 3197 προςώπου
2632 3120 2750 3198 τὴν
2794 3116 2927 3183 ἀπὸ
2971 3121 3089 3181 τοῦ

498 3217 783 3298 ῥήματος
826 3218 1099 3285 διάθεςιν
1144 3219 1603 3302 ἀναδέχονται,
1654 3222 1744 3285 ὡς
1790 3221 1894 3284 ἐπὶ
1935 3225 2053 3284 τοῦ

550 3402 563 3411 .
1415 3322 1554 3387 οὐδ’
1598 3322 1706 3402 ἐμέ
1751 3344 1912 3403 φημι
1957 3322 2348 3402 λελαςμένον
2395 3321 2477 3405 (Ν
2525 3321 2682 3404 269)

496 3443 602 3486 και

1108 3523 1147 3603 ἦ
1194 3523 1419 3601 ὀλίγον
1463 3524 1530 3591 οἶ
1572 3527 1771 3590 παῖδα
1814 3525 2068 3590 ἐοικότα
2113 3526 2185 3609 (Ε
2228 3525 2377 3606 800)
3125 3537 3191 3585 30

762 3630 906 3637 -—.

640 3746 852 3796 Anava.
945 3749 973 3797 7
1022 3743 1398 3812 Quaecunque
1445 3742 1721 3797 vocabula.
1766 3742 2030 3812 copulata
2075 3743 2166 3797 vel
2211 3744 2490 3798 disiuncta
2534 3746 2688 3810 sunt,
2743 3744 2815 3797 ad
2871 3761 2940 3798 ea
2991 3743 3089 3797 ad-

496 3829 763 3882 nectatur
814 3830 1042 3897 oportet
1082 3845 1185 3896 per
1229 3828 1681 3883 coniunctionem
1728 3829 1927 3882 eadem
1972 3828 2239 3883 orationis
2283 3845 2429 3897 pare.
2518 3828 2768 3883 Verbum
2825 3829 2999 3898 igitur
3044 3828 3088 3881 si

491 3913 875 3978 subnectitur,
925 3912 1166 3966 verbum
1210 3913 1536 3982 copulatum
1583 3912 1674 3966 vel
1721 3912 2060 3967 disiunctum
2109 3918 2218 3977 θείη
2265 3913 2350 3966 sin
2386 3929 2698 3982 pronomen
2737 3913 2827 3967 vel
2863 3931 3087 3978 nomen,

493 3997 820 4051 coniunctio
867 3997 940 4052 ad
984 3996 1090 4051 hoe
1125 3998 1357 4065 spectat.
1398 4029 1461 4038 —
1499 4004 1564 4051 26
1601 3997 1776 4051 Recto
1812 4000 1948 4052 tono
1982 3997 2378 4066 proferuntur,
2424 4014 2570 4066 quae
2615 3998 2775 4052 verbi
2809 3999 3089 4053 actionem

491 4081 556 4135 in
595 4098 656 4135 se
694 4083 995 4151 recipiunt,
1033 4081 1117 4136 ita
1150 4084 1216 4135 ut
1250 4081 1500 4137 eiusdem
1537 4083 1650 4136 sint
1681 4098 1956 4151 personae
1994 4087 2166 4151 atque
2203 4081 2535 4136 subiectum.

639 4351 828 4412 stcn.
867 4372 1075 4408 scnwr.
1159 4360 1210 4408 3.
1249 4355 1312 4408 ἐν
1347 4353 1411 4416 b,
1458 4370 1549 4408 και
1585 4370 1647 4408 εν
1687 4355 1730 4407 Α
1794 4356 1804 4418 Ι
1865 4358 1916 4409 4.
1956 4370 2218 4421 αναειρον
2267 4358 2336 4421 Α,
2394 4354 2615 4421 ἀνάειρέ
2650 4353 2689 4406 b
2754 4356 2763 4421 Ι
2800 4360 2874 4408 ’8.
2915 4357 2996 4407 δεῖ
3036 4354 3086 4420 b,

496 4455 618 4492 om.
656 4440 700 4491 Α
741 4443 749 4500 Ι
813 4443 886 4491 11.
920 4455 1024 4493 του
1061 4455 1508 4503 ςυντεταγμενου
1536 4467 1596 4477 -·
1628 4444 1706 4491 12.
1745 4440 2113 4503 διεζευγμενω
2152 4441 2222 4506 Α,
2262 4455 2351 4492 om
2411 4440 2445 4493 b
2498 4441 2507 4506 Ι
2568 4446 2644 4492 11.
2683 4439 2837 4508 prior
2874 4456 2898 4492 ε
2937 4440 3090 4492 vocis

491 4539 953 4588 ςυντεταγμενου
989 4523 1048 4575 in
1084 4539 1188 4578 rae.
1227 4526 1270 4578 Α
1339 4526 1346 4590 Ι
1417 4530 1493 4577 12.
1533 4527 1890 4577 καθεςτωτος
1934 4522 2086 4576 vocis
2121 4540 2154 4576 κ
2189 4523 2249 4576 in
2285 4539 2415 4589 rae„
2463 4541 2498 4577 α
2535 4524 2843 4578 correctum
2880 4523 2940 4576 in
2976 4526 3019 4578 Α
3080 4525 3087 4592 1

496 4613 585 4662 16.
633 4607 803 4661 πάλιν
847 4609 883 4672 ἡ
940 4597 1023 4672 b‚'
1062 4610 1232 4661 παλιν
1287 4625 1361 4676 ην
1422 4610 1467 4663 Α
1532 4611 1542 4676 Ι
1609 4614 1686 4662 19.
1739 4614 1824 4677 τῷ
1889 4608 1991 4662 οὖν
2035 4605 2425 4674 RSkrzeczka‚
2488 4611 2559 4661 τὸ
2605 4609 2708 4662 οὖν
2755 4608 2847 4662 Ab
2906 4610 2915 4675 Ι
2985 4609 3092 4676 ἠμ’

490 4691 727 4760 scripsit
759 4690 1146 4760 RSchneider,
1183 4695 1218 4758 ἦ
1258 4695 1321 4758 μ’
1358 4693 1420 4759 b,
1459 4710 1507 4746 ει
1545 4695 1610 4758 μ’
1646 4696 1689 4747 Α
1743 4696 1753 4760 Ι
1816 4707 2038 4746 comma
2071 4693 2201 4760 post
2234 4692 2451 4760 ἀνάειρ’
2485 4691 2676 4762 posuit
2709 4691 3085 4758 RSkrzeezka,

491 4792 614 4831 om.
652 4775 690 4827 b
738 4776 747 4842 Ι
794 4778 898 4829 κᾶν
933 4776 997 4841 b,
1036 4792 1124 4829 και
1160 4777 1204 4831 Α
1253 4780 1263 4844 Ι
1310 4782 1389 4832 22.
1426 4779 1549 4843 ἥτις
1585 4777 1897 4845 ἑνέλειψεν]
1937 4777 2030 4830 fol.
2071 4783 2168 4831 160
2191 4794 2234 4829 r.
2282 4783 2291 4842 Ι
2339 4783 2420 4831 23.
2456 4794 2720 4845 αναειρον
2756 4781 2827 4843 Α,
2866 4777 3088 4844 ἀνάειρε

489 4860 533 4913 b
570 4861 581 4927 Ι
612 4864 695 4912 28.
730 4877 872 4927 φημι
910 4860 944 4914 b
980 4858 1283 4928 Homeru8‚
1323 4879 1492 4931 φηςιν
1527 4863 1571 4917 Α
1604 4864 1613 4929 Ι
1644 4869 1725 4920 30.
1760 4864 1796 4929 ἦ
1835 4861 2032 4928 ὀλίγον
2069 4862 2102 4915 b
2141 4860 2431 4927 Homerus,
2469 4881 2504 4930 η
2543 4880 2595 4916 οι
2632 4865 2825 4927 ολιγον
2862 4865 2905 4916 Α
