3738 5530
659 394 749 469 68,
1607 395 1790 445 ΠΕΡΙ
1825 394 2324 447 mmmmm.

1538 503 1797 553 seems)
1831 503 2381 552 B1—89(849)A2b

658 604 982 675 δοῦλος,
1041 604 1236 664 τοῦτο
1284 598 1399 663 κάν
1444 604 1519 682 τῇ
1565 599 1951 682 προκειμένῃ
1997 599 2494 676 παρακολουθεῖ.
2584 596 2724 660 ἰδοὺ
2770 596 2883 672 μὲν
2928 597 3052 674 γὰρ
3098 595 3258 659 κατὰ

658 702 1029 780 πράγματος
1087 704 1422 780 ἐμαυτοῦ
1479 700 1822 782 ἤκουςα,
1877 702 2037 765 κατὰ
2092 703 2164 764 δὲ
2222 699 2531 778 κτήματος
2598 699 2939 778 ἐμαυτοῦ
2995 696 3260 780 δούλῳ

658 787 1154 883 διελεξάῇιην,
1202 804 1549 882 ἐμαυτοῦ
1595 802 1838 879 ἀγρὸν
1886 803 2202 882 ἔςκαψα.
2291 803 2361 866 ἐν
2409 800 2505 866 οἷς
2551 803 2762 865 καὶτὸ
2795 800 3038 878 ἄρθρον
3071 819 3258 878 προς-

654 906 921 988 τίθεται,
980 905 1097 968 οὐκ
1153 904 1346 982 αὐτῆς
1402 904 1509 969 ὄν·
1573 902 1899 968 ἀδύνατον
1958 904 2106 982 γάρ,
2167 903 2257 967 ὡς
2312 903 2770 981 προαπέδειξα·
2830 906 2946 966 τοῦ
3008 903 3079 964 δὲ
3124 901 3259 977 κτή-

590 1021 621 1068 5
657 1028 870 1086 ματος.
955 1008 1286 1087 ὁμόλογον
1332 1007 1402 1071 ἐκ
1444 1010 1560 1071 τοῦ
1591 1007 2219 1084 μεταςχηματίζεςθαι
2250 1007 2413 1083 πρὸς
2443 1006 2516 1068 τὸ
2551 1008 2751 1083 ςχῆμα
2779 1007 2895 1068 τοῦ
2927 1002 3260 1083 κτήματος,

656 1116 758 1194 τῷ
805 1109 1152 1189 ἐμαυτοῦ
1199 1109 1499 1191 δούλῳ,
1544 1109 1729 1173 τοὺς
1787 1112 2131 1185 ἐμαυτοῦ
2176 1108 2556 1182 δούλους,
2612 1107 2713 1170 καὶ
2769 1105 2859 1170 ἔτι
2904 1104 2973 1168 ἐκ
3016 1108 3134 1167 τοῦ
3179 1105 3258 1180 μὴ

656 1211 1173 1290 προςλαμβάνειν
1246 1209 1522 1292 ἄρθρον,
1609 1210 1680 1274 ἐν
1755 1209 1853 1274 οἷς
1928 1210 2082 1273 οὐδὲ
2156 1209 2264 1273 ἐπὶ
2335 1212 2532 1286 κτῆμα
2604 1211 2897 1289 φέρεται,
2971 1207 3257 1270 ςαυτοῦ
3295 1212 3336 1266 C

657 1312 992 1377 ἀκούεις.
1095 1314 1195 1376 διὸ
1257 1312 1356 1375 καὶ
1415 1310 1479 1374 αἱ
1534 1311 1676 1389 ἑξῆς
1731 1312 2037 1394 πτώςεις,
2095 1309 2411 1374 οὐδέποτε
2473 1309 2578 1374 ἐπὶ
2631 1312 2829 1386 κτῆμα
2884 1307 3259 1389 φερόμεναι,

661 1412 1036 1492 ἀπροςδεεῖς
1080 1413 1234 1479 εἰςιν
1278 1412 1540 1491 ἄρθρου.

559 1527 622 1574 10
825 1516 953 1579 Διὸ
1000 1515 1155 1579 οὐδὲ
1202 1515 1701 1590 ςυγκαταθετέον
1747 1514 2054 1595 Τρύφωνι
2099 1512 2189 1597 (ρ.
2221 1512 2306 1576 29
2340 1510 2600 1592 Velsen)
2631 1512 2974 1594 φάςκοντι,
3024 1511 3125 1574 «ἐν
3163 1509 3258 1573 οἷς

657 1615 898 1694 ἄρθρον
929 1616 1454 1695 προςλαμβάνει’
1431 1638 1468 1693 η
1500 1616 1715 1693 γενική
1734 1665 1751 1698 ,
1784 1617 1884 1679 καὶ
1914 1616 1984 1681 ἐν
2017 1614 2115 1679 οἷς
2147 1619 2346 1693 κτῆμα
2377 1615 2687 1696 ςημαίνει,
2719 1614 2789 1677 ἐν
2819 1614 3073 1677 τούτοις
3107 1610 3254 1688 ὁμό-

659 1719 856 1792 λογος
884 1717 924 1793 ἡ
957 1717 1236 1782 ςύνθεςίς
1267 1716 1430 1781 ἐςτιν
1465 1718 1553 1781 ὡς
1584 1716 1653 1779 ἐκ
1677 1721 1790 1794 τῆς
1821 1718 1978 1795 ἐμοῦ
2011 1721 2293 1796 κτητικῆς
2323 1718 2439 1795 τὴν
2472 1716 2755 1780 ςύνθεςιν
2779 1714 3154 1792 ἐποιήςατο·
3185 1712 3253 1776 ἐν

658 1817 757 1882 οἷς
788 1821 859 1883 δὲ
917 1818 1163 1901 οὐκέτι,
1221 1818 1353 1883 ἀπὸ
1399 1821 1509 1896 τῆς
1554 1817 1743 1900 ἐμοῦ,
1787 1818 1827 1896 ἥ
1874 1840 1965 1883 τις
2010 1818 2434 1898 πρωτότυπός
2480 1816 2695 1882 ἐςτιν».
2742 1853 2823 1863 -
2867 1815 2988 1881 Εἰςὶ
3034 1817 3106 1879 δὲ
3151 1815 3252 1877 καὶ
3287 1821 3428 1877 87A

660 1919 848 1984 ἄλλαι
894 1918 1249 1984 ἀποδείξεις
1294 1922 1413 1983 τοῦ
1459 1919 1539 1998 μὴ
1587 1919 1896 1994 ἑγκεῖςθαι
1941 1922 2057 1999 τὴν
2104 1919 2236 1984 ἀπὸ
2282 1924 2396 1984 τοῦ
2428 1919 2575 1997 ἐμός
2606 1918 2877 1995 γενικήν.
2952 1921 3090 1981 ταῖς
3122 1937 3259 1993 κτη-

563 2033 623 2080 15
659 2025 856 2085 τικαῖς
901 2022 981 2085 τὰ
1026 2020 1479 2098 ύπακουόμενα
1524 2020 1947 2105 ὁμοιόςχημα,
1993 2025 2131 2086 ταῖς
2175 2022 2246 2084 δὲ
2290 2024 2569 2096 γενικαῖς
2614 2019 2956 2100 ἀδιαφορεῖ
2994 2020 3068 2082 τὸ
3101 2017 3259 2081 ύπα-

656 2123 1033 2201 κουόμενον.
1108 2126 1225 2187 τοῦ
1256 2123 1370 2199 μὲν
1418 2121 1535 2186 οὖν
1584 2124 1908 2201 προτέρου
1940 2123 2120 2200 ἐμὸς
2166 2120 2418 2198 οἶκος,
2465 2122 3046 2202 Ἀριςτάρχειος
3091 2122 3258 2184 δοῦ-

660 2228 825 2299 λος,
874 2224 1050 2303 ἐμοὶ
1093 2228 1409 2305 δοῦλοι,
1457 2224 1693 2300 ἐμοὺς
1740 2225 2112 2296 δούλους·Δ
2157 2228 2277 2288 τοῦ
2317 2225 2388 2289 δὲ
2420 2225 2725 2301 δευτέρου
2756 2222 3260 2300 Ἀριςτάρχου

658 2329 941 2390 δοῦλοι
1009 2326 1047 2402 ἢ
1115 2330 1202 2389 δο
1224 2328 1397 2389 ῦλαι
1461 2326 1498 2403 ἢ
1566 2324 1937 2403 οἱαιδήποτε
2003 2327 2273 2390 πτώςεις
2343 2327 2486 2403 μεθ’
2560 2325 2944 2401 οἱουδήποτε
3010 2322 3257 2398 γένους,

659 2428 819 2506 μετὰ
865 2427 1136 2507 ἀριθμοῦ
1182 2426 1563 2506 ἀδιαφόρου.
1653 2426 1708 2490 εἰ
1752 2428 1939 2490 τοῦθ’
1985 2427 2155 2503 ὑγιές
2170 2475 2188 2509 ,
2235 2428 2305 2491 ἐν
2352 2426 2450 2492 οἷς
2492 2432 2586 2510 τῷ
2620 2427 2895 2506 ἐμαυτοῦ
2926 2423 3255 2504 ἀδιάφορα

555 2538 623 2587 20
657 2527 737 2590 τὰ
780 2528 1246 2607 ἐπιφερόμενα,
1308 2528 1378 2593 ἐν
1434 2528 1689 2592 τούτοις
1732 2532 1844 2605 τῆς
1892 2531 2143 2608 γενικῆς
2196 2529 2235 2606 ἡ
2282 2532 2488 2607 κτῆςις
2534 2529 2834 2608 μηνύεται
2878 2526 2977 2589 καὶ
3024 2524 3102 2588 οὐ
3147 2527 3258 2602 τῆς
3290 2530 3336 2582 Β

659 2633 946 2709 κτητικῆς
993 2629 1410 2708 ἀντωνυμίας.
1455 2665 1535 2676 --
1583 2629 1676 2693 ἔτι
1719 2649 1791 2704 γε
1838 2630 1961 2710 μὴν
2006 2631 2107 2694 καὶ
2152 2630 2222 2695 ἐκ
2263 2635 2394 2695 τῶν
2441 2629 2959 2708 παρατιθεμένων
3000 2627 3259 2706 ἄρθρων

663 2729 816 2796 ἐνὸν
862 2732 1310 2807 πιςτώςαςθαι,
1358 2730 1429 2794 ἐν
1477 2728 1573 2794 οἷς
1619 2730 1811 2796 πάλιν
1856 2736 2071 2815 γενικῇ
2118 2733 2234 2810 μὲν
2278 2734 2489 2809 κτῆςιν
2523 2730 2901 2813 ςημαινούςῃ
2932 2729 3261 2808 ἀδιάφορα

658 2831 738 2894 τὰ
804 2831 1037 2915 ἄρθρα,
1104 2838 1353 2916 κτητικῇ
1421 2833 1492 2895 δὲ
1549 2831 1919 2916 ἀντωνυμίᾳ
1973 2835 2012 2911 ἢ
2070 2833 2338 2912 ὀνόματι
2391 2833 2780 2913 ὁμοιόςχημα
2833 2831 3258 2908 παρατίθεται,

660 2932 698 2995 6
761 2932 1184 3015 ἡμέτερος,
1258 2931 1296 2996 6
1365 2933 1577 3014 ἐμός,
1651 2932 1689 2997 6
1757 2934 2377 3015 Ἀριςτάρχειος,
2450 2939 2586 3000 τοῦ
2652 2932 3257 3013 Ἀριςταρχείου,

557 3044 624 3092 25
657 3036 798 3097 τοῦ
841 3033 1265 3111 ἡμετέρου·
1310 3040 1524 3117 γενικῇ
1571 3036 1641 3099 δὲ
1686 3036 1868 3101 τοὺς
1914 3036 2458 3119 Ἀριςτάρχου,
2504 3039 2674 3101 τοῖς
2719 3033 3257 3114 Ἀριςτάρχου,

657 3137 836 3198 τοῖς
882 3134 1094 3199 ἐκείν
1114 3154 1225 3198 ου.
1300 3135 1371 3198 ἐν
1405 3133 1502 3199 οἷς
1534 3134 1653 3200 οὖν
1684 3137 1877 3201 πάλιν
1923 3136 2255 3216 ἀδιάφορα
2295 3138 2376 3202 τὰ
2405 3136 2637 3216 ἄρθρα,
2683 3136 2872 3201 τοὺς
2917 3134 3260 3213 ἐμαυτοῦ
3298 3136 3338 3190 C

660 3236 764 3298 καὶ
806 3234 941 3299 τὰς
989 3235 1380 3318 ἐμαυτοῦ,
1425 3237 1496 3300 ἐν
1541 3237 1794 3301 τούτοις
1836 3241 1949 3315 τῆς
1993 3241 2244 3315 γενικῆς
2287 3239 2326 3316 ἡ
2371 3243 2593 3317 κτῆςις.
2644 3274 2717 3282 -
2764 3237 2929 3313 πρὸς
2981 3235 3260 3314 τούτοις,

660 3333 770 3399 ὅτε
828 3338 943 3415 μὲν
1001 3338 1216 3416 γενικὴ
1273 3339 1521 3416 κτητική
1580 3359 1759 3404 τινος
1814 3342 2025 3416 κτῆςιν
2070 3341 2287 3419 δηλοῖ,
2341 3340 2461 3404 δύο
2508 3339 2784 3415 κτήματα
2828 3340 3104 3418 νοεῖται,
3161 3336 3263 3399 καὶ
3377 3379 3388 3395 .

667 3437 962 3516 φαίνεται
1007 3438 1103 3501 ὅτι
1146 3438 1222 3502 τὸ
1268 3441 1382 3515 μὲν
1428 3443 1538 3518 τῆς
1583 3443 1866 3517 κτητικῆς
1913 3441 2037 3504 ἐςτὶ
2070 3441 2336 3520 λέξεως,
2382 3442 2459 3505 τὸ
2490 3441 2562 3505 δὲ
2593 3440 2817 3518 ἕτερον
2846 3442 2958 3516 τῆς
2988 3439 3260 3517 γενικῆς,

558 3549 625 3597 30
663 3537 754 3602 ὡς
810 3537 864 3602 εἰ
919 3538 1103 3615 ἔλεγε
1158 3544 1295 3604 τοῦ
1342 3539 1533 3620 ἐμοῦ
1579 3540 1830 3619 ἀγροῦ
1876 3543 2203 3620 καρπός,
2258 3546 2398 3606 τοῦ
2444 3542 2632 3621 ἐμοῦ
2677 3540 2979 3605 δούλου
3022 3541 3262 3602 παῖδα

796 3708 1014 3760 Aesim.
1081 3713 1144 3761 10
1180 3705 1468 3775 Tryphoni
1504 3706 1679 3776 igitur
1712 3722 1826 3760 non
1863 3708 2201 3763 assentimur
2236 3708 2474 3767 dicenti.
2511 3709 2789 3774 ἐμαυτοῦ,
2825 3706 2923 3759 ubi
2960 3703 3258 3760 articulum

660 3790 869 3844 habeat
914 3793 974 3845 et
1018 3790 1234 3857 aliquid
1278 3790 1557 3859 possideri
1600 3790 1837 3856 indicet,
1887 3809 2013 3846 eum
2061 3793 2199 3858 ἐμοῦ
2244 3792 2509 3862 genetivo
2554 3791 2853 3861 possessivi
2889 3790 3259 3858 compositum

661 3892 805 3938 esse,
836 3874 1165 3944 ceteroquin
1191 3893 1314 3928 cum
1343 3874 1644 3944 primitivo.
1670 3906 1731 3915 —
1761 3876 1937 3931 Immo
1962 3877 2283 3945 genetivum
2312 3876 2585 3945 primitivi
2609 3891 2832 3944 semper
2855 3872 3257 3937 inesse‚⁸etiam

660 3958 786 4012 aliis
838 3960 1183 4030 argumenfis
1228 3959 1605 4013 demonstrari
1652 3961 1858 4028 potest.
1939 3963 1983 4029 1)
2031 3960 2170 4014 Cum
2218 3961 2539 4030 possessivis
2584 3976 2683 4014 eae
2731 3975 2842 4024 res,
2891 3973 3035 4026 quae
3081 3956 3257 4028 possi-

662 4043 895 4108 dentur,
932 4043 1173 4098 flexione
1210 4045 1554 4113 congruunt,
1592 4060 1705 4098 non
1742 4047 2063 4115 congruunt
2097 4063 2222 4099 eum
2259 4047 2522 4111 ἐμαυτοῦ.
2593 4048 2639 4108 2)
2675 4043 2915 4096 Articuli
2949 4043 3260 4111 sequuntur

661 4126 963 4182 flexionem
998 4128 1328 4198 possessivi:
1379 4145 1504 4181 cum
1544 4130 1856 4197 composito
1894 4129 2074 4182 omnis
2120 4146 2279 4182 casus
2314 4127 2540 4198 generis
2575 4127 2791 4181 numeri
2827 4126 3096 4180 articulus
3131 4140 3260 4179 eon—

661 4210 929 4280 iungitur.
998 4215 1045 4280 a)
1087 4211 1193 4266 Ubi
1230 4212 1529 4281 genetivus
1565 4214 1655 4267 est
1687 4213 2016 4281 possessivi,
2054 4214 2198 4267 duae
2235 4215 2367 4266 sunt
2403 4228 2492 4266 res
2528 4228 2839 4281 possessae3
2876 4212 2972 4264 ubi
3011 4213 3258 4275 ἐμαυτοῦ

662 4296 916 4362 ponitur,
955 4312 1067 4349 una
1102 4298 1201 4354 est.

801 4444 992 4500 Dtscs.
1021 4465 1220 4500 sonim·-
1262 4454 1428 4501 1.καν
1448 4451 1519 4512 Α,
1548 4450 1639 4502 καὶ
1658 4447 1695 4500 b
1726 4449 1731 4516 1
1762 4455 1913 4500 3-4.
1931 4449 2288 4515 προετίθει-αι
2307 4448 2362 4514 b,
2384 4450 2764 4515 προτιθετιιιΑ
2794 4453 2800 4512 ἰ
2823 4455 2870 4501 4.
2896 4449 2964 4501 οὐ
2992 4452 3260 4514 κτητικῆς

665 4546 766 4597 pro
803 4531 908 4583 οὐκ
944 4532 1120 4599 αὐτῆς
1146 4530 1554 4585 CWaehsmuth
1584 4536 1593 4596 Ι
1626 4537 1705 4584 122.
1728 4535 1835 4598 τὴν
1856 4531 2204 4596 AdeVelsen,
2241 4537 2345 4600 τῆς
2370 4532 2462 4587 ΑΙ)
2493 4544 2501 4596 Ι
2538 4540 2614 4586 13.
2640 4534 2701 4586 δε
2728 4535 2798 4597 Α,
2835 4534 2885 4585 δ’
2910 4532 2944 4582 b
2974 4533 2985 4599 ι
3016 4548 3149 4585 ειςιν
3175 4533 3217 4585 Α
3249 4533 3255 4598 Ι

666 4619 903 4668 14.-15.
930 4621 1051 4670 ταῖς
1076 4621 1365 4683 κτητικαῖς
1387 4616 1450 4680 b,
1487 4632 1610 4670 ταις
1643 4632 1924 4683 κτητικοις
1963 4618 2005 4670 Α
2037 4619 2047 4682 Ι
2083 4622 2159 4668 16.
2200 4617 2303 4668 οὑν
2338 4617 2409 4681 Α,
2447 4618 2659 4684 puncta
2682 4616 2753 4668 ab
2781 4617 2844 4669 ΑΙ
2878 4619 2886 4682 Ι
2923 4621 3000 4669 19.
3027 4632 3168 4682 μετα
3193 4616 3258 4681 Α,

665 4700 795 4762 μετ’
829 4698 866 4751 b
898 4706 906 4766 Ι
937 4705 1022 4767 τῷ
1050 4702 1299 4764 ἐμαυτοῦ
1324 4700 1391 4765 b,
1427 4717 1496 4753 το
1523 4715 1770 4764 εμαυτου
1796 4702 1838 4754 Α
1866 4701 2000 4767 (non
2029 4717 2284 4765 εμαυτω,
2323 4700 2474 4767 quod
2498 4700 2535 4754 b
2563 4700 2617 4752 in
2646 4717 2757 4753 var.
2786 4699 2916 4752 ieet.
2944 4698 3220 4766 enotavit)
3251 4701 3256 4767 Ι

663 4786 745 4833 22.
781 4788 973 4849 γενικῇ
1015 4784 1114 4848 μὲν
1150 4788 1343 4850 κτῆςιν
1379 4785 1718 4852 ςημαινούςῃ
1755 4784 1791 4838 b
1829 4783 1887 4836 in
1925 4800 2038 4837 var.
2079 4782 2234 4849 leet,
2271 4789 2501 4851 γενικὴν
2538 4787 2641 4850 μὲν
2678 4789 2869 4851 κτῆςιν
2905 4784 3261 4850 ςημαίνουςιν

668 4865 761 4919 ΑΙ)
797 4867 853 4918 in
892 4868 1051 4919 textu
1092 4867 1099 4932 1
1140 4871 1220 4919 26.
1258 4867 1553 4933 ἀδιάφορα1
1575 4870 1647 4923 τὰ
1682 4869 1882 4937 ἄρθρα]
1924 4868 2019 4926 fol.
2058 4873 2158 4921 170
2181 4884 2225 4920 r.
2255 4868 2265 4934 Ι
2296 4873 2376 4922 29.
2417 4884 2566 4923 εςτιν
2601 4869 2645 4923 Α
2678 4873 2687 4937 Ι
2716 4873 2798 4921 30.
2836 4869 3034 4933 ελεγεν
3070 4870 3112 4922 Α
