3738 5530
1178 368 1697 421 PERSONALIVM
1732 369 1991 420 DA'rlvl
2030 370 2349 420 PLVRALI
2357 372 2410 420 S.
3011 368 3094 430 99

515 567 803 633 ἐνδέουςι
859 572 993 632 τῶν
1050 572 1211 635 κατὰ
1266 571 1341 635 τὸ
1387 570 1727 651 δεύτερον,
1784 570 1823 647 ἡ
1883 571 2090 649 ςφίςιν
2136 571 2268 636 ἀπὸ
2315 576 2425 649 τῆς
2472 572 2620 652 ςφίν
2668 572 3090 647 έπεκτέταται,

513 673 611 734 καὶ
653 671 812 734 καθὸ
855 670 921 734 αἱ
962 674 1081 737 τοῦ
1124 672 1342 751 τρίτου
1386 672 1794 738 εὐεπέκτατοι
1839 674 2329 754 μονοςύλλαβοι.

677 772 780 836 «Αἱ
843 775 963 838 τοῦ
1016 773 1235 853 τρίτου
1291 775 1601 856 κτητικαί,
1658 773 1854 839 ἑνικαὶ
1920 776 2078 839 κατὰ
2140 777 2215 841 τὸ
2281 776 2466 841 ἐντὸς
2533 776 2911 855 πρόςωπον,
2990 777 3098 841 διὰ

509 877 622 939 τοῦ
667 878 754 956 ςΤρ
808 876 1094 954 πλήθους
1138 878 1592 956 παραςτατικαὶ
1645 877 1936 953 γίνονται
1990 880 2152 942 κατὰ
2203 878 2322 943 τὸν
2385 879 2659 957 κτήτορα
2712 879 2888 957 παρὰ
2940 880 3093 942 Δω-

511 981 771 1060 ριεῦςιν,
832 978 916 1043 δς
977 975 1206 1058 ςφός·
1264 976 1405 1043 ἴςον
1458 978 1583 1056 γὰρ
1637 984 1730 1062 τῷ
1788 978 2128 1058 ςφέτερος·
2187 977 2277 1045 ὅν
2338 980 2568 1058 ςφόν·
2635 981 2735 1045 καὶ
2793 981 2898 1044 ἐπὶ
2954 984 3090 1045 τῶν
3131 997 3162 1042 5

311 1098 479 1150 ieeA
514 1081 760 1144 λοιπῶν
816 1079 1071 1144 ταύτόν.
1186 1081 1288 1144 καὶ
1351 1078 1457 1143 ἐπὶ
1510 1081 1961 1157 πρωτοτύπων
2019 1078 2140 1146 οὗν
2198 1081 2467 1146 ταύτόν·
2538 1080 2681 1146 ἰδοὺ
2735 1082 2860 1161 γὰρ
2917 1082 2947 1145 ἕ
2993 1082 3096 1145 καὶ

513 1181 673 1261 ςφέ.
775 1179 830 1245 εἰ
884 1185 1112 1258 τοῦτο,
1171 1183 1274 1247 καὶ
1316 1182 1392 1246 τὸ
1454 1181 1602 1263 ςφίν
1648 1181 1780 1246 ἀπὸ
1825 1182 2042 1247 ἑνικοῦ
2095 1188 2212 1247 τοῦ
2264 1183 2360 1257 ἵν,
2422 1184 2786 1262 Δωρικῶς.»
2875 1183 3095 1262 Παρα-

513 1283 839 1361 πεμπτέον
884 1285 957 1348 δὲ
1000 1284 1117 1349 τὸν
1163 1283 1397 1360 λόγον,
1444 1284 1873 1351 εὐδιάςειςτον
1918 1283 2107 1361 ὄντα,
2164 1285 2235 1351 ἐν
2280 1284 2377 1350 οἷς
2425 1287 2526 1349 καὶ
2571 1285 2933 1364 ὁλόκληρον
2979 1286 3096 1363 τὴν

514 1386 630 1466 ςφέ
696 1385 1181 1465 παραδεξόμεθα
1239 1387 1341 1450 καὶ
1395 1386 1596 1465 αὐτήν
1651 1408 1718 1452 τε
1774 1388 1894 1465 τὴν
1950 1385 2118 1467 ςφίν.
2190 1423 2265 1432 -
2334 1390 2475 1452 πῶς
2531 1389 2603 1452 δὲ
2660 1386 2807 1465 οὐχὶ
2862 1387 2962 1450 καὶ
3019 1387 3095 1450 τὸ

513 1486 1123 1565 κοινολεκτούμενον
1183 1490 1429 1568 ζητήςει
1473 1509 1595 1573 τιςς
1659 1527 1737 1536 -
1796 1488 1917 1552 οὐκ
1971 1488 2403 1568 ἐξομαλίζεται
2458 1491 2530 1553 δὲ
2574 1489 2648 1553 τὸ
2692 1492 2803 1566 τῆς
2847 1488 3094 1554 εὐθείας
3139 1504 3199 1553 ιο

514 1590 612 1653 καὶ
654 1593 941 1667 γενικῆς·
992 1590 1123 1654 ἀπὸ
1169 1591 1292 1668 γὰρ
1336 1592 1448 1666 τῆς
1489 1589 1517 1652 ἵ
1559 1591 1659 1654 καὶ
1705 1588 1785 1654 οὗ
1831 1589 1959 1654 οὐκ
1990 1590 2142 1654 εἰςὶν
2176 1589 2522 1655 ἀκόλουθοι
2553 1589 2982 1670 πληθυντικαί.
3015 1626 3094 1635 -

438 1704 483 1756 Β
519 1690 834 1771 ἐπηυξήθη
880 1690 1002 1755 οὖν
1048 1689 1179 1756 ἀπὸ
1225 1693 1715 1772 μονοςυλλάβου
1758 1695 1871 1770 τῆς
1917 1692 2065 1772 ςφίν
2110 1693 2149 1770 ἡ
2197 1693 2439 1776 ςφίςιν,
2494 1692 2617 1771 οὐχ
2672 1692 2914 1772 ὁμοίως
2959 1695 3095 1756 τοῖς

516 1791 850 1870 ὀνόμαςιν·
899 1791 1054 1859 οὐδὲ
1097 1793 1222 1873 γὰρ
1265 1792 1467 1861 ταύτὰ
1511 1796 2021 1872 παρακολουθεῖ,
2067 1793 2108 1857 ἃ
2155 1796 2258 1858 καὶ
2285 1796 2418 1858 τοῖς
2452 1794 2734 1874 ὸνόμαςι.
2807 1794 3097 1872 ταχέος

512 1895 632 1974 γὰρ
677 1896 778 1958 καὶ
820 1895 1132 1974 ταχέες,
1179 1896 1304 1975 ἀφ’
1353 1894 1432 1961 οὗ
1477 1898 1581 1961 καὶ
1621 1896 1700 1960 τὸ
1742 1896 2096 1978 ταχέεςςιν,
2144 1896 2308 1974 ἅπερ
2355 1895 2475 1961 οὐκ
2519 1897 2625 1960 ἐπὶ
2667 1899 2777 1973 τῆς
2824 1900 3024 1976 ςφεῖς.

680 1995 1093 2075 Ευρακούςιοι
1122 1997 1291 2077 ψίν·
1325 2017 1562 2077 αμανι
1593 2018 1733 2077 ψιν
1765 2018 2195 2077 γενομενα;
2227 1997 2519 2077 Εώφρων
2553 1996 2659 2081 (fr.
2679 1997 2761 2063 83
2780 1996 3087 2079 Ahrene).
3137 2015 3195 2062 ιτ»

512 2098 580 2162 Ἡ
626 2100 731 2163 διὰ
773 2103 890 2163 τοῦ
936 2103 988 2177 ᾧ
1033 2101 1252 2179 γραφὴ
1299 2100 1404 2164 ἐπὶ
1446 2101 1735 2178 πλήθους
1777 2100 2129 2179 ταςςομένη
2174 2099 2530 2180 οἰκειοτέρα
2556 2102 2671 2179 τῆς
2702 2100 2808 2165 διὰ
2835 2104 2955 2166 τοῦ
2987 2102 3093 2180 ἰῷ.

683 2201 794 2265 Καὶ
839 2200 952 2267 ςὺν
995 2206 1087 2283 τῷ
1130 2204 1173 2263 ἃ
1217 2202 1466 2276 λέγεται
1513 2201 1677 2282 παρ’
1718 2201 2077 2267 Αἰολεύςιν·

765 2300 887 2367 ὅτα
928 2301 1259 2382 πάννυχος
1303 2301 1495 2382 ἄςφι
1539 2304 1852 2382 κατάγρει,

513 2404 755 2485 (απφώ
802 2403 910 2485 (fr.
956 2402 1039 2468 98
1084 2406 1373 2485 AhrenS,
1417 2404 1502 2469 43
1549 2403 1764 2490 Bergk
1777 2405 1854 2491 ³).

439 2518 481 2572 O
598 2497 606 2505 ⁹
678 2506 750 2572 Ἡ
762 2509 924 2584 μᾶς.
1029 2506 1276 2586 Ταύτης
1333 2506 1850 2588 ὁλοκληροτέραν
1908 2508 2059 2588 φαςὶ
2111 2510 2229 2587 τὴν
2273 2510 2448 2588 παρὰ
2492 2513 2628 2574 τοῖς
2671 2510 2835 2573 Ἴωςι
2880 2512 3091 2593 διῃρη-
3130 2540 3198 2588 20

512 2609 736 2687 μένην,
797 2609 968 2684 λέγω
1013 2610 1086 2673 δὲ
1128 2610 1245 2688 τὴν
1290 2609 1504 2689 ἡμέας.
1611 2610 1722 2675 «ὃν
1767 2608 1894 2690 γὰρ
1937 2611 2187 2687 τρόπον
2231 2612 2408 2688 παρὰ
2462 2612 2538 2676 τὸ
2583 2612 2796 2689 ταχεῖς
2839 2609 3094 2689 ταχέας,

513 2708 718 2774 οὕτως
771 2709 947 2788 ἡμεῖς
1003 2710 1230 2794 ἡμέας,
1288 2712 1391 2776 καὶ
1445 2711 1736 2776 Ἀττικῶς
1790 2710 1988 2789 ἡμᾶς,
2047 2711 2138 2776 ὡς
2195 2711 2475 2792 Εὐβοέας
2531 2712 2822 2793 Εὐβοᾶς.»
2930 2710 3097 2776 Ἀλλ’

513 2811 659 2876 οὐτε
710 2812 750 2890 ἡ
808 2810 987 2890 ἡμεῖς
1044 2810 1236 2890 ὁμοία
1292 2817 1367 2895 τῇ
1413 2815 1658 2892 ταχεῖς,
1716 2812 1806 2877 ὡς
1851 2812 2226 2892 ἀπεδείχθη,
2287 2813 2438 2878 οὔτε
2484 2814 2752 2879 Ἀττικοὶ
2793 2814 2870 2877 τὸ
2915 2817 2948 2877 ἒ
2995 2815 3098 2876 καὶ

513 2914 586 2979 τὸ
630 2916 672 2976 ἆ
714 2917 1147 2995 ςυναιρούςιν,
1189 2915 1299 2980 ὅτε
1344 2916 1423 2993 μὴ
1469 2914 1812 2993 καθαρεύοι
1853 2915 1931 2979 τὸ
1973 2915 2042 2998 ἒ,
2088 2913 2179 2978 ὡς
2221 2914 2329 2979 ἐπὶ
2371 2918 2488 2980 τοῦ
2532 2916 2731 2980 ἱέαςιν
2772 2914 2965 2980 ἱᾶςιν·
3015 2915 3095 2978 οὐ

512 3016 632 3093 γὰρ
675 3014 768 3079 ἔτι
812 3015 919 3079 ἐπὶ
959 3018 1079 3080 τοῦ
1121 3016 1370 3080 τιθέαςι.
1459 3017 1563 3080 καὶ
1606 3015 1849 3095 Εὐβοᾶς
1895 3016 2119 3099 φαςίν,
2166 3016 2309 3081 ἀλλ’
2352 3016 2565 3081 οὐκέτι
2610 3018 2826 3095 ταχᾶς.
3132 3048 3199 3097 25

746 3204 913 3212 -—-———-

648 3321 863 3372 Aaou.
932 3325 965 3372 3
1011 3316 1127 3371 Alii
1173 3319 1304 3386 ςφίν
1348 3334 1418 3371 ex
1459 3319 1520 3373 ἵν
1551 3319 1749 3372 natum
1786 3332 1906 3371 esee
1942 3318 2172 3388 putant,
2221 3318 2281 3372 ut
2317 3320 2455 3384 ςφός
2493 3335 2562 3372 ex
2599 3321 2688 3385 ὅς,
2738 3320 2844 3386 ςφέ
2880 3335 2948 3372 ex
2984 3318 3098 3384 ςφί.

513 3402 590 3454 At
621 3402 727 3469 ςφέ
773 3403 833 3455 et
866 3401 963 3468 ςφί
1006 3401 1229 3456 nativas
1275 3418 1395 3457 esse
1439 3403 1645 3456 formas
1689 3417 2016 3471 persuasum
2062 3401 2225 3455 nobis
2269 3405 2370 3455 eet.
2415 3429 2466 3440 -
2512 3409 2575 3456 15
2611 3400 2944 3472 Syracusani
2978 3403 3098 3470 ψίν,

514 3486 714 3540 Aeolon
768 3486 900 3553 ἄςφι
954 3486 1162 3543 dicunt.
1212 3517 1275 3526 -
1338 3493 1405 3541 20
1460 3485 1782 3540 Accusativi
1846 3485 2080 3554 pluralis
2138 3486 2354 3556 primae
2407 3503 2696 3556 personae.
2782 3487 3099 3542 Pleniorem

512 3570 750 3623 formam
785 3571 963 3636 ἡμέας
998 3558 1243 3625 ionicam
1278 3587 1396 3626 esee
1434 3588 1502 3625 ex
1535 3572 1741 3639 ταχέας
1776 3571 1956 3625 forma
1990 3568 2282 3639 colligunt.
2338 3571 2416 3625 At
2448 3572 2777 3641 pronomina
2810 3572 3101 3625 nominum

516 3656 832 3726 analogiam
871 3672 984 3710 non
1019 3659 1353 3724 sequantui-3
1398 3671 1581 3724 neque
1626 3655 1802 3709 Attici
1844 3660 1880 3708 ἓ
1916 3657 1977 3708 et
2009 3660 2045 3709 ἃ
2091 3654 2170 3721 (in
2209 3659 2246 3708 ἃ
2278 3655 2531 3725 longam)
2578 3656 2947 3722 contrahunt,
2991 3655 3104 3709 nisi

516 3741 890 3807 praecedente
928 3740 1122 3796 vocali.

646 3995 827 4050 Drson.
877 4013 1069 4050 sempr.
1151 4000 1197 4048 1.
1244 3996 1525 4049 ενδεουςιν
1570 3994 1613 4046 Α
1680 3998 1689 4057 Ι
1753 3998 1800 4046 2.
1848 3993 2219 4047 εὐεπέκτατοι
2272 3992 2497 4062 scripsit
2541 3991 2925 4062 RSohneider,
2980 3995 3103 4049 ἀνε-

516 4081 780 4135 πέκτατοι
817 4079 910 4136 Ab
941 4083 951 4144 Ι
982 4086 1029 4136 3.
1067 4078 1358 4148 inscriptio
1393 4095 1520 4146 περι
1555 4093 1660 4145 της
1696 4093 1837 4145 ςφος
1873 4076 2103 4130 maiueo.
2140 4078 2183 4131 A
2216 4078 2225 4144 Ι
2266 4077 2334 4132 Αἱ
2357 4081 2461 4131 τοῦ
2499 4078 2712 4148 τρίτου]
2750 4077 2844 4132 fol.
2887 4083 2981 4133 188
3004 4097 3053 4132 v.
3095 4081 3103 4146 Ι

515 4166 824 4231 πρόςωπον
860 4166 950 4220 διὰ
984 4164 1056 4228 ογ
1105 4179 1269 4218 evan.
1306 4161 1364 4216 in
1401 4165 1444 4218 A
1480 4164 1708 4232 praeter
1750 4178 1828 4229 πρ
1863 4159 2079 4215 litteras
2144 4164 2154 4228 Ι
2217 4168 2264 4215 4.
2301 4161 2531 4216 v.voois
2573 4178 2679 4216 τον
2715 4177 2876 4221 evan.
2913 4162 2970 4215 in
3010 4166 3052 4218 A
3093 4165 3100 4231 Ι

515 4265 779 4318 κτητωρα
816 4251 861 4305 Α
917 4251 926 4315 Ι
975 4255 1024 4304 5.
1063 4251 1155 4302 καὶ
1188 4250 1282 4302 ἐπὶ
1316 4248 1381 4314 b,
1420 4251 1472 4302 κ’
1505 4265 1597 4303 επι
1635 4252 1678 4304 Α
1728 4248 1737 4314 Ι
1785 4251 1832 4300 7.
1869 4261 1899 4301 ς
1932 4244 1991 4299 in
2029 4261 2166 4300 voce
2204 4263 2309 4315 ςφε
2345 4262 2516 4316 supra
2548 4246 2648 4301 lin.
2685 4248 2728 4301 A
2769 4249 2778 4312 Ι
2817 4253 2864 4304 8.
2901 4250 3010 4314 τὴν
3048 4247 3102 4315 b,

513 4350 603 4402 τηι
636 4336 681 4390 Α
719 4340 731 4398 Ι
772 4339 824 4388 9.
862 4335 992 4402 post
1028 4335 1453 4401 παραδεξομεθα
1486 4332 1728 4387 iteratur
1762 4333 2134 4386 ευδιαςειςτον
2169 4347 2310 4385 οντα
2332 4331 2389 4384 in
2416 4332 2459 4385 A
2491 4334 2500 4396 Ι
2530 4348 2711 4399 αυτην
2734 4348 2799 4384 τε
2827 4334 2887 4397 Α,
2922 4333 3107 4400 αὐτὴν

516 4419 574 4472 δὲ
596 4419 633 4473 b
681 4420 691 4485 Ι
750 4425 829 4473 10.
857 4421 887 4474 ζ
921 4417 979 4471 in
1005 4420 1381 4483 εξομαλιζεται
1405 4434 1473 4473 ex
1498 4435 1527 4474 ς
1565 4418 1714 4472 faeta
1738 4415 1966 4469 videtur
1994 4415 2057 4468 in
2084 4416 2126 4469 A
2176 4418 2184 4482 Ι
2249 4422 2328 4470 15.
2356 4432 2522 4482 αμανι
2544 4432 2644 4482 ψιν
2669 4416 2733 4482 Α,
2761 4417 2919 4481 Ἀμῖν
2945 4419 2979 4482 ἢ
3006 4417 3108 4482 ψίν

516 4501 823 4568 Fwstm-z,
859 4500 1096 4557 ‘Saltem
1121 4517 1260 4556 corr.
1289 4503 1471 4568 “Αμῑν’
1498 4502 1534 4555 b
1560 4501 1618 4556 in
1642 4517 1757 4556 var.
1782 4501 1912 4554 lect.
1943 4502 1952 4564 Ι
1985 4504 2049 4553 18
2098 4501 2204 4554 ὅτα
2226 4500 2263 4554 b
2288 4498 2624 4560 BLAhrens,
2663 4501 2770 4554 ὄτα
2793 4498 3067 4569 'PhBergk
3096 4502 3103 4568 Ι

515 4587 777 4655 κατάγρει
813 4585 1136 4642 HLAhrens
1158 4585 1453 4656 ThBergk,
1488 4592 1755 4655 καταγρεῖ
1780 4586 1816 4640 b
1854 4580 2134 4637 ‘Fortasse
2159 4583 2514 4639 scribendum
2541 4585 2781 4648 (ὅππατ
2797 4588 2810 4606 ’
2834 4585 3064 4653 ἄωροε>
3095 4631 3101 4644 .

515 4673 617 4726 bra
652 4672 942 4739 πάννυχος
966 4673 1098 4740 ἄςφι
1121 4672 1408 4740 κατάγρει’
1445 4670 1721 4740 ThBergk
1760 4674 1770 4738 Ι
1809 4665 2220 4756 2o—insoriptio
2264 4686 2390 4737 περι
2424 4685 2528 4736 της
2562 4653 2709 4735 ἧμας
2745 4668 2974 4722 mainsc.
3014 4671 3056 4723 A
3098 4673 3103 4736 Ι

514 4773 677 4823 φαςιν
714 4758 760 4812 Α
791 4756 803 4826 Ι
841 4773 997 4812 ιωςιν
1034 4759 1077 4811 Α
1122 4759 1131 4821 Ι
1168 4762 1249 4811 23.
1287 4758 1357 4810 τὸ
1397 4759 1427 4809 ἐ’
1464 4754 1673 4809 GKoen
1712 4757 1770 4819 b,
1809 4760 1879 4810 τὸ
1915 4773 1942 4810 ς
1981 4757 2023 4809 Α
2066 4757 2075 4821 Ι
2113 4761 2196 4810 24.
2235 4756 2366 4808 ante
2402 4759 2711 4821 ςυναιροῦςι
2747 4752 3108 4808 inserendum

513 4856 628 4895 esse
663 4842 787 4910 (εἰς
824 4841 1044 4908 μακρὸν
1081 4843 1156 4908 ἃ)
1190 4841 1398 4895 conicit
1432 4839 1790 4894 RSohneider
1825 4842 1943 4906 125.
1981 4844 2225 4894 τιθεαςιν
2259 4840 2305 4894 Α
2672 4922 2704 4956 .

2629 4927 2660 4976 ’1
