3738 5530
1586 365 1958 419 Anvssssssu
1993 368 2071 420 m
2099 351 2151 420 ῑ.
3031 360 3151 425 165

557 573 595 652 ῆ
651 593 717 637 τε
784 572 890 637 διὰ
943 576 1062 637 τοῦ
1129 557 1199 637 ᾗ
1259 572 1330 637 ἐν
1387 573 1672 637 ςυντάξει
1737 579 1813 656 τῇ
1880 573 2023 636 κατ’
2076 572 2455 653 αἰτιατικήν,
2511 569 2729 635 οἴκαδε
2785 568 2875 635 εἰς
2940 569 3146 645 οἶκον,

558 674 795 752 ἄγραδε
841 674 931 738 εἰς
976 674 1201 757 ἀγρόν,
1245 676 1347 738 καὶ
1391 674 1493 739 ἐπὶ
1537 680 1668 739 τῶν
1712 674 1933 739 ἄλλων
1979 675 2017 738 ὁ
2063 674 2259 739 αὐτὸς
2306 674 2528 748 λόγος·
2572 673 2612 750 ἡ
2657 674 2727 736 δὲ
2763 672 3146 751 προκειμένη

459 788 509 828 2⁵
558 778 911 855 παραγωγὴ
958 776 1076 840 οὐκ
1121 776 1252 854 ἔχει
1294 780 1478 858 τῇδε,
1536 775 1625 839 ὡς
1670 775 1787 841 οὐκ
1833 776 1914 840 ἂν
1960 776 2409 855 ἐπιρρηματικὴ
2462 774 2786 853 γινομένη.
2867 775 2970 837 καὶ
3024 776 3148 850 γὰρ

558 880 714 943 κατά
757 878 1015 955 γενικήν
1070 877 1268 952 ἐςτιν,
1328 878 1418 942 ὼς
1471 878 1546 941 τὸ
1604 877 1924 957 χαλκόφιν
1980 878 2079 940 καὶ
2131 877 2562 958 παςςαλόφιν,
2620 877 2723 940 καὶ
2780 875 2852 939 ἐν
2908 879 3147 958 δοτικῇ,

559 980 647 1045 ὡς
691 981 1052 1060 φρήτρηφι,
1097 979 1200 1042 καὶ
1245 979 1316 1043 ἐν
1360 978 1694 1062 αἰτιατικῇ,
1742 979 2061 1061 δεξιόφιν,
2107 979 2535 1058 ἀριςτερόφιν.
2608 977 2708 1041 καὶ
2752 976 2908 1040 κατὰ
2949 980 3142 1041 τοῦτο
3183 987 3215 1036 5

557 1082 680 1160 ἄρα
734 1083 813 1146 τὰ
868 1080 1257 1160 προκείμενα
1310 1081 1499 1160 μόρια
1555 1080 1673 1144 οὐκ
1728 1080 1939 1159 ἔχεται
1992 1080 2478 1159 ἐπιρρηματικῆς
2536 1081 2941 1159 παραγωγῆς.
3019 1078 3148 1142 ἔςτι

558 1186 629 1248 δὲ
685 1184 785 1247 καὶ
839 1183 1015 1260 παρὰ
1069 1182 1364 1260 Ἀλκμᾶνι
1422 1180 1528 1265 (fr.
1570 1182 1656 1244 59
1701 1179 1916 1264 Bergk
1930 1181 1984 1267 ³)
2026 1183 2129 1246 καὶ
2184 1184 2343 1246 κατὰ
2399 1183 2688 1258 κλητικῆς
2741 1181 2815 1244 τὸ
2875 1180 3146 1259 οὐρανία

456 1293 507 1333 ³⁰
558 1284 976 1363 οὐρανίαφιν,
1042 1286 1176 1348 τῶν
1233 1285 1548 1348 τοιούτων
1603 1287 2029 1363 πλεοναςμῶν
2088 1283 2168 1348 οὐ
2220 1283 2636 1362 κρατούντων
2691 1283 2806 1346 τάς
2861 1281 3143 1346 πτώςεις.

553 1389 657 1451 καὶ
699 1388 823 1465 γὰρ
867 1386 943 1449 τὸ
988 1385 1237 1449 τοιόςδε
1284 1386 1384 1448 καὶ
1426 1385 1503 1448 τὸ
1548 1388 1808 1473 τοιοῦδε
1851 1386 1955 1449 καὶ
1996 1388 2245 1466 τοιῷδε,
2291 1387 2682 1462 παραγωγῆς
2727 1382 3001 1461 ἐχόμενα
3032 1385 3143 1460 τῆς

556 1490 660 1553 διὰ
703 1493 822 1553 τοῦ
866 1476 959 1567 δέ,
1007 1487 1099 1552 ὡς
1143 1485 1197 1550 εἰ
1240 1486 1434 1553 πάλιν
1476 1487 1559 1566 ἦν
1603 1488 2051 1567 ἐπιρρηματικὴ
2096 1486 2466 1563 παραγωγή,
2514 1486 2671 1550 κατὰ
2715 1486 2862 1565 μίαν
2902 1488 3142 1549 πτῶςιν
3185 1496 3246 1543 ιο

418 1599 520 1647 576
556 1590 656 1669 ἦν.
705 1627 782 1638 -
837 1589 1134 1668 Προαλὲς
1177 1591 1249 1653 δὲ
1294 1590 1397 1655 καὶ
1438 1588 1515 1654 τὸ
1560 1590 1777 1669 λαβεῖν
1830 1588 1930 1652 ὅτι
1977 1588 2048 1652 ἐν
2107 1593 2198 1669 τῷ
2252 1586 2371 1667 ἧφι
2428 1588 2645 1667 βίηφιν
2702 1587 3058 1665 ὁλόκληρος
3102 1586 3140 1662 ἡ

551 1694 928 1770 παραγωγή.
1000 1690 1056 1755 εἰ
1108 1692 1233 1770 γὰρ
1285 1690 1367 1756 αὖ
1420 1690 1458 1768 ἡ
1516 1692 1869 1770 παραγωγὴ
1927 1689 2243 1768 ςτοιχείου
2297 1689 2539 1764 γίνεται
2592 1688 2997 1770 ἀφαιρετική,
3052 1687 3140 1751 ὡς

552 1794 655 1859 ἐπὶ
696 1797 949 1871 γενικῆς
991 1797 1111 1857 τοῦ
1155 1798 1226 1875 fi,
1281 1793 1349 1857 ἐκ
1393 1793 1755 1871 παςςαλόφι
1800 1793 1902 1856 καὶ
1945 1792 2293 1871 χαλκόφιν,
2356 1789 2446 1855 ὡς
2489 1790 2596 1854 ἐπ’
2640 1789 2978 1867 αἰτιατικῆς
3021 1792 3138 1853 τοῦ

476 1914 502 1951 5
552 1900 624 1970 ν,
672 1895 882 1961 δεξιόν
927 1894 1247 1975 δεξιόφιν,
1291 1893 1622 1973 ἀριςτερόν
1669 1893 2108 1973 ἀριςτερόφιν,
2156 1892 2488 1969 δοθήςεται
2533 1892 2631 1956 ὅτι
2673 1892 2775 1955 καὶ
2820 1892 2980 1955 κατὰ
3021 1892 3137 1956 τὸν

550 1996 749 2072 λόγον
792 2001 903 2075 τῆς
949 2000 1202 2074 δοτικῆς
1258 1995 1472 2075 ὑφιᾶςι
1526 1996 1602 2058 τὸ
1658 2000 1718 2069 ἴ,
1776 1997 1880 2059 καὶ
1921 1996 2000 2059 τὰ
2043 1997 2154 2072 τῆς
2214 1993 2653 2072 ὀρθογραφίας
2699 1991 2907 2057 οὕτως
2951 2012 3136 2056 κατα·
3179 2003 3240 2052 15

551 2099 828 2176 ςτήςεται
885 2099 1030 2176 δίχα
1084 2100 1203 2162 τοῦ
1250 2103 1280 2158 ῖ
1341 2096 1738 2176 γραφόμενα.
1823 2096 1923 2160 καὶ
1978 2096 2177 2175 ςαφές
2223 2094 2386 2160 ἐςτιν
2444 2095 2539 2159 ὅτι
2596 2095 2678 2159 τὰ
2732 2093 3139 2174 προκείμενα,

550 2199 916 2278 ἀκουόμενα
971 2199 1210 2278 ἔχοντα
1255 2200 1561 2280 ςτοιχεῑα,
1619 2198 1952 2275 πρόδηλον
2011 2197 2151 2275 ἔςχε
2197 2197 2296 2260 καὶ
2340 2198 2456 2274 τὴν
2513 2195 2876 2275 ἀφαίρεςιν·
2932 2197 3013 2259 τά
3066 2196 3137 2258 δὲ

450 2321 499 2358 ιο
551 2299 621 2364 ἐν
663 2307 741 2383 τῇ
787 2306 1004 2385 δοτικῃ
1050 2301 1169 2368 οὐκ
1225 2300 1537 2381 ἐξεφώνει
1580 2302 1655 2365 τὸ
1702 2304 1763 2363 ῑ·
1821 2300 2020 2379 ςαφὲς
2074 2301 2238 2374 γοῦν
2294 2296 2422 2371 ὅτι,
2480 2297 2600 2361 κᾶν
2644 2296 2910 2380 ἐλλείψῃ
2953 2298 3029 2361 τὸ
3085 2301 3135 2376 ι’,

549 2401 629 2465 ού
672 2402 1007 2480 πρόδηλον
1051 2402 1173 2469 ἕξει
1217 2403 1335 2481 τὴν
1378 2402 1762 2480 ύποςτολήν.

716 2504 811 2568 Τά
855 2503 945 2569 εἰς
992 2526 1045 2568 ω
1091 2504 1374 2581 λήγοντα
1420 2504 1784 2584 βαρύνεται,
1831 2503 1991 2584 ἔςω,
2035 2501 2281 2584 κύκλῳ,
2325 2500 2531 2583 τόνῳ,
2587 2501 2840 2579 πόρρω,
2896 2500 3134 2577 πρόςω,
3173 2510 3239 2558 20

549 2604 898 2687 ἑκαςτάτω,
954 2605 1292 2687 ἀνωτέρω,
1345 2604 1685 2679 ἀνωτάτω,
1743 2608 2118 2686 περαιτέρω.
2199 2605 2358 2670 ὥςτε
2416 2604 2603 2669 ἕνεκα
2650 2602 2888 2666 τούτου
2931 2620 3134 2679 ςημει-

454 2724 501 2764 1⁵
554 2710 770 2771 οὓςθαι
809 2707 885 2771 τὸ
928 2706 1317 2786 ἐπιςχερώ
1347 2708 1448 2771 καὶ
1480 2707 1585 2773 ἰώ.
1646 2708 1823 2773 Ἀλλ’
1855 2708 2004 2774 ἴεως
2034 2708 2071 2787 ἡ
2105 2709 2218 2787 μὲν
2251 2703 2828 2786 προκατειλεγμένη
2872 2707 3003 2769 τῶν
3049 2703 3135 2769 εἰς

550 2831 604 2872 ω
650 2812 871 2888 βαρεῖα
914 2809 1084 2874 τάςις
1128 2809 1260 2886 ἔχει
1303 2810 1420 2888 τὴν
1464 2809 1825 2888 ὁμοείδειαν
1864 2812 2157 2895 ςυνῳδόν
2195 2812 2313 2874 τοῦ
2343 2808 2573 2873 τόνου·
2619 2806 2700 2885 ἦν
2730 2806 2854 2885 γὰρ
2884 2805 3137 2871 ἅπαντα

549 2909 620 2975 ἐν
664 2915 1036 2993 παραγωγῇ,
1086 2912 1176 2975 ὡς
1220 2910 1277 2975 εί
1323 2910 1422 2974 καί
1454 2931 1557 2976 ,τις
1602 2911 1811 2976 οὕτως
1858 2911 2059 2976 εἴποι·
2103 2914 2184 2977 τ’ὀι
2217 2911 2305 2976 εἰς
2335 2915 2392 2975 {fi
2434 2910 2716 2987 λήγοντα
2746 2907 3136 2986 ἐπιρρήματα

548 3013 906 3089 παραγωγὰ
957 3011 1029 3076 ἐν
1088 3012 1307 3095 βαρείᾳ
1361 3012 1531 3076 τάςει
1583 3013 1721 3077 ἐςτί.
1796 3014 1895 3077 καὶ
1952 3012 2006 3077 εἰ
2060 3014 2174 3092 μὲν
2228 3012 2360 3077 ἀπὸ
2416 3011 2785 3089 προθέςεων
2840 3010 3133 3093 γέγονεν,
3172 3021 3238 3066 ²5

450 3131 500 3172 20
538 3112 1086 3193 .ἰςοςυλλαβοῦντα
1149 3116 1264 3192 μὲν
1319 3117 1455 3178 ταῖς
1508 3116 1910 3197 προθέςεςιν,
1979 3115 2033 3179 εἰ
2089 3116 2187 3180 καὶ
2253 3114 2615 3191 διςύλλαβοι
2670 3109 2803 3176 εἶεν
2860 3111 2923 3175 αἱ
2975 3132 3134 3190 προ-

550 3213 776 3279 θέςεις·
832 3216 1539 3295 περιςςοςυλλαβοῦντα
1595 3216 1696 3299 δέ,
1754 3216 1809 3281 εἰ
1863 3216 1994 3281 ἀπὸ
2052 3217 2554 3295 μονοςυλλάβων
2609 3216 2980 3294 προθέςεων
3037 3214 3135 3293 εἴη

547 3314 587 3392 ἡ
630 3317 1003 3393 παραγωγή.
1077 3316 1238 3380 διότι
1283 3317 1354 3380 δὲ
1398 3319 1473 3382 τὸ
1516 3320 1819 3383 τοιοῦτον
1863 3319 2243 3401 παρέπεται,
2301 3317 2371 3383 ἐν
2430 3315 2610 3399 ἄλλῳ
2655 3318 2838 3400 τόπῳ
2883 3320 3135 3381 καθολι-

550 3417 832 3495 κώτερον
889 3415 1217 3494 εἰρήςεται.
1291 3419 1371 3482 τὰ
1426 3420 1495 3482 δὲ
1541 3418 1975 3499 ὑποδείγματα
2029 3419 2348 3484 ἐκκείςθω·
2406 3418 2581 3497 παρὰ
2629 3419 2748 3496 τὴν
2803 3417 2931 3483 ἀνά
2975 3416 3135 3500 ἄνω,

453 3535 502 3575 2⁵
553 3518 708 3582 κατά
751 3517 947 3597 κάτω,
992 3518 1156 3597 πρός
1199 3519 1439 3596 πρόςω,
1484 3519 1552 3585 ἔς
1595 3520 1740 3585 ἔςω.
1809 3521 1885 3585 τό
1929 3541 1998 3586 τε
2040 3521 2216 3604 τόνῳ
2261 3521 2361 3584 καὶ
2405 3519 2617 3602 κύκλῳ
2662 3521 2826 3598 πρὸς
2873 3519 3128 3600 ὁμοφω·
3171 3527 3238 3574 3⁰

551 3619 691 3684 νίαν
743 3621 859 3698 τὴν
923 3618 1055 3683 ἀπὸ
1111 3624 1227 3685 τοῦ
1281 3620 1474 3684 τόνος
1529 3622 1629 3685 καὶ
1685 3621 1917 3687 κύκλος
1976 3622 2047 3687 ἐν
2106 3627 2324 3705 δοτικῇ
2384 3622 2633 3685 πτώςει.
2718 3620 2799 3699 ἦν
2857 3620 2978 3685 οὖν
3035 3622 3136 3686 καὶ

551 3724 744 3784 ταῦτα
775 3721 843 3785 ἐκ
874 3722 1302 3800 προκειμένου
1331 3723 1664 3797 γεγονότα.
1726 3723 1894 3787 ἀλλά
1934 3726 2055 3803 μὴν
2087 3726 2189 3788 καὶ
2216 3725 2291 3788 τὸ
2335 3722 2655 3788 ἑκαςτάτω
2686 3725 2788 3787 καὶ
2818 3722 3133 3803 ἑκαςτέρω

684 3889 899 3943 Anava.
970 3895 1036 3942 20
1072 3888 1356 3943 Adverbia
1406 3888 1462 3941 in
1510 3897 1557 3943 ω
1610 3892 1923 3957 gravantur
1969 3892 2196 3960 praeter
2239 3893 2507 3959 ἑπιςχερώ
2557 3893 2616 3944 et
2661 3890 2758 3958 ἰώ,
2813 3907 2958 3959 quae
3004 3894 3136 3947 sunt

554 3973 816 4040 oxytona;
858 3972 1032 4026 etiam
1067 3973 1338 4028 adverbia
1372 3973 1429 4027 in
1467 3981 1515 4027 ὦ
1554 3991 1588 4027 a
1628 3976 2166 4044 praepositionibus,
2204 4006 2270 4014 —
2318 3982 2385 4030 30
2430 3993 2463 4028 a
2498 3975 2702 4029 dativis
2737 3976 3052 4042 nominum,
3099 3993 3134 4030 a

555 4057 946 4125 comparativis
983 4058 1452 4127 superlassivisque
1490 4058 1748 4112 derivata
1784 4061 2030 4128 oxytona
2064 4062 2211 4115 sunt.

682 4191 906 4248 Tusa-nc.
977 4197 1009 4248 ‘t
1047 4193 1126 4248 Cf.
1164 4192 1347 4247 Schol.
1387 4195 1429 4247 Ν
1469 4199 1584 4249 588.

556 4299 723 4307 u—-——.-

685 4346 872 4400 Duscn.
920 4365 1118 4400 semma
1190 4352 1238 4400 2.
1282 4346 1491 4412 ἄγραδε
1536 4345 1786 4414 KLehrS‚
1833 4350 2072 4415 ἀγρόνδε
2121 4350 2212 4402 Ab
2274 4350 2284 4414 Ι
2350 4353 2395 4401 7.
2433 4351 2678 4416 κλιτικης
2717 4351 2757 4402 Α
2825 4350 2835 4412 Ι
2898 4367 3134 4416 ουρανια

555 4447 885 4500 ουρανιαφιν
922 4435 992 4496 Α,
1038 4431 1376 4497 οὐρανίαφιν
1412 4431 1448 4482 b
1513 4434 1522 4496 Ι
1592 4440 1666 4489 10.
1702 4434 1795 4496 δῖ,
1846 4434 1925 4488 ὡς
1963 4434 2013 4488 εί
2050 4436 2091 4487 Α
2119 4433 2184 4498 b,
2231 4435 2295 4486 δ“ε“
2331 4433 2515 4498 (κατὰ
2550 4435 2855 4500 διαφόρους
2891 4436 3134 4490 πτώςεις

556 4515 641 4579 ῆν.
675 4516 841 4584 ἀλλ’)
878 4515 926 4569 εἰ
962 4513 1240 4568 GDronke
1282 4521 1289 4576 ι
1350 4521 1425 4573 12.
1463 4516 1511 4570 εἰ
1545 4518 1651 4584 γὰρ
1687 4519 1758 4572 αὖ
1794 4519 1828 4582 ή
1868 4519 1934 4583 b,
1971 4536 2006 4584 η
2043 4535 2149 4585 γαρ
2186 4535 2327 4584 αυτη
2367 4520 2409 4572 Α
2459 4520 2467 4582 Ι
2525 4524 2602 4573 13.
2638 4525 2742 4571 τοῦ
2779 4526 2813 4572 i]
2853 4519 2914 4584 b,
2954 4535 3033 4572 ως
3070 4536 3134 4573 εκ

555 4614 653 4651 του
689 4601 730 4652 Α
780 4603 789 4664 Ι
839 4617 901 4653 εκ
938 4603 1249 4665 παςςαλόφι
1288 4600 1357 4662 Α,
1395 4602 1709 4668 παςςαλόφι
1748 4603 1781 4654 b
1818 4605 1825 4668 1
1882 4608 1954 4658 16.
1992 4618 2165 4668 ςαφες
2201 4618 2351 4656 εςτιν
2386 4604 2456 4665 Α,
2495 4603 2665 4667 ςαφές
2700 4603 2736 4654 b
2770 4603 2779 4670 Ι
2823 4609 2899 4661 17.
2935 4620 3134 4658 ακουο-

559 4700 690 4746 μενα
715 4686 782 4738 Α2
816 4683 877 4736 in
913 4700 1089 4752 marg.
1117 4683 1173 4750 b,
1210 4699 1318 4736 om.
1349 4686 1411 4738 Α1
1446 4689 1455 4749 Ι
1492 4691 1567 4740 18.
1604 4687 1769 4754 γοῦν]
1811 4686 2189 4739 ‘Praestiterit
2219 4687 2337 4740 οὖν.
2391 4687 2531 4739 Item
2567 4704 2617 4755 p,
2649 4692 2834 4752 166,1’
2873 4687 2911 4740 b
2936 4689 2993 4742 in
3019 4705 3135 4743 var.

556 4765 676 4821 leet.
717 4771 726 4834 Ι
767 4772 1004 4834 ελληψει
1042 4770 1084 4822 Α
1118 4773 1126 4829 Ι
1157 4773 1238 4820 21.
1279 4784 1593 4836 περεταιρω
1630 4786 1732 4838 pro
1769 4771 2085 4837 περαιτέρω
2124 4772 2166 4824 Α
2199 4775 2207 4836 Ι
2239 4775 2380 4824 ὥςτε
2417 4770 2480 4834 b,
2519 4788 2597 4825 ως
2631 4789 2696 4837 γε
2734 4774 2776 4826 Α
2809 4774 2818 4840 fl
2848 4779 2932 4827 28.
2970 4775 3135 4841 παρέ-

558 4853 732 4922 πεται]
770 4852 870 4910 fol.
915 4858 1009 4907 133
1034 4871 1076 4905 r.
1110 4854 1118 4920 Ι
1150 4851 1417 4921 30.ζπρός
1454 4856 1645 4921 πρόςω
1686 4853 1995 4920 GDronke,
2035 4856 2147 4921 πρό
2186 4856 2380 4922 πρόςω
2418 4855 2508 4910 ΑΙ)
