3738 5530
650 344 1094 402 Commentarius
1123 345 1350 402 criticus
1378 348 1437 402 et
1464 346 1784 417 exegeticus
1811 346 1873 403 in
1900 346 2187 418 Apollonii
2213 345 2443 418 Dyscoli
2472 347 2683 420 scripta
2708 346 2941 405 minora.
3020 349 3142 415 101

712 518 813 591 72,
835 518 920 577 30
983 511 1151 594 (dv)
1214 511 1464 578 ἐνοεῑτο
1527 517 1738 578 Matth.
1788 517 1818 577 I
1858 519 1957 577 76.
2052 517 2187 577 Vid.
2244 521 2553 579 comment.
2602 519 2675 579 de
2721 519 2833 597 Ap.
2882 523 3141 581 consuet.

707 606 897 666 Initia
951 610 1367 681 pronominum
1426 609 1835 680 refleoeivorum
1877 609 2115 668 variata
2158 624 2553 682 personarunt
2596 612 2968 679 mutationes,
3035 614 3144 670 ter-

528 698 874 756 minationes
934 698 1121 768 flexae
1178 714 1457 770 yenerum
1511 698 1937 758 vicissitudines
1988 698 2267 758 indicant.
2358 697 2644 759 Neutrius
2691 702 2923 774 yeneris
2977 717 3145 760 accu-

526 787 702 845 sativi
748 780 1018 863 (ἐμαυτό
1055 782 1214 863 κτλ.)
1258 803 1380 846 non
1424 789 1665 858 exstant,
1712 788 1853 863 quia
1887 791 2246 862 pronomina
2288 788 2580 862 sinuatioia
2624 791 2690 848 in
2726 787 2763 850 ὃ
2801 794 2970 850 acuto
3013 794 3143 850 tono

525 880 788 936 notatum
832 878 988 936 exire
1028 893 1150 936 non
1191 876 1386 936 solent.
1476 873 1717 938 Accedit
1758 878 1929 952 quod,
1974 879 2078 937 ubi
2122 879 2492 939 accusativus
2534 880 2801 939 neutrius
2837 881 3144 940 cuiusdam

528 969 725 1034 exstat,
789 968 872 1026 ibi
935 967 1190 1027 eiusdem
1249 968 1644 1027 nominativus
1702 970 1927 1028 eoeswre
1978 967 2121 1028 solet
2130 988 2150 1036 ,·
2211 969 2267 1027 is
2320 985 2455 1028 vero
2499 969 2729 1030 admitti
2772 987 2894 1030 non
2927 973 3143 1045 potest.-

529 1059 655 1116 iure
697 1058 876 1131 ἱρέων
919 1059 1288 1117 aecusativus
1331 1074 1553 1131 quoque
1595 1073 1948 1133 simpressus
1991 1061 2075 1118 est
2124 1057 2481 1132 73,1—17.

706 1165 808 1239 73,
829 1165 866 1223 2
914 1160 991 1223 τὸ
1019 1161 1093 1223 δὲ
1120 1159 1305 1225 τέλος
1333 1165 1455 1224 scil.
1485 1163 1779 1236 κινοῦςιν,
1827 1158 1939 1225 ὅτε
1976 1160 2167 1235 γένος
2203 1166 2325 1225 scil.
2356 1164 2740 1240 παριςτᾶςιν.
2824 1166 2921 1225 Ad
2954 1170 3009 1243 7,
3035 1169 3134 1227 28.

706 1255 806 1328 73,
827 1255 864 1312 6
914 1256 1165 1331 apparet
1209 1254 1505 1331 simplicis.
1548 1253 1836 1332 distingui
1884 1273 1921 1313 a
1965 1256 2306 1330 compositis
2355 1245 2550 1335 (velut
2595 1250 2781 1326 καθό;
2840 1255 2913 1314 de
2969 1250 3057 1317 εἰς
3097 1252 3136 1317 ὅ

523 1342 759 1403 dubitat
803 1342 915 1420 Ap.
959 1365 975 1418 3
1019 1342 1269 1421 simplex
1315 1346 1531 1418 autem,
1577 1342 1680 1402 ubi
1725 1345 2053 1421 composito
2099 1346 2438 1420 opponitur,
2486 1339 2738 1406 ἁπλοῦν
2785 1347 2876 1405 est
2921 1346 3017 1405 vel
3064 1341 3136 1405 ἕν

523 1425 715 1513 (pron.
759 1434 859 1507 73,
881 1335 950 1513 93
998 1432 1093 1492 vel
1139 1427 1392 1495 ἁπλοῦν
1438 1430 1512 1493 ἓν
1558 1429 1751 1508 μέρος
1797 1429 1996 1505 λόγος
2043 1425 2226 1515 (synt.
2269 1435 2372 1509 53,
2394 1425 2524 1516 23).
2617 1432 2781 1503 Quae
2838 1437 3136 1512 oppositio

520 1522 791 1603 flagitare
828 1521 1079 1596 videtur,
1114 1525 1184 1581 ut
1221 1517 1292 1583 ἐν
1329 1517 1509 1601 (ἑνὶ)
1545 1519 1719 1598 μέρει
1756 1519 1960 1594 λόγου
1998 1522 2308 1598 scribatur,
2345 1542 2482 1598 non,
2519 1526 2589 1583 ut
2628 1524 2821 1584 voluit
2846 1523 2887 1583 J
2888 1522 3135 1585 Gutten·

519 1615 643 1690 teg,
690 1607 762 1673 ἐν
807 1605 1073 1692 (ἄλλῳ)
1119 1629 1176 1688 μ.
1216 1611 1270 1673 λ.

700 1702 862 1777 73,s
909 1702 981 1762 of.
1030 1700 1174 1762 Ahr.
1220 1701 1383 1762 dian
1431 1702 1463 1761 1
1505 1703 1604 1776 18,
1628 1702 1728 1762 33.

700 1793 860 1866 7:3‚9
908 1791 980 1851 of.
1021 1791 1152 1852 adv.
1196 1793 1341 1865 198,
1364 1792 1463 1850 25.

698 1882 800 1956 73,
824 1883 906 1941 10
952 1880 1023 1941 «10
1071 1874 1200 1942 εἰεὸ
1245 1901 1300 1941 v.
1340 1880 1472 1942 adn.
1513 1881 1590 1941 ad
1636 1880 2049 1954 adv.198,21
2084 1898 2203 1957 sq.;
2245 1881 2399 1957 synt.
2433 1876 3134 1964 332‚18—334‚26.*)

515 1970 699 2032 Lehrs
745 1962 959 2030 Arist-²
1006 1971 1151 2030 322.

698 2061 904 2137 73,1o
970 2054 1136 2121 ‘aber
1198 2077 1368 2119 wenn
1425 2059 1575 2120 auch
1629 2059 1818 2121 dieses
1884 2052 2034 2141 (scil.
2086 2050 2276 2140 αὐτό)
2343 2059 2432 2120 als
2488 2060 2736 2136 simplex
2793 2060 3133 2123 vorhanden

515 2153 598 2210 ist
600 2144 646 2187 ’·
693 2153 897 2226 itaque
943 2145 1020 2210 τὸ
1065 2149 1444 2210 inserendum
1488 2167 1613 2211 csse
1658 2168 1775 2208 non
1824 2149 2014 2209 credo.

696 2258 902 2331 73,13
951 2252 1240 2328 εὐλόγως
1287 2251 1569 2335 ἐςιγήθη]
1615 2259 1798 2334 negat
1842 2256 1954 2316 hoc
2000 2256 2245 2316 Kiihner
2290 2276 2375 2334 gr
2425 2255 2522 2316 Gr.
2572 2256 2602 2316 Ι
2639 2258 2790 2332 461,
2811 2259 2869 2318 3

693 2347 1637 2423 Quootiaonininitioconmositi
1692 2364 1763 2406 ea
1814 2347 2037 2419 forma,
2100 2363 2221 2419 qua
2274 2348 2603 2420 compositio
2654 2347 2818 2419 facta
2872 2352 2978 2417 est,
3015 2367 3132 2424 per

513 2453 708 2497 omnes
752 2453 926 2497 casus
969 2439 1255 2504 servatur,
1301 2438 1520 2495 mirum
1561 2452 1681 2494 non
1727 2439 1810 2495 est
1852 2436 1929 2494 ab
1976 2429 2321 2508 έμωυτοῦ
2358 2436 2698 2495 descendere
2733 2440 3133 2498 accusativum

514 2522 883 2601 ἐμωυτόνς
928 2543 1127 2601 neque,
1172 2527 1228 2585 si
1262 2542 1395 2586 cum
1428 2542 1543 2585 sua
1578 2526 1820 2599 quisque
1854 2540 2030 2584 casus
2062 2525 2259 2597 foma
2298 2527 2644 2599 conopositus
2680 2530 2838 2594 esset,
2888 2522 3127 2601 ἐμωυ-

511 2612 647 2677 τόν
691 2617 1013 2691 quidquam
1055 2617 1392 2690 offensionis
1434 2614 1682 2683 haberet,
1729 2616 1873 2690 quia
1917 2610 1961 2673 ἆ
1995 2615 2185 2675 ionico
2223 2630 2382 2673 more
2432 2616 2501 2673 in
2553 2611 2609 2674 ἰῦ
2663 2618 3133 2691 transirepotest

515 2708 616 2783 74
600 2706 856 2872 374Ῠ4
918 2798 1059 2874 post
1101 2790 1306 2857 Ἴωςιν
1358 2794 1729 2856 intercidisse
1783 2790 1874 2855 ὡς
1926 2796 2055 2854 veri
2108 2793 2481 2854 simillimum
2527 2797 2644 2869 est3
2706 2798 2845 2872 post
2890 2792 2979 2857 ὡς
3026 2794 3127 2858 καὶ

510 2882 659 2962 παρ’
703 2882 853 2962 ἡμῖν
890 2886 1065 2946 facile
1101 2885 1456 2946 subauditur
1491 2880 1567 2945 τὸ
1607 2880 1904 2959 ἐμαυτοῦ.
1941 2915 2029 2926 -
2076 2878 2401 2958 Ἐμωυτοῦ
2437 2887 2756 2962 scripserat
2794 2885 3126 2948 Zenodotus

508 2976 565 3035 A
604 2978 726 3036 271
779 2995 834 3036 v.
881 2976 1059 3037 schol.
1106 2974 1164 3035 A
1209 2974 1287 3035 sd
1331 2975 1386 3033 h.
1425 2975 1462 3034 1.

692 3069 728 3125 7
734 3068 795 3141 4,
815 3066 854 3125 8
901 3061 1065 3126 κατὰ
1108 3059 1374 3144 πτῶςιν]
1424 3084 1476 3124 v.
1525 3065 1977 3125 enarrationem.

689 3157 790 3230 74,
811 3156 850 3213 8
897 3155 1073 3216 modo
1119 3149 1313 3216 οὐδὲν
1359 3151 1631 3223 κωλῦον,
1677 3152 1852 3214 modo
1901 3148 2095 3213 οὐδὲν
2142 3148 2217 3212 τὸ
2264 3150 2520 3214 κωλῦον
2567 3152 2714 3213 dicit
2757 3154 2890 3231 Ap.‚
2953 3150 3120 3215 ἐςτίν

507 3244 604 3304 vel
649 3240 731 3319 ἦν
776 3244 951 3305 modo
997 3243 1220 3317 addite,
1264 3242 1440 3303 modo
1486 3245 1718 3302 omisso.
1797 3262 1851 3301 v.
1900 3243 2209 3302 comment.
2259 3241 2332 3300 de
2379 3241 2492 3319 Ap.
2541 3246 2800 3302 consuet.

688 3336 789 3409 74,
811 3336 847 3394 9
897 3329 1179 3407 αὐθαδής
1220 3327 1540 3412 αὐτώδης]
1587 3331 1840 3408 Hesych.
1881 3325 2199 3405 αὐτώδης·
2256 3326 2625 3406 ὑπέρφρων.
2692 3327 3115 3408 ἰδιογνώμων.

683 3424 969 3500 Reliquse
1016 3424 1241 3484 formae
1286 3423 1548 3501 genetivi
1593 3423 1742 3500 sing.
1790 3422 2019 3498 primae
2064 3438 2215 3497 pers.
2268 3422 2371 3495 74,
2395 3422 2674 3480 10—18.

684 3509 944 3587 Ἐμοῦς
1001 3515 1198 3587 forma
1240 3512 1636 3586 Syramtsanis
1691 3514 1742 3571 et
1785 3510 2022 3570 Boeotis
2065 3512 2285 3569 usitata
2328 3511 2679 3584 quibusdam
2712 3512 2948 3586 plenior
2993 3516 3124 3573 visa

507 3607 590 3662 est
632 3621 811 3677 quam
856 3599 1065 3677 ἐμοῦ,
1111 3603 1264 3677 quod
1307 3602 1624 3669 nominum,
1671 3616 1920 3675 quorum
1953 3601 2095 3672 sinis
2130 3596 2185 3658 ὦ
2225 3604 2323 3668 est,
2364 3602 2664 3673 yenetivus
2706 3602 2773 3659 in
2810 3598 2924 3661 ὂῖῖς
2968 3605 3124 3663 exire

504 3693 656 3751 solet.
750 3691 865 3751 Sed
911 3691 1205 3750 falluntur
1248 3692 1366 3765 illi,
1422 3710 1563 3749 nam
1615 3690 1683 3763 a)
1729 3690 1823 3748 lex
1863 3689 1973 3748 itta
2014 3691 2083 3747 in
2125 3689 2351 3748 Doride
2397 3681 2716 3770 (severiore
2761 3690 2904 3749 Ahr.
2954 3691 3119 3751 disll.

506 3774 931 3863 11238)non
973 3781 1140 3841 valet.
1232 3776 3124 3855 b)Fomaeonminoabnomess1mt;namne†quidem

504 3871 711 3939 littera,
760 3888 909 3945 quae
951 3873 1018 3930 in
1063 3865 1210 3942 ἐγώ
1259 3873 1355 3938 est,
1401 3872 1468 3928 in
1509 3863 1736 3943 ἐμοῦ(
1772 3871 2035 3972 apparet.
2111 3866 2167 3941 c)
2204 3867 2412 3927 Etiam
2446 3868 2735 3928 secundae
2758 3886 2919 3943 pers.
2953 3887 3120 3943 yene-

505 3963 658 4020 tivus
699 3963 766 4020 in
809 3974 924 4021 ους
971 3963 1101 4028 exit,
1149 3977 1280 4019 cum
1321 3960 1717 4019 nominativus
1761 3952 1847 4018 τύ
1892 3959 1983 4017 sit.
2075 3955 2143 4030 d)
2188 3954 2428 4017 Accedit
2484 3959 2638 4063 quod
2679 3975 2800 4017 non
2844 3959 2952 4018 ula
2995 3977 3120 4019 una

501 4053 698 4125 foma
740 4053 988 4110 utuntur
1030 4050 1348 4110 Dorienses
1396 4049 1796 4123 74,10-18.

685 4159 787 4232 74,
811 4158 893 4217 10
937 4151 1189 4236 Ἐμοῦς]
1235 4155 1457 4215 Ahr.1
1498 4156 1640 4215 207.
1688 4155 1750 4213 Π
1790 4155 1947 4228 249ς
1992 4154 2126 4214 Mei.
2173 4154 2206 4213 I
2245 4156 2388 4213 247.
2432 4155 2576 4213 273.
2669 4153 2850 4215 Prisc.
2897 4155 3047 4215 XIII
3077 4157 3116 4215 4

503 4267 558 4324 p.
602 4249 659 4322 2,
681 4248 759 4305 31
813 4240 998 4323 ‘apud
1043 4247 1180 4306 illos
1228 4236 1539 4326 (Graecos)
1587 4246 1746 4303 enim
1792 4239 1950 4318 ἐμοῦ
1998 4246 2060 4303 et
2104 4237 2297 4319 ἐμοῦ(
2334 4243 2549 4303 Dorice
2595 4246 2657 4303 et
2702 4243 2815 4305 ςοῦ
2862 4249 2925 4304 et
2970 4245 3118 4307 ςοῦς

505 4329 721 4418 (τεοῦς
766 4328 941 4417 Ahr.)
990 4338 1051 4395 et
1095 4330 1175 4396 οὗ
1221 4338 1284 4394 et
1327 4328 1441 4395 οὖς
1486 4334 1604 4393 dici
1649 4327 1841 4393 solet'.

685 4427 787 4501 74,
811 4426 891 4484 12
940 4423 1389 4499 κατωρθῶςθαι
1435 4423 1585 4482 nihil
1632 4425 1722 4483 est
1765 4424 1883 4483 nisi
1928 4416 2258 4493 ἀνάλογον
2305 4416 2491 4494 civem
2557 4425 2628 4482 ut
2662 4424 2744 4483 sit
2780 4417 3115 4495 ἀναλογῶ-

502 4654 608 4719 τὴν
642 4655 745 4706 τοῦ
784 4651 943 4705 δέκα
991 4647 1208 4719 (corrig.
1247 4649 1508 4718 ἕνδεκα)
1554 4649 2007 4717 ἐξαριθμούμενοι
2055 4647 2316 4714 μετέςχον
2360 4652 2463 4701 τοῦ
2502 4649 2777 4702 καλεῖςθαι
2814 4649 3115 4705 ἑνδέκατοι

505 4755 570 4763 -
608 4721 688 4775 Ib.
723 4726 842 4788 183,
858 4726 889 4774 9
930 4722 1042 4786 εἴγε
1079 4722 1373 4788 οὐδέτερος
1407 4725 1525 4775 τῶν
1560 4723 1746 4776 τόνων
1782 4722 1958 4787 αὐτῆς
1994 4720 2395 4787 παρεδέχετο
2434 4718 2632 4787 corrig.
2673 4720 2787 4784 εἴγε
2821 4721 3116 4789 οὐδέτερος

501 4800 619 4850 τῶν
653 4795 840 4849 τόνων
876 4794 1019 4862 αὐτῇ
1057 4792 1426 4860 παρείπετο.

679 4864 730 4923 *)
778 4865 921 4934 synt.
963 4869 1087 4931 333,
1105 4869 1138 4917 2
1176 4866 1208 4918 ό
1255 4864 1455 4932 χρόνος
1493 4866 1525 4918 ό
1563 4865 1653 4918 ἐπὶ
1687 4865 1767 4919 τὸ
1803 4866 1988 4919 τέλος
2036 4861 2413 4931 (scribendum
2458 4867 2577 4917 τοῦ
2623 4864 2876 4931 τέλους)
2927 4867 3116 4934 μετῄει

504 4938 592 4992 ἐπὶ
626 4938 694 4992 τὸ
732 4938 921 5005 ἄρχον.
970 4967 1037 4976 -
1081 4934 1223 4989 Ibid.
1264 4939 1386 5001 333,
1400 4941 1429 4988 7
1469 4936 1531 4990 ἐκ
1565 4938 1921 5003 παραθέςεως
1956 4939 2289 5003 προθετικῆς
2326 4938 2416 4989 καὶ
2452 4935 2717 5002 ἀρθρικῆς
2755 4934 3112 5006 [ςυντάξεως]

502 5009 885 5077 παρυφίςτατο
923 5010 1149 5075 χρονικὴ
1189 5009 1453 5062 ςύνταξις.
