3738 5530
1481 389 1580 441 DE
1620 383 2085 440 EXPLETIVIS.
2949 375 3070 442 257

386 619 437 658 10
489 603 750 683 ςπᾶται,
809 599 847 664 ὃ
891 601 962 664 δὲ
1009 597 1322 662 ὀξύνεται.
1400 594 1553 675 φηςὶ
1596 595 1666 657 δὲ
1712 592 1811 656 καὶ
1855 590 1894 656 6
1941 591 2227 671 Τρύφων
2275 587 2364 671 (p.
2410 588 2496 649 44
2543 584 2815 666 Velsen)
2864 585 2952 649 ὡς
2996 586 3076 649 τὰ

489 704 562 769 ἐν
606 702 795 783 πάθει
849 700 1157 779 γινόμενα
1202 696 1521 763 οὐδέποτε
1566 694 1949 774 παράλληλα
2000 693 2232 757 τίθεται
2277 694 2414 756 τοῖς
2460 687 2873 770 ὁλοκλήροις,
2913 689 3079 762 .γαῖα

492 804 604 871 αἶα
618 854 637 888 ,
683 803 791 889 μία
831 802 931 880 ἴα,
977 805 1084 868 ςῢς
1129 798 1220 865 ὗς.
1299 798 1400 863 καὶ
1442 800 1606 862 κατὰ
1646 801 1842 861 τοῦτο
1892 794 2013 860 οὖν
2057 796 2132 859 τὸ
2293 830 2300 837 ·

967 903 1006 982 ἦ
1052 904 1129 981 δὴ
1173 901 1428 966 πολλὸν
1473 898 1915 978 ἀποιχομένου
1960 897 2268 976 Ὀδυςῆος
2324 897 2392 977 (α
2435 895 2591 978 253)

391 1025 440 1064 1⁵
493 1009 611 1075 οὐκ
657 1009 727 1073 ἐν
774 1004 1240 1084 ἐπαλληλότητι
1285 1003 1416 1082 ἔχει
1459 1002 1575 1068 ἕνα
1617 1001 1967 1080 ςύνδεςμον
1998 1000 2114 1064 τὸν
2145 999 2241 1077 δή.
2302 995 2381 1080 <ὁ
2414 999 2533 1080 bh>
2565 997 2781 1077 μόνως
2811 995 3083 1060 ἐπεκτεί-
3119 1007 3152 1055 5

491 1132 669 1177 νεται
713 1110 783 1174 ἐν
826 1114 920 1191 τῷ
965 1111 1141 1185 δῆτα.
2438 1107 2445 1112 ”

662 1212 850 1290 Θήν,
921 1209 1045 1290 ῥά,
1112 1209 1235 1284 νύ,
1304 1207 1476 1272 πού.
1555 1205 1807 1285 Εἴρηται
1864 1204 1956 1270 ὡς
2010 1202 2453 1285 ἰςοδυναμοῦςι
2509 1209 2600 1287 τῷ
2659 1205 2769 1285 δή,
2839 1203 2939 1267 καὶ
2995 1202 3085 1268 ὡς
3153 1259 3161 1266 .

496 1318 746 1394 μᾶλλον
788 1312 1125 1393 ποιητικοί.
1184 1313 1296 1387 τῆς
1341 1310 1560 1388 μέντοι
1603 1307 1954 1374 ςυντάξεως
2001 1307 2325 1387 διαφορὰν
2372 1306 2644 1386 ἔχουςιν.
2719 1305 2757 1370 6
2803 1308 2924 1389 μὲν
2962 1306 3085 1383 γὰρ

495 1418 572 1495 δή
632 1417 737 1481 καὶ
802 1416 841 1494 ἤ
897 1414 1000 1479 καὶ
1066 1411 1148 1477 αὖ
1214 1411 1607 1493 άνέγκλιτοι,
1675 1408 1713 1473 6
1781 1410 1852 1472 δὲ
1920 1408 2038 1487 θήν
2106 1409 2210 1472 καὶ
2274 1407 2354 1474 νύ
2421 1409 2521 1474 καὶ
2588 1408 2669 1487 ῥά
2734 1408 3083 1485 ἐγκλιτικοί.

393 1533 445 1573 20
499 1518 739 1599 εἴρηται
804 1519 876 1582 δὲ
940 1516 1041 1580 καὶ
1103 1515 1250 1592 περὶ
1312 1518 1429 1578 τοῦ
1495 1511 1627 1576 πού
1694 1511 1784 1575 ὡς
1850 1510 1969 1576 οὐκ
2035 1509 2131 1588 εἴη
2196 1510 2570 1593 ςύνδεςμος,
2636 1510 2950 1592 ἐπίρρημα
3013 1511 3085 1574 δὲ
3128 1522 3189 1571 10

494 1620 838 1699 παρέλκον.
2322 1625 2328 1632 ’

663 1721 845 1800 Πέρ.
923 1719 1173 1799 Εἴρηται
1216 1719 1320 1783 καὶ
1362 1717 1525 1797 ὑπὲρ
1568 1716 1838 1800 τούτου,
1900 1717 1990 1782 ὡς
2034 1716 2566 1797 ἐναντιωματικός
2595 1716 2768 1792 ,ἐςτι.
2838 1718 2940 1781 διὸ
2986 1716 3089 1782 καὶ

496 1830 692 1890 τοῦτο
736 1823 1135 1903 προςτιθέαςι
1179 1822 1282 1886 καὶ
1334 1820 1410 1885 τὸ
1455 1819 1658 1900 ἔμπης
1711 1820 1813 1882 καὶ
1866 1820 1943 1884 τὸ
1999 1817 2192 1898 ὅμως.
2266 1820 2416 1885 κατ’
2466 1819 2607 1898 ’ίςην
2650 1821 2774 1899 γὰρ
2819 1819 3087 1898 δύναμιν

499 1924 580 1991 τὰ
622 1925 812 2004 μόρια
856 1923 1269 2006 λαμβάνεται,
1314 1922 1646 2000 ποιητικὸν
1692 1921 1912 2000 μέντοι
1955 1921 2031 1985 τὸ
2077 1920 2279 2001 ἔμπης
2322 1923 2425 1986 καὶ
2469 1920 2732 2001 ςύνηθες
2774 1923 2850 1986 τὸ
2898 1919 3086 2001 ὅμως.

394 2041 446 2081 2⁵
505 2027 887 2107 λαμβάνεται
932 2027 1148 2106 μέντοι
1190 2025 1267 2089 τὸ
1312 2024 1513 2103 ἔμπης
1558 2023 1661 2087 καὶ
1705 2021 1966 2087 ἐπὶ-τοῦ
2013 2022 2283 2103 ὁμοίως,
2331 2023 2422 2088 ὡς
2466 2023 2571 2087 ἐπὶ
2613 2027 2730 2088 τοῦ
3133 2026 3192 2073 ¹5

757 2128 958 2207 ἔμπης
1004 2148 1111 2207 μοι
1152 2130 1365 2205 τοῖχοι
1409 2125 1705 2205 μεγάρων
1748 2125 1937 2189 καλαί
1980 2144 2047 2190 τε
2095 2124 2396 2205 μεςόδμαι
2439 2122 2503 2207 (τ
2545 2123 2686 2210 37),

756 2230 958 2309 ἔμπης
1002 2228 1068 2293 ἐς
1111 2228 1303 2306 γαῖάν
1346 2248 1416 2292 τε
1460 2227 1562 2292 καὶ
1606 2226 1895 2306 οὐρανὸν
1938 2225 2101 2291 ἵκετ’
2145 2226 2346 2305 ἀυτμή
2393 2227 2478 2309 (Ξ
2528 2226 2696 2311 174).

672 2318 1000 2397 Ουκοιῖν.
1067 2328 1145 2395 Ὃ
1194 2329 1436 2395 οὐκοῦν
1481 2331 1762 2393 καλεῖται
1806 2328 1979 2407 πρὸς
2017 2328 2207 2395 ἐνίων
2254 2329 2727 2406 ἐπιλογιςτικός,
2772 2331 2937 2409 πρὸς
2983 2330 3092 2412 (δ’

396 2449 449 2488 ³0
505 2434 788 2517 ἑτέρων>
834 2431 1485 2514 ἀνακεφαλαιωτικός,
1531 2429 1775 2514 <καθ>ὸ
1822 2429 1926 2494 ἐπὶ
1968 2435 2083 2495 τοῦ
2128 2430 2355 2496 τέλους
2383 2431 2555 2510 ἔχων
2586 2433 2704 2510 τὴν
2736 2432 3092 2514 <περιςπω-

504 2535 743 2617 μένην)
791 2534 871 2598 οὐ
918 2534 1162 2614 μακρὰν
1206 2534 1501 2598 πέπτωκε
1547 2539 1679 2598 τῶν
1725 2532 2142 2611 καλουμένων
2174 2528 2687 2608 ςυλλογιςτικῶν.
2719 2568 2801 2581 --
2848 2534 2975 2599 ἔςτι
3018 2554 3091 2609 γε
3129 2547 3196 2595 20

505 2637 616 2700 ἐπ’
660 2636 861 2701 αὐτοῦ
904 2641 1099 2702 τοῦτο
1144 2638 1424 2717 τηρῆςαι,
1471 2634 1561 2699 ὡς
1606 2634 1712 2698 ὅτε
1758 2635 1874 2714 μὲν
1920 2633 2051 2713 ἔχει
2094 2635 2211 2713 τὴν
2257 2633 2338 2699 οὔ
2369 2633 2703 2716 άπάφαςιν
2726 2635 3093 2716 ἐγκειμένην

370 2750 472 2802 526
508 2738 612 2803 καὶ
655 2738 816 2803 κατὰ
868 2739 945 2803 τὸ
990 2738 1425 2817 δηλούμενον,
1487 2737 2129 2821 παραπληρωματικῷ
2173 2737 2467 2816 κέχρηται
2510 2744 2602 2822 τῷ
2649 2737 2801 2805 οὖν·
2860 2738 2969 2804 ὅτε
3023 2741 3094 2804 δὲ

507 2841 585 2905 τὸ
632 2839 751 2905 οὖν
804 2840 934 2920 ἔχει
975 2842 1079 2905 καὶ
1116 2841 1188 2905 ἐν
1230 2838 1631 2922 δηλουμένῳ,
1679 2838 1894 2903 οὐκέτι
1920 2840 2037 2917 τὴν
2070 2838 2150 2903 οὔ
2181 2837 2507 2920 ἀπόφαςιν
2549 2840 2709 2920 ἔχει·
2761 2845 2951 2922 παρὰ·
2979 2845 3094 2922 μὲν

514 2941 635 3007 οὖν
693 2944 810 3021 τὴν
857 2941 1256 3022 ἐπικράτειαν
1311 2946 1428 3006 τοῦ
1485 2941 1913 3021 ἐπιρρήματος
1958 2943 2070 3022 καὶΔ
2102 2941 2141 3018 ἢ
2189 2944 2409 3022 βαρεῖα
2453 2945 2612 3009 κατὰ
2654 2944 2840 3008 τέλος
2884 2945 3095 3010 πίπτει

427 3060 453 3099 5
512 3041 868 3125 (ἀπειράκις
932 3045 1056 3124 γὰρ
1109 3045 1345 3109 τίθεται
1410 3042 1554 3143 ἀντζι
1604 3045 1717 3120 τῆς
1774 3041 1853 3106 οὔ
1911 3042 2363 3128 ἀποφάςεως)·
2427 3046 2604 3124 παρὰ
2667 3047 2737 3110 δὲ
2803 3048 2919 3125 τὴν
2976 3053 3092 3112 τοῦ
3107 3034 3197 3118 ’25

641 3246 858 3301 Anava.
931 3252 959 3300 7
1006 3244 1127 3299 Hae
1174 3245 1484 3314 particulae
1532 3243 1772 3298 eandem
1818 3244 1933 3299 vim
1977 3247 2150 3313 atquo
2195 3247 2264 3313 δή
2311 3244 2552 3313 habent,
2598 3247 2694 3301 sed
2731 3249 2862 3301 sunt
2904 3250 3097 3318 possta-

507 3346 650 3383 rum.
707 3361 773 3371 --
831 3336 893 3385 18
941 3320 1172 3386 onoffii
1217 3329 1316 3383 ubi
1361 3346 1472 3385 non
1529 3328 1710 3383 solum
1756 3344 1977 3392 vocem,
2038 3329 2137 3383 sed
2185 3329 2356 3383 etiam
2400 3331 2691 3385 notionem
2736 3333 2987 3387 continet
3029 3335 3097 3388 οὔ

508 3415 857 3484 negationis,
903 3414 1046 3469 h'aeo
1080 3413 1396 3483 praevalet,
1440 3414 1632 3482 itaque
1687 3415 1896 3467 οὔκουν
1940 3415 2235 3483 gravatum
2279 3414 2378 3468 sed
2414 3415 2511 3469 ubi
2547 3417 2649 3471 οὖν
2695 3417 3099 3472 coniunctionis

508 3502 643 3567 (non
692 3499 869 3554 solum
905 3500 1085 3555 forma
1119 3499 1239 3567 sed)
1277 3497 1449 3553 etiam
1484 3497 1640 3552 notio
1675 3497 1846 3565 inest,
1886 3499 2037 3552 recte
2074 3499 2339 3554 accentus
2374 3500 2431 3553 in
2468 3502 2571 3555 οὖν
2605 3504 2815 3556 manet.

643 3686 870 3740 Tam-m.
939 3692 1005 3739 22
1042 3685 1111 3740 of.
1144 3684 1347 3740 Herod.
1391 3684 1411 3736 1
1449 3690 1574 3750 516,
1614 3690 1678 3739 23
1713 3682 1889 3738 Lentz
1927 3677 2137 3759 ,Οὕτως
2184 3682 2249 3739 δὲ
2287 3685 2384 3740 καὶ
2422 3680 2452 3741 ὁ
2492 3676 2595 3742 οὖν
2641 3685 3099 3756 συντασσόμενος

510 3773 579 3840 τῇ
626 3763 695 3825 οὗ
740 3766 1034 3840 ἀποφάσει
1081 3766 1143 3824 ἐν
1180 3770 1260 3841 τῷ
1294 3766 1548 3835 οὕκουν,,
1582 3758 1678 3824 ὅτε
1714 3768 1824 3839 μὲν
1859 3775 2255 3839 παραπληροῖ,
2305 3765 2501 3837 &edm
2547 3766 2655 3841 τὴν
2690 3766 2761 3826 οὔ
2798 3768 3098 3842 ἀπόφασιν

509 3852 724 3911 οὔκουν
776 3850 851 3919 ὥς
907 3847 1141 3924 εὔρουν·
1197 3844 1291 3910 ὅτε
1347 3853 1410 3909 δὲ
1464 3849 1569 3924 τὴν
1624 3854 1788 3909 ἰδίαν
1841 3852 1959 3923 ἔχει
2010 3851 2288 3923 δύναμιν,
2342 3854 2638 3911 τουτέστιν
2676 3855 3102 3927 συλλογιστικός

512 3936 665 4004 ἔστι,
705 3939 987 4011 φυλάττει
1023 3937 1129 4009 τὴν
1169 3938 1331 3994 ἰδίαν
1367 3938 1838 4008 περιαπτομένην,
1875 3933 1952 4003 ὥς
1987 3942 2264 4011 χρυσοῦν,
2300 3936 2477 4004 οὕτως
2515 3942 2613 3996 καὶ
2653 3937 2888 3997 οὐκοῦν.

517 4058 917 4073 δι’-,Βο-αο--Ἠ

647 4126 834 4180 Dmcn.
873 4144 1078 4180 ecnurr.
1149 4132 1198 4180 4.
1239 4130 1475 4181 πολλων
1512 4143 1913 4193 αποιχομενων
1950 4129 2214 4195 οδυςςηος
2241 4129 2313 4195 Α,
2351 4128 2457 4182 hoc
2492 4130 2755 4196 οδυςςηος
2794 4130 2866 4183 ab
2905 4131 2968 4184 A¹
3009 4129 3103 4183 de·

511 4212 690 4267 letum
720 4216 729 4277 Ι
760 4219 807 4269 5.
843 4212 949 4265 τὸν
984 4212 1070 4279 δή.
1127 4212 1201 4279 <ὁ
1236 4213 1349 4281 δή)
1386 4210 1757 4275 RSchneider,
1793 4211 1900 4265 τὸν
1935 4212 2004 4277 δή
2041 4211 2197 4267 nulla
2219 4212 2673 4282 interpunctione
2700 4212 2792 4268 Ab
2824 4215 2833 4281 Ι
2864 4220 2913 4271 9.
2949 4215 3104 4279 ἀνέγ-

514 4302 695 4353 κλιτοι
723 4295 955 4363 ESterk,
985 4295 1389 4362 ςυνεγκλιτικοί
1418 4296 1511 4352 Ab
1540 4298 1550 4362 Ι
1581 4298 1672 4350 καὶ
1701 4297 1770 4350 νύ
1793 4295 1927 4363 (καὶ
1953 4297 2105 4365 πού>
2133 4297 2336 4350 conicit
2352 4296 2715 4352 RSchneider
2742 4301 2751 4363 Ι
2786 4305 2864 4355 10.
2890 4304 3002 4352 ποθ
3029 4299 3065 4352 b
3097 4300 3102 4359 1

519 4387 734 4436 12-13.
784 4397 887 4451 pro
924 4383 1010 4435 διὸ
1049 4383 1139 4435 καὶ
1174 4386 1349 4435 τοῦτο
1385 4379 1593 4436 conicit
1627 4383 1717 4435 καὶ
1754 4382 1841 4434 διὰ
1876 4384 2051 4435 τοῦτο
2086 4379 2317 4446 Esterk‚
2354 4383 2440 4435 διὸ
2476 4385 2569 4436 καὶ
2602 4385 2792 4452 τούτῳ
2831 4380 3054 4452 GUhlig
3090 4384 3098 4438 Ι

521 4472 598 4520 14.
645 4467 775 4520 ante
810 4483 884 4520 τα
920 4483 1083 4534 μορια
1118 4467 1188 4519 A²
1224 4464 1446 4519 addidit
1479 4480 1650 4534 supra
1681 4464 1777 4518 lin.
1814 4482 1900 4518 τω
1939 4482 2047 4532 περ
2093 4471 2105 4535 1
2153 4471 2233 4519 15.
2284 4466 2867 4535 <παρα>λαμβάνεται
2903 4467 3108 4521 conicit

519 4549 875 4605 RSehneider
908 4554 917 4617 Ι
963 4551 1042 4605 ὡς
1080 4550 1196 4618 ἐπὶ]
1239 4549 1332 4608 sol.
1372 4556 1468 4604 113
1503 4568 1555 4608 v,
1585 4553 1595 4619 Ι
1630 4555 1709 4604 16.
1745 4555 1925 4616 τοῖχοι
1958 4549 1995 4602 b
2031 4550 2090 4602 in
2128 4566 2247 4606 var.
2282 4549 2435 4617 lech,
2473 4554 2652 4618 τοιχοῑ
2687 4551 2763 4608 id.
2800 4551 2858 4605 in
2894 4552 3055 4605 textu
3096 4553 3104 4620 Ι

524 4641 601 4689 17.
639 4637 696 4690 ἐς
731 4636 897 4700 γαῖάν
932 4651 997 4689 τε
1032 4635 1087 4700 b,
1127 4651 1278 4690 εςται
1315 4649 1450 4688 αντε
1476 4636 1521 4690 Α
1552 4637 1562 4703 Ι
1597 4640 1808 4692 18-20.
1846 4634 2077 4687 lacunas
2114 4634 2362 4704 explevit
2396 4636 2449 4700 b,
2489 4637 2620 4691 ante
2655 4655 2688 4691 ο
2724 4636 2781 4689 in
2806 4638 2851 4692 A
2887 4637 3106 4690 nullum

521 4718 754 4773 lacunae
789 4718 1058 4773 indicium
1096 4721 1106 4787 Ι
1144 4725 1228 4773 21.
1261 4735 1476 4787 τιρηςαι
1514 4721 1557 4773 Α
1599 4721 1610 4783 Ι
1648 4725 1730 4777 23.
1766 4720 1959 4773 οὐκέτι
1994 4719 2032 4773 b
2067 4719 2126 4772 in
2162 4735 2278 4773 var.
2316 4719 2462 4787 leot„
2500 4721 2604 4775 οὐκ
2640 4723 2750 4789 ἔχει
2782 4720 2819 4774 b
2855 4720 2913 4774 in
2949 4723 3109 4776 textu

522 4804 580 4855 et
614 4804 656 4857 A
687 4805 943 4871 123—24.
980 4805 1133 4872 παρὰ
1170 4806 1272 4871 μὲν
1309 4805 1411 4859 οὖν
1446 4807 1554 4872 τὴν
1590 4803 1971 4872 RSchneider‚
2003 4821 2367 4871 παρητουντο
2402 4821 2466 4859 τε
2502 4824 2610 4874 την
2647 4808 2711 4873 Α,
2748 4823 3111 4876 παρῃτουντο

577 4889 936 4956 ..ετὴνὶι.

622 4982 898 5030 Apollonius
925 4984 1168 5034 Dyscolus.
1209 4984 1247 5023 1.
2642 4982 2700 5030 17
