3738 5530
615 362 737 426 132
1530 363 1709 415 ΠΕΡΙ
1745 362 2306 415 ΕΠιΡΡΗΜΑΊῺΝ.

1637 482 1680 519 p.
1707 471 1798 519 541,
1826 472 1878 510 29
1904 491 1953 499 -
1979 471 2071 520 544,
2100 476 2121 511 1
2149 473 2179 511 b

608 569 803 630 τοῦτο
860 564 924 629 αἱ
977 564 1244 630 ἐοικυῖαι
1299 564 1771 643 ἐπιρρηματικαὶ
1802 565 2145 631 ιςυντάξεις
2202 567 2651 646 ςυμφέρονται.
2720 567 2821 630 καὶ
2872 565 3031 630 κατὰ
3090 567 3206 644 τὴν
3262 579 3313 618 ³0

608 668 912 744 τοιαύτην
949 666 1074 746 ἄρα
1112 668 1400 732 ςύνταξιν
1447 668 1775 743 δέδεικται,
1823 666 1920 730 ὅτι
1966 669 2214 745 μᾶλλον
2261 667 2512 748 ῥήματά
2553 668 2697 751 ἐςτι,
2745 669 3209 745 ςυνταςςόμενα

613 768 702 832 ὼς
734 770 1016 848 ὀνόμαςι.
1049 805 1130 815 -
1174 769 1371 851 ταύτῃ
1416 770 1540 848 γάρ
1583 771 1684 833 καὶ
1725 770 1806 833 τὰ
1844 770 2259 846 προαιρετικὰ
2297 773 2432 835 τῶν
2479 769 2778 849 ῥημάτων
2811 770 3209 835 ςυντάςςεται

609 874 748 934 τοῖς
794 870 1306 950 ἀπαρεμφάτοις,
1366 871 1524 934 καθὸ
1570 873 1939 950 προαίρεςιν
1985 872 2683 949 δηλοῦνταέλλέλοιπε
2734 877 2828 954 τῷ
2874 871 3207 950 πράγματι.
3245 885 3344 933 542

550 986 582 1032 5
618 973 694 1035 τὸ
737 973 861 1049 γὰρ
906 973 1074 1036 θέλω
1120 972 1219 1035 καὶ
1262 971 1343 1034 τὰ
1387 972 1578 1051 ὅμοια
1623 973 1868 1053 ῥήματά
1914 973 2080 1038 ἐςτιν
2127 973 2508 1038 ἐλλείποντα
2550 976 2890 1054 πράγματι,
2935 973 3087 1037 ὅθεν
3133 973 3209 1036 τὸ

612 1075 842 1138 λεῖπον
885 1078 1002 1138 τοῦ
1048 1074 1420 1153 πράγματος
1466 1076 1622 1139 κατὰ
1665 1078 1778 1154 τὴν
1826 1075 1991 1141 ἰδίαν
2048 1073 2399 1153 ὀνομαςίαν
2459 1075 2985 1154 ςυνταςςόμενον,
3042 1074 3206 1139 ἀπα·-

610 1175 918 1259 ρεμφάτῳ
949 1176 1143 1240 πάλιν
1174 1181 1488 1258 προφορᾷ
1518 1177 1942 1253 ςυντάςςεται,
1985 1178 2191 1242 θέλω
2236 1177 2615 1257 γράφειν,
2662 1179 3204 1256 προαιροῦμαι
3257 1197 3283 1235 5

609 1277 1213 1353 ἀναγινώςκειν,
1261 1277 1353 1340 ὡς
1396 1282 1825 1359 προαιροῦμαι
1868 1280 1985 1356 τὴν
2019 1277 2402 1355 ἀνάγνωςιν.
2464 1278 2565 1343 καὶ
2600 1279 2797 1359 ςαφές
2838 1277 2961 1342 ἐςτι
2992 1277 3208 1361 πάλιν,

607 1378 703 1445 ὅτι
748 1378 853 1442 καὶ
895 1380 1057 1442 κατὰ
1100 1383 1295 1442 τοῦτο
1342 1379 1656 1444 δείκνυται
1698 1381 1779 1444 τά
1824 1377 2276 1462 ἀπαρέμφατα,
2323 1379 2703 1458 ὀνοματικῆς
2748 1379 3026 1458 ἐχόμενα
3068 1399 3207 1444 ςυν-

509 1495 571 1542 10
606 1479 879 1562 τάξεως,
924 1486 1015 1563 τῷ
1064 1481 1350 1546 λείποντι
1394 1480 1712 1561 πράγματι
1755 1484 1871 1561 τὴν
1918 1481 2263 1560 ὀνομαςίαν
2308 1481 2770 1563 προςδιδόντα,
2811 1482 3208 1560 βούλομαι

605 1582 990 1664 γράφειν,
1048 1582 1165 1645 κᾶν
1211 1583 1368 1661 μετὰ
1420 1580 1695 1665 ἄρθρου,
1753 1585 2270 1666 προῃρούμην
2325 1583 2413 1647 τὸ
2467 1586 2947 1663 φιλολογεῖν
3006 1582 3204 1661 ἤπερ
3260 1606 3310 1647 ιο

604 1684 690 1746 τὸ
749 1681 1147 1766 ῥᾳθυμεῖν.
1220 1685 1337 1762 τὴν
1391 1685 1697 1763 τοιαύτην
1756 1684 2046 1750 ςύνταξιν
2104 1684 2549 1764 ἀκριβέςτερον
2608 1684 2678 1749 ἐν
2733 1690 2827 1768 τῷ
2874 1685 3018 1762 περὶ
3062 1704 3206 1749 cuv·-

605 1785 845 1850 τάξεως
892 1786 1332 1864 ἀποδώςομεν.
1365 1822 1448 1832 ——
1497 1785 1606 1850 Καὶ
1651 1787 1811 1851 κατὰ
1856 1790 2050 1850 τοῦτο
2097 1785 2223 1865 ἄρα
2266 1787 2538 1869 ἐδείχθη,
2585 1784 2674 1851 ὡς
2712 1785 2829 1848 οὐκ
2861 1784 3203 1864 ἐπιρρημα-

604 1890 778 1964 τικῆς
825 1887 1180 1953 ςυντάξεως
1226 1888 1439 1965 ἔχεται
1482 1891 1563 1954 τὰ
1605 1890 2028 1970 προκείμενα,
2075 1889 2414 1969 ῥηματικῆς
2460 1889 2552 1954 δέ.

507 2003 567 2051 15
774 1989 968 2053 Ἴδιον
1027 1988 1326 2070 ῥημάτων
1373 1990 1499 2055 ἐςτὶ
1540 1992 1616 2055 τὸ
1662 1990 1733 2055 ἐν
1779 1992 2213 2074 παρῳχημένῃ
2259 1995 2601 2072 προφορᾷ,
2658 1988 2712 2053 εί
2766 1988 2897 2051 ἀπὸ
2942 1994 3199 2067 ςυμφώ-
3256 2012 3305 2050 15

606 2109 744 2154 νων
810 2089 1105 2170 ἄρχοιτο,
1172 2093 1248 2157 τὸ
1298 2095 1335 2155 ἓ
1388 2093 1902 2171 προςλαμβάνειν
1958 2091 2214 2158 ἔξωθεν.
2299 2094 2402 2155 καὶ
2458 2091 2578 2156 οὐκ
2622 2090 2803 2173 ἄλλῳ
2870 2111 2963 2174 τῳ
3029 2090 3203 2168 μέρει

606 2191 811 2267 λόγου
855 2195 1052 2256 τοῦτο
1097 2194 1550 2272 παρεπόμενόν
1596 2194 1739 2257 ἐςτι.
1803 2198 1943 2258 πῶς
1991 2192 2110 2257 οὖν
2154 2193 2273 2257 κᾶν
2316 2193 2463 2257 κατ’
2507 2194 2730 2268 ὀλίγον
2767 2186 2859 2256 τις
2904 2192 3216 2257 διςτάςειε-

602 2293 679 2356 τὸ
738 2296 837 2358 δεῖ
880 2292 979 2358 ὅτι
1036 2293 1202 2372 ῥῆμά
1257 2293 1414 2372 ἐςτι“,
1471 2297 1575 2359 καὶ
1617 2294 1826 2360 οὕτως
1891 2295 2052 2359 ὥςτε
2108 2296 2185 2360 τὸ
2232 2294 2701 2372 ςυγκεχυμένον
2753 2297 2887 2358 τῶν
2942 2293 3202 2371 χρόνων
3295 2374 3298 2377 ¹

604 2395 1023 2467 διαςτέλλειν;
1079 2396 1429 2461 ἐνεςτῶτος
1472 2397 1598 2473 γὰρ
1641 2398 1885 2476 χρόνου
1928 2397 2257 2475 γενήςεται
2300 2396 2376 2461 τὸ
2424 2399 2544 2460 δεῖ
2596 2394 2970 2475 γράφειν,
3030 2395 3201 2471 λέγω
3255 2417 3306 2458 ιιο

502 2512 570 2560 20
603 2498 680 2559 τὸ
725 2499 1029 2576 γράφειν·
1087 2502 1519 2575 παρατατικοῦ
1565 2499 1638 2561 δὲ
1680 2500 1754 2561 τὸ
1800 2498 1963 2563 ἔδει
2005 2499 2380 2578 γράφειν,
2428 2498 2797 2578 προςλαβὸν
2844 2497 3080 2562 ἔξωθεν
3125 2499 3202 2561 τὸ

605 2600 670 2681 ἒ,
727 2598 890 2677 ὅπερ
935 2596 1104 2664 ἴδιον
1163 2598 1468 2679 ῥήματος,
1532 2600 1623 2664 ὡς
1667 2599 1721 2664 εἰ
1764 2601 1867 2663 καὶ
1925 2601 2002 2665 τὸ
2061 2601 2261 2664 θέλω
2318 2600 2654 2680 γράφειν
2700 2598 2796 2677 εἴη
2854 2598 3203 2663 ἐνεςτῶτος

604 2702 710 2765 διὰ
765 2701 842 2764 τὸ
898 2702 1101 2785 θέλω,
1155 2704 1588 2782 παρατατικοῦ
1644 2703 1716 2767 δὲ
1770 2701 1841 2768 ἐν
1886 2709 1979 2788 τῷ
2026 2703 2313 2768 ἔθελον
2373 2701 2729 2782 γράφειν.
2804 2701 2878 2764 τὸ
2925 2700 2997 2764 δὲ
3041 2699 3200 2763 αὐτὸ

603 2804 1061 2883 παρεπόμενόν
1106 2803 1231 2868 ἐςτι
1277 2806 1381 2867 καὶ
1421 2811 1512 2887 τῷ
1558 2805 1695 2882 χρή.
2626 2855 2634 2862 .
3250 2825 3304 2864 85

779 2905 892 2969 Καὶ
935 2906 1094 2969 κατὰ
1138 2906 1212 2969 τὸ
1260 2907 1461 2982 λῆγον
1507 2909 1579 2971 δὲ
1625 2905 1792 2985 ῥῆμά
1835 2906 1961 2971 ἐςτι
2005 2907 2080 2970 τὸ
2127 2909 2244 2988 δεῖ,
2290 2905 2421 2982 εἴγε
2459 2904 2840 2970 αἱτοιαῦται
2869 2903 3203 2983 προφοραὶ

504 3020 570 3069 25
606 3008 677 3072 έν
709 3007 1057 3085 ςυναιρέςει
1103 3007 1246 3088 εἰςί,
1291 3007 1518 3070 πνέει
1563 3010 1780 3084 πνεῖ,
1825 3008 1987 3086 χέει
2033 3011 2186 3091 χεῖ,
2234 3007 2395 3086 ῥέει
2441 3006 2575 3086 ῥεῖ.
2640 3008 2740 3071 καὶ
2785 3005 2995 3070 οὕτως
3040 3006 3202 3069 δέει

605 3111 707 3175 καὶ
750 3113 871 3174 δεῖ
915 3109 1015 3173 καὶ
1059 3108 1241 3173 ἔδει.
1319 3109 1474 3173 οὐδὲ
1517 3109 1640 3187 γάρ
1685 3109 1851 3174 ἔςτιν
1897 3108 2223 3185 ἐπινοῆςαι
2269 3108 2581 3189 ἐπίρρημα
2625 3108 2715 3172 εἰς
2759 3111 2825 3171 ἐἶ
2871 3111 3073 3185 λῆγον
3131 3107 3201 3171 ἑν

605 3217 1039 3294 περιςπαςμῷ,
1098 3211 1256 3274 κατὰ
1299 3212 1374 3273 τὸ
1421 3212 1642 3275 κοινὸν
1687 3210 1865 3293 ἔθος,
1924 3211 2028 3274 διὰ
2070 3211 2144 3274 τὸ
2189 3211 2367 3288 παρὰ
2409 3211 2729 3290 Δωριεῡςι
2773 3212 2907 3274 πεῖ
2959 3210 3108 3287 γὰρ
3160 3207 3202 3271 ἁ
3252 3230 3305 3270 so

604 3311 1001 3393 ἄςφαλτος
1048 3311 1156 3395 (fr.
1203 3309 1431 3394 Sophr.
1477 3311 1563 3374 35
1600 3310 1891 3404 ,Ahrens)
1948 3312 2071 3375 καὶ
2126 3310 2192 3375 εἷ
2245 3312 2335 3375 τὰ
2387 3318 2542 3376 τῶν
2599 3314 3044 3390 χοιραγχᾶν
3089 3308 3195 3394 (fr.

606 3412 836 3496 Sophr.
875 3413 957 3476 86
988 3411 1291 3496 Ahrens).
1335 3415 1411 3478 τὸ
1443 3415 1556 3491 μὲν
1587 3415 1711 3492 γὰρ
1742 3415 1854 3479 ςὺν
1885 3420 1977 3497 τῷ
2009 3417 2047 3483 ν
2079 3414 2434 3495 λεγόμενον
2466 3414 2659 3478 πάλιν
2692 3412 2911 3492 ἑτέρας
2942 3411 3199 3477 ἐννοίας

504 3528 570 3576 30
606 3517 759 3599 ἐςτί,
808 3516 976 3591 λέγω
1020 3515 1093 3578 τὸ
1141 3519 1341 3592 δεῖν,
1391 3516 1459 3580 ἐκ
1503 3521 1839 3596 μετοχικοῦ
1884 3521 2002 3581 τοῦ
2046 3519 2199 3581 δέον
2246 3517 2684 3599 ςυνῃρημένον
2728 3515 3203 3596 Ἀττικώτερον,
3240 3538 3338 3586 543

604 3619 762 3682 καθὸ
808 3618 909 3681 καὶ
950 3618 1026 3681 τὸ
1071 3619 1275 3683 πλέον
1321 3621 1550 3683 πλεῖν
1596 3619 1809 3699 φαςίν.
1859 3654 1941 3664 -
1998 3619 2069 3683 Ἣ
2131 3619 2347 3697 μέντοι
2404 3620 2522 3697 χρή
2577 3618 2766 3697 φωνὴ
2811 3620 2960 3698 τῇδε
3005 3615 3199 3680 πάλιν
3301 3600 3317 3614 ’

604 3720 1065 3798 καταςτήςεται.
1111 3755 1189 3765 -—
1249 3720 1325 3784 τό
1372 3721 1501 3784 δέω
1546 3721 1646 3783 καὶ
1690 3723 1766 3785 τὸ
1812 3722 1985 3800 χρέω
2033 3722 2418 3802 ςυνωνυμεῖ,
2465 3720 2584 3784 οὐκ
2628 3718 3031 3795 ἀγνοοῦντός
3075 3737 3199 3795 μου

741 3890 958 3942 Anava.
1033 3894 1095 3941 15
1141 3885 1543 3941 Firmissimum
1588 3890 1985 3958 argumentum
2032 3889 2259 3942 ducitur
2302 3903 2371 3941 ex
2424 3889 2533 3940 ἔδει
2576 3888 2747 3953 ἑχρῆν
2792 3885 3012 3949 formis;
3066 3900 3199 3937 nam

606 3977 973 4042 augmentum
1020 3972 1152 4026 solie
1196 3973 1385 4026 verbis
1428 3972 1777 4042 praefigitur,
1823 4005 1890 4014 —
1936 3979 2004 4027 24
2048 3972 2218 4026 Exitu
2255 3988 2478 4040 quoque
2524 3970 2837 4024 ostenditur
2880 3969 2983 4022 illa
3027 3969 3203 4022 verba

609 4075 755 4124 esse;
794 4061 876 4112 δεῖ
913 4057 1063 4111 enim
1099 4073 1168 4111 ex
1203 4058 1311 4111 δέει
1348 4060 1730 4124 contractum3
1772 4088 1835 4097 -
1874 4065 1935 4112 31
1976 4059 2082 4125 χρή
2122 4075 2188 4111 ex
2223 4062 2389 4125 χρῆμι
2424 4055 2586 4110 verbi
2620 4054 2794 4109 tertia
2826 4070 3067 4124 persona
3101 4068 3205 4122 per

609 4159 899 4213 apocopen
937 4144 1140 4196 ortum.

744 4294 928 4349 D1scn.
965 4315 1169 4349 sempr.
1240 4304 1287 4350 3.
1322 4312 1502 4364 ταυτη
1541 4300 1583 4351 Α
1618 4303 1625 4360 Ι
1657 4301 1704 4351 4.
1743 4295 2028 4363 προαιρες“’
2061 4299 2104 4352 Α
2136 4297 2145 4357 Ι
2176 4300 2223 4348 6.
2264 4299 2470 4362 πραγμ·
2507 4297 2549 4347 Α
2581 4297 2589 4359 Ι
2620 4298 2771 4346 6-7.
2808 4308 3201 4358 απαρεμφατω

610 4367 652 4418 Α
686 4366 696 4432 Ι
737 4370 783 4418 7.
822 4381 1089 4431 προφορα
1126 4367 1170 4419 Α
1201 4365 1210 4432 Ι
1241 4381 1578 4438 προαιρουις
1605 4367 1647 4418 Α
1689 4365 1698 4430 Ι
1741 4369 1819 4417 12.
1858 4382 1928 4419 το
1963 4368 2228 4430 ραθυμειν
2266 4363 2378 4416 alio
2415 4361 2731 4416 atramento
2768 4361 2828 4414 et
2861 4359 2990 4424 alia,
3026 4362 3093 4412 ut
3128 4358 3203 4411 vi·

611 4448 779 4503 detur
801 4465 970 4502 manu
997 4451 1167 4516 (A²?)‚
1204 4448 1265 4504 in
1301 4448 1512 4518 spatio,
1551 4448 1703 4516 quod
1729 4464 1968 4501 vacuum
2003 4448 2314 4516 reliquerat
2347 4450 2438 4512 ΑΙ,
2475 4446 2560 4500 ita
2594 4444 2876 4509 additum,
2914 4446 2981 4496 ut
3002 4443 3207 4497 lacuna

608 4533 722 4571 non
746 4519 871 4570 tota
896 4517 1191 4587 expleatur
1220 4522 1227 4581 Ι
1258 4520 1388 4586 poet
1411 4521 1667 4571 ςυνταξιν
1691 4519 1963 4585 punctum
1984 4516 2042 4568 in
2063 4519 2106 4572 Α
2137 4522 2147 4581 Ι
2183 4520 2260 4569 16.
2281 4515 2657 4583 προςλαμβαῐΐ
2699 4515 2708 4579 Ι
2746 4516 2925 4567 αλλωι
2949 4528 3034 4565 τω
3060 4526 3200 4578 μερη

608 4587 651 4640 Α
690 4591 697 4650 Ι
728 4591 804 4638 17.
830 4588 1133 4653 διαςτηςειε
1167 4603 1270 4654 pro
1298 4586 1598 4639 διαςτάςειε
1624 4589 1696 4650 Α,
1725 4586 1790 4637 ut
1816 4591 1929 4649 131,
1956 4590 1987 4638 9
2019 4588 2027 4648 Ι
2063 4589 2138 4636 18.
2166 4586 2353 4638 οὕτως
2381 4584 2433 4645 b,
2459 4599 2614 4637 ουτω
2642 4585 2685 4638 Α
2717 4583 2726 4650 Ι
2758 4583 2902 4634 ὥςτε
2928 4579 3048 4646 Ab,
3074 4577 3202 4657 οἶόν

607 4670 671 4706 τε
706 4651 1153 4706 GFSchoemann
1192 4667 1200 4716 ι
1241 4659 1323 4706 25.
1361 4670 1486 4708 πνει
1523 4669 1681 4706 πνεει
1718 4654 1761 4707 Α
1793 4654 1803 4720 Ι
1842 4657 2061 4705 25-26.
2097 4653 2209 4706 δέει
2246 4652 2360 4718 καὶ]
2401 4649 2497 4705 fol.
2535 4657 2631 4705 119
2672 4667 2748 4713 v.;
2785 4663 2888 4717 pro
2925 4648 3038 4701 δέει
3072 4649 3200 4724 ιιι.Α

608 4722 694 4774 est
727 4723 811 4774 δεῖ
843 4729 850 4784 Ι
882 4727 965 4774 26.
1001 4724 1180 4789 ληγον
1215 4721 1334 4775 fere
1371 4736 1515 4774 evan
1570 4721 1628 4773 in
1666 4723 1708 4774 Α
1743 4724 1750 4778 Ι
1782 4727 1863 4774 30.
1903 4719 1962 4772 ἰιι
2000 4722 2386 4789 ςυνῃρημένον
2422 4718 2582 4772 deest
2617 4736 2635 4772 ι
2672 4721 2713 4772 Α
2756 4724 2763 4781 Ι
2810 4715 3036 4768 litterae
3064 4732 3106 4793 ,ν
3142 4731 3200 4766 m

606 4803 745 4842 voce
781 4805 1170 4856 ςυνηρημενον
1207 4790 1267 4842 et
1298 4788 1506 4842 litteris
1541 4804 1612 4841 ατ
1648 4787 1707 4840 in
1744 4803 1882 4841 voce
1921 4804 2306 4854 αττικωτερον
2341 4785 2553 4840 lineola.
2585 4784 2905 4851 subscripta
2940 4783 3026 4836 est
3060 4799 3120 4834 m
3157 4784 3200 4837 Α

605 4856 678 4910 ab
716 4858 817 4924 Αῑ1
854 4864 935 4911 31.
978 4859 1157 4911 πλέον
1190 4857 1254 4923 b,
1294 4862 1452 4911 πλεω
1490 4858 1533 4911 Α
1566 4860 1574 4924 Ι
1606 4859 1739 4925 τηδε
1776 4857 1820 4909 Α
1852 4858 1861 4923 Ι
1893 4862 1976 4920 32.
2013 4856 2082 4910 τὸ
2120 4858 2232 4909 δέω
2271 4855 2335 4922 b,
2374 4872 2443 4909 το
2477 4857 2539 4909 δε
2575 4856 2688 4908 δεω
2728 4855 2772 4907 Α
