3738 5530
1519 371 1620 422 DE
1656 373 1892 425 ΕΚΗΤΙ
1927 374 2195 426 FORMA.
3036 377 3155 440 135

560 598 671 641 τος
729 578 799 640 δὲ
843 582 960 641 τοῦ
1006 581 1069 659 Ε,
1127 578 1229 640 καὶ
1273 576 1717 654 Ἰωνικωτερον
1765 578 2218 657 μετατεθέντος
2262 583 2379 644 τοῦ
2425 583 2466 643 ἆ
2511 578 2598 643 εἰς
2652 585 2726 660 ἦ,
2784 579 3000 644 καθότι
3055 582 3153 645 καὶ

555 680 630 743 τὸ
688 679 1022 743 διπλάςιον
1080 679 1444 761 διπλήςιον,
1501 677 1861 753 ἀναγκαίως
1908 681 2013 744 καὶ
2054 680 2133 744 τὰ
2177 685 2294 746 τοῦ
2349 680 2548 746 τόνου
2607 683 3151 765 ςυνανεβιβάζετο,

458 808 506 846 ιο
557 781 708 844 καθ’
751 781 832 845 ὃν
876 780 1123 859 τρόπον
1153 780 1256 843 καὶ
1294 778 1460 843 ἄλλα
1503 780 1712 862 μόρια,
1759 779 2148 859 ἐνδεήςαντα
2179 787 2295 847 τοῦ
2325 779 2380 866 Ε,
2425 782 2754 864 ἀνεβίβαζε
2784 784 2901 848 τὸν
2931 783 3150 866 τόνον,

557 882 900 961 δεςποςτής
975 883 1310 961 δεςπότης,
1382 880 1684 959 ἐργαςτής
1756 882 2057 967 ἐργάτης,
2124 884 2504 965 οὐταςμένοι
2575 884 2949 967 οὐτάμενοι,
3010 905 3149 950 ςυν-

557 985 974 1063 εληλαςμένοι
1033 983 1543 1063 ςυνεληλὰμενοι.
1645 982 1853 1050 αἴτιον
1908 987 2034 1065 γὰρ
2099 988 2175 1050 τὸ
2243 989 2277 1049 ἱ
2330 991 2440 1065 τῆς
2497 986 2801 1064 ὀξύτητος
2860 987 3143 1067 ἐγένετο,
3184 1010 3215 1056 5

559 1085 698 1149 ἐπεὶ
742 1089 876 1150 τοῖς
921 1084 1052 1150 ἀπὸ
1099 1084 1399 1165 ῥημάτων
1444 1089 1859 1163 παραχθεῖςιν
1907 1086 2279 1166 ἐπιρρήμαςι
2326 1089 2425 1152 καὶ
2456 1087 2875 1168 ὀξυνομένοις
2908 1089 3149 1153 ςύνεςτι

455 1218 503 1255 15
552 1190 629 1252 τὸ
686 1191 749 1270 ἰ,
798 1187 1048 1266 δωρίῑω
1097 1186 1381 1269 δωριςτί,
1437 1185 1697 1254 αἰολίΖω
1743 1187 2022 1253 αἰολιςτί.
2126 1191 2199 1254 τὸ
2257 1191 2333 1269 δὴ
2404 1190 2522 1256 οὖν
2591 1190 2796 1255 αἴτιον
2848 1193 2959 1268 τῆς
3004 1188 3147 1255 ὀξύ-

555 1311 743 1369 τητος
789 1294 825 1353 ἰ
867 1290 939 1355 ἐν
984 1289 1171 1353 πάθει
1217 1288 1659 1369 ὑπεςτέλλετο,
1707 1290 1807 1353 καὶ
1851 1289 1988 1353 ἐπεὶ
2024 1289 2236 1356 οὐκέτι
2281 1291 2509 1370 ὅμοιον
2547 1292 2792 1369 ἐγίνετο
2823 1296 2958 1358 τοῖς
2988 1315 3147 1372 προ-

555 1390 899 1473 κειμένοις,
945 1389 1032 1456 εἰς
1076 1392 1193 1457 τὸν
1239 1391 1461 1456 κοινὸν
1505 1398 1635 1455 τῶν
1682 1389 1904 1456 ἄλλων
1950 1391 2396 1472 ἐπιρρημάτων
2439 1394 2637 1459 τόνον
2683 1398 2926 1479 μετῄει,
2984 1395 3147 1483 ἅπερ

555 1492 936 1575 ἐβαρύνετο,
995 1493 1085 1559 ὡς
1128 1493 1205 1557 τὸ
1262 1492 1409 1576 ὕψι,
1468 1490 1604 1574 ἶφι,
1662 1492 1823 1557 αὖθι.
1899 1494 1974 1558 τὸ
2021 1498 2321 1560 τοιοῦτον
2381 1495 2792 1561 ἐντελέςτατα
2848 1496 3149 1561 ἐπιδεδεί-
3191 1517 3254 1568 10

451 1626 504 1665 ιο
556 1600 757 1678 ξεται,
816 1594 908 1659 ὡς
950 1598 1081 1660 πᾶν
1128 1598 1329 1674 ςχῆμα
1375 1594 1639 1677 λέξεως,
1686 1595 1800 1671 τὴν
1848 1592 2194 1674 ὁμοιότητα
2237 1603 2372 1662 τῶν
2417 1598 2857 1677 προκειμένων
2903 1599 3150 1678 μορίων

464 1774 473 1783 .
556 1697 893 1776 ἀποβαλόν
951 1695 1022 1762 ἐν
1080 1696 1295 1773 πάθει,
1355 1694 1443 1761 εἰς
1499 1696 1615 1760 τὸν
1672 1696 1872 1761 τόνον
1929 1698 2385 1777 μεταβάλλεται
2439 1699 2556 1765 τὸν
2614 1700 2976 1778 δυνάμενον
3033 1701 3149 1778 τὴν

555 1798 900 1878 ὁμοιότητα
957 1803 1072 1863 τοῦ
1116 1797 1366 1863 πάθους
1412 1798 1846 1862 ἀναδέξαςθαι.
1924 1799 2011 1863 ὥς
2066 1818 2138 1875 γε
2184 1799 2350 1865 ἔςτιν
2406 1800 2476 1865 ἐκ
2531 1804 2665 1865 τῶν
2710 1802 3150 1881 προκειμένων

553 1900 796 1978 μορίων
843 1901 1138 1964 ἐκθέςθαι.
1213 1900 1293 1964 τὰ
1338 1897 1423 1963 εἰς
1468 1904 1619 1977 ςτηέ
1677 1899 2013 1984 ῥηματικά,
2074 1901 2181 1965 ὅτε
2229 1902 2392 1966 ἐςτὶν
2439 1901 2602 1982 ὑπὲρ
2648 1904 2767 1967 δύο
2815 1903 3147 1983 ςυλλαβάς,

452 2034 503 2071 25
555 2003 879 2083 ὀξύνεται,
937 2002 1404 2079 είλαπιναςτής,
1467 2003 1786 2084 λιθαςτής,
1840 2003 2149 2080 θεριςτής·
2205 2004 2285 2067 τὰ
2340 2003 2412 2066 δὲ
2456 2004 2585 2075 διὰ
2618 2005 2823 2082 μόνου
2867 2007 2984 2068 τοῦ
3035 2010 3149 2081 της
3191 2025 3251 2072 15

554 2089 958 2184 ἐκφερόμὰα
989 2104 1144 2184 μετὰ
1177 2103 1469 2181 βραχείας
1496 2106 1607 2180 τῆς
1639 2104 2157 2182 παρεδρευούςης
2190 2105 2547 2187 βαρύνεται,
2595 2105 2861 2186 οἰκέτης,
2895 2106 3149 2187 ἀρότης,

554 2205 796 2283 ἐλάτης.
872 2206 1059 2270 ἔνθεν
1108 2206 1186 2269 ού
1233 2204 1525 2284 ςυμμένει
1569 2203 1607 2283 ἡ
1654 2204 1828 2270 ὀξεῖα
1873 2206 1980 2269 ἐπὶ
2023 2209 2142 2269 τοῦ
2188 2206 2458 2286 ἐργάτης
2502 2208 2541 2285 ἡ
2587 2208 2789 2288 (τοῦ)
2823 2208 3147 2288 ἐργαςτής,

554 2306 706 2371 ἀλλ’
749 2305 917 2371 ἅπαξ
964 2307 1045 2372 ἂν
1091 2305 1429 2390 ἀποβάλλῃ
1474 2307 1550 2371 τὸ
1596 2305 1651 2388 Ε,
1697 2305 1929 2384 ὅμοιον
1975 2307 2318 2387 γινόμενον
2362 2315 2453 2392 τῷ
2497 2310 2721 2387 ἐλάτης
2750 2311 2853 2372 καὶ
2892 2309 3148 2391 ἀρότης,

449 2438 500 2479 30
558 2410 669 2474 ςὺν
715 2407 981 2473 ἐκείνοις
1028 2409 1125 2473 καὶ
1183 2408 1536 2488 βαρύνεται.
1584 2446 1656 2454 —-
1727 2408 1838 2472 Καὶ
1887 2408 1974 2471 ὼς
2035 2409 2150 2486 μὲν
2194 2414 2507 2488 παρῆκται
2553 2400 2711 2474 κατὰ
2767 2411 2967 2487 λόγον
3012 2416 3145 2473 τῶν

553 2511 1029 2589 ἐπιρρημάτων,
1077 2511 1274 2589 ςαφὲς
1324 2509 1603 2585 ἐγένετο.
3183 2530 3249 2578 20

727 2611 1162 2676 Καταςτατέον
1210 2614 1280 2677 δὲ
1327 2613 1429 2676 καὶ
1473 2618 1614 2675 πῶς
1657 2611 1732 2674 τὸ
1778 2612 1946 2690 ἕκητι
1993 2614 2270 2690 ἐγένετο.
2339 2613 2591 2691 δόκηςιν
2636 2614 2749 2692 μὲν
2786 2613 2916 2692 ἔχει
2948 2621 3145 2690 προϋ-

551 2714 922 2793 πάρχουςαν
966 2716 1082 2778 τοῦ
1126 2714 1357 2796 ἀέκητι,
1394 2716 1559 2783 ,καθὸ
1603 2714 1681 2778 τὰ
1725 2713 1900 2779 ἁπλᾶ
1942 2716 2385 2796 προϋφέςτηκε
2429 2723 2558 2781 τῶν
2592 2716 2926 2781 ςυνθέτων.
2995 2713 3148 2779 ἀλλ’

414 2837 514 2884 546
551 2816 676 2880 ἔςτι
720 2836 793 2891 γε
839 2815 1166 2883 ἀποδεῖξαι
1211 2817 1563 2896 πάμπολλα
1606 2815 1779 2880 ἁπλᾶ
1824 2816 1955 2881 ἀπὸ
2003 2819 2324 2884 ςυνθέτων
2368 2818 2713 2895 γεγονότα,
2770 2817 2858 2881 ὡς
2903 2816 3030 2882 ἔςτι
3073 2836 3146 2891 γε

550 2918 877 2994 ἐπινοῆςαι
922 2918 1026 2980 καὶ
1069 2917 1171 2980 ἐπὶ
1214 2921 1348 2982 τῶν
1394 2919 1553 2981 κατὰ
1599 2917 1902 2996 ςύμπηξιν
1948 2920 2262 2999 ςωμάτων
2308 2920 2642 2999 ἀποβολάς
2672 2939 2869 2984 τινων
2910 2923 3141 2998 μερῶν,

548 3018 909 3096 ἁπλότητος
954 3019 1070 3097 μὲν
1115 3018 1448 3102 ἐχομένας,
1494 3019 1807 3098 δηλούςας
1854 3022 1925 3084 δὲ
1969 3023 2088 3099 τήν
2132 3041 2291 3087 ποτε
2335 3021 2692 3101 γενομένην
2739 3019 2957 3084 αὐτοῖς
2994 3021 3139 3098 ςύμ-
3179 3044 3244 3091 25

682 3203 898 3256 Anava.
981 3209 1011 3254 7
1055 3203 1212 3257 ouius
1259 3205 1549 3270 accentuS,
1594 3210 1629 3259 ’ς’
1674 3203 1882 3269 eiecta,
1937 3206 2090 3259 reete
2144 3205 2475 3270 retrahitur,
2532 3207 2600 3260 ut
2641 3205 2699 3257 in
2745 3206 3016 3272 ἐργαςτής
3063 3206 3149 3272 ἐρ-

552 3288 726 3356 γάτης
764 3287 886 3341 sim.
924 3319 987 3327 -
1029 3297 1088 3343 21
1130 3288 1314 3344 Multa
1347 3291 1537 3342 autem
1564 3289 1829 3344 videnbur
1851 3289 1954 3342 illa
1977 3290 2208 3359 quidem
2233 3290 2514 3359 simplicia.
2539 3307 2680 3356 esse,
2724 3289 2824 3344 sed
2849 3305 2960 3343 non
2986 3293 3141 3353 sunt3

680 3439 909 3500 Τεετικ.
968 3449 1034 3497 23
1071 3441 1266 3500 Choer.
1305 3441 1437 3497 Can.
1474 3447 1598 3507 435,
1637 3446 1668 3494 5
1711 3437 1792 3496 Τὸ
1831 3438 1936 3512 μὲν
1975 3438 2090 3496 ἀπὸ
2128 3440 2418 3497 συνθέτου
2455 3445 2728 3510 γίνεσθαι
2766 3436 2994 3496 ἁπλοῦν
3011 3435 3134 3497 οὐκ

549 3522 667 3579 ἔστι
704 3528 899 3594 ξένον·
940 3525 1143 3596 ἔχομεν
1182 3522 1291 3595 γὰρ
1331 3528 1498 3581 τοῦτο
1536 3526 1635 3579 καὶ
1673 3522 1767 3580 ἐπὶ
1806 3528 2069 3593 φυσικῶν
2107 3525 2483 3596 πραγμάτων,
2520 3518 2706 3593 ὥσπερ
2744 3519 2856 3581 ἀπὸ
2887 3527 3138 3595 δένδρου

548 3606 650 3665 ἕοὶν
698 3632 780 3673 τις
830 3606 1138 3683 ἀποσπάσῃ
1187 3607 1432 3680 κλάδον,
1480 3612 1703 3679 γίνεται
1751 3607 1982 3666 ἁπλοῦν
2031 3609 2145 3667 α’πό
2184 3611 2506 3675 συνθέτου,
2556 3611 2648 3665 καὶ
2701 3604 2806 3666 ἐὰν
2844 3606 2958 3666 ἀπὸ
2997 3607 3142 3678 ζῶου

547 3690 851 3766 ἀποσπάσῃ
901 3716 984 3758 τις
1030 3703 1194 3766 χεῖρα
1243 3686 1277 3764 ἢ
1323 3691 1505 3761 πόδα,
1552 3700 1774 3768 γίνεται
1822 3691 2033 3764 ὁμοίως
2079 3692 2195 3753 ἀπὸ
2234 3696 2526 3751 συνθέτου
2562 3691 2801 3762 ἁπλοῦν,
2891 3696 3006 3752 ,Καὶ
3046 3692 3139 3750 ἐπὶ

548 3780 756 3848 λέξεων
805 3780 871 3837 δὲ
921 3778 981 3836 τὸ
1030 3777 1175 3837 αὐτὸ
1226 3777 1563 3852 εὑρίσκομεν
1609 3781 1821 3853 σχῆμα·
1862 3775 1977 3836 α’πό
2023 3779 2132 3852 γὰρ
2179 3785 2282 3838 τοῦ
2329 3776 2607 3837 (εὖστοὶδα
2656 3785 2886 3850 λίμνην’
2935 3779 3140 3849 ἔχομεν

547 3862 769 3921 ἁπλοῦν
815 3863 879 3921 τὸ
919 3862 1128 3922 ‘uuida
1166 3871 1421 3936 λίμνην’,
1464 3868 1563 3923 καὶ
1609 3863 1744 3923 ἰδου
1782 3859 1900 3922 ἀπὸ
1938 3866 2226 3923 συνθέτου
2275 3865 2477 3934 λέξεως
2527 3862 2757 3934 ἕγένειο
2794 3860 2959 3934 ἁπλῆ
2988 3866 3139 3931 λέξις

547 3953 833 4019 (σημαίνει
875 3950 939 4006 δὲ
980 3950 1083 4022 τὴν
1121 3953 1306 4015 καλῶς
1346 3949 1684 4022 ἱσταμένην·
1693 3960 1708 4019 )
1748 3954 1840 4008 καὶ
1882 3949 1944 4007 τὸ
1984 3954 2244 4022 ἐἴρυσαν
2279 3944 2514 4022 ἦνορὲῃ’
2554 3945 2667 4004 απὸ
2710 3948 2810 4005 τοῦ
2849 3945 3134 4020 εὖηνορὲῃ

545 4034 773 4106 γέγονε,
829 4035 928 4091 καὶ
985 4031 1047 4091 τὸ
1104 4033 1331 4106 ’δόμοις
1389 4035 1476 4092 ἔνι
1523 4044 1872 4106 ποιητοισιν’
1921 4031 2037 4093 ἀπὸ
2085 4039 2188 4092 τοῦ
2234 4029 2594 4104 εὐποιητοισι
2639 4031 2866 4104 γέγονε·
2925 4028 2990 4089 τὸ
3026 4029 3136 4103 γὰρ

548 4120 730 4184 καλῶς
766 4116 1160 4190 πεποιημένον
1199 4122 1383 4189 δηλοι.

546 4228 707 4235 ——ae-

678 4272 875 4327 D1scn.
912 4291 1108 4327 somn.
1185 4281 1228 4328 1.
1282 4291 1385 4329 του
1430 4291 1457 4329 ς
1505 4276 1576 4343 Α,
1622 4275 1786 4345 ‚quod
1830 4274 2277 4331 GFSchoemann
2332 4291 2362 4329 e
2418 4275 2741 4329 coniectura
2792 4271 3134 4337 restitutum,

542 4363 648 4412 τοῦ
685 4376 719 4413 τ
753 4358 791 4412 b
854 4363 864 4425 1
928 4364 977 4413 2.
1015 4354 1258 4426 buo-net*
1305 4361 1347 4413 Α
1401 4361 1411 4428 Ι
1463 4366 1510 4412 3.
1546 4365 1648 4414 τοῦ
1685 4361 1749 4428 b,
1783 4378 1850 4416 το
1889 4362 1932 4415 Α
1998 4364 2007 4427 Ι
2071 4363 2396 4426 ανεβιβαζεν
2432 4361 2474 4413 Α
2541 4363 2550 4426 Ι
2615 4365 2665 4416 5.
2701 4363 2803 4425 τῆς
2841 4357 3134 4426 ὀξύτητος]

545 4443 639 4497 sol.
678 4449 778 4497 120
801 4459 944 4497 vers.
975 4444 1061 4511 19.
1098 4444 1272 4498 τόνον
1307 4443 1373 4510 b,
1409 4461 1592 4499 τοπον
1631 4447 1674 4500 Α
1705 4448 1714 4511 Ι
1760 4452 1837 4499 11.
1878 4445 2294 4514 προκειμένων]
2336 4443 2616 4498 ‘Fortasse
2653 4443 2760 4512 leg.
2800 4443 3132 4509 παρακειμέ-

545 4536 687 4582 νων’
733 4528 771 4581 b
816 4528 873 4581 in
920 4544 1035 4583 var.
1081 4526 1210 4583 lect.
1276 4530 1288 4596 1
1355 4534 1583 4583 12—13.
1630 4533 1737 4598 τὴν
1775 4531 2158 4597 ἀνομοιότητα
2194 4545 2294 4599 pro
2329 4532 2438 4597 τὴν
2475 4529 2822 4596 ὁμοιότηταῗ
2861 4524 3085 4596 GUhlig
3122 4531 3132 4591 Ι

548 4619 624 4667 13.
663 4615 742 4668 ὥς
776 4630 839 4679 γε
873 4613 939 4679 b,
979 4630 1124 4668 ωςτε
1162 4615 1204 4667 Α
1236 4616 1247 4680 1
1282 4619 1361 4668 14.
1402 4619 1534 4680 ἰῖῆς
1570 4613 1633 4680 b,
1672 4631 1773 4683 της
1811 4617 1853 4669 Α
1888 4618 1897 4683 Ι
1932 4621 2009 4670 16.
2050 4618 2461 4683 ειλαπηναςτης
2499 4615 2541 4667 Α
2573 4614 2584 4681 Ι
2618 4617 2695 4665 17.
2732 4617 2837 4666 τοῦ
2877 4611 3004 4665 add.
3048 4611 3086 4664 b
3122 4613 3130 4681 Ι

548 4703 625 4754 18.
661 4702 972 4764 αποβαλλει
1008 4704 1140 4766 (non
1178 4701 1496 4766 αποβαλλη,
1536 4699 1686 4767 quod
1722 4699 1759 4753 b
1797 4699 1994 4769 refert)
2032 4702 2105 4766 Α,
2143 4699 2398 4767 ἀποβάλῃ
2422 4698 2460 4751 b
2491 4700 2500 4764 Ι
2528 4713 2838 4763 γινομενον
2863 4699 2935 4765 Α,
2972 4699 3130 4761 γενό·

545 4800 718 4850 μενον
752 4785 789 4838 b
821 4792 832 4851 1
860 4801 927 4838 το
964 4787 1169 4852 ελατης
1195 4785 1238 4838 Α
1270 4785 1280 4851 Ι
1310 4790 1391 4836 21.
1428 4800 1736 4839 καταςτεον
1761 4785 1804 4838 Α
1836 4789 1845 4851 Ι
1877 4790 1959 4839 23.
1996 4799 2147 4838 εςτιν
2171 4784 2214 4837 Α
2245 4784 2255 4852 Ι
2287 4799 2439 4838 εςτιν
2463 4785 2506 4838 Α
2538 4784 2548 4853 Ι
2580 4790 2660 4841 24.
2686 4781 2903 4836 ‘malim
2940 4783 3055 4837 ἐπὶ’
3093 4782 3130 4835 b

543 4865 602 4919 in
641 4884 752 4921 var.
786 4868 941 4935 lect„
978 4870 1039 4921 ἐκ
1076 4868 1166 4922 ΑΙ)
1204 4867 1261 4921 in
1296 4869 1458 4922 textu
1489 4870 1499 4938 Ι
1528 4874 1610 4923 25.
1646 4876 1953 4937 γινομένην
1989 4871 2032 4924 Α
