3738 5530
654 300 1095 357 Commentarius
1123 300 1350 357 criticus
1379 302 1437 356 et
1464 299 1784 372 exegeticus
1810 300 1873 355 in
1900 299 2188 371 Apollonii
2216 298 2445 369 Dysooli
2473 300 2684 371 scripta
2710 300 2944 357 minora.
3034 301 3119 368 37

685 470 802 532 Sed
834 472 1095 547 profecto
1142 472 1314 531 etiam
1357 473 1424 531 in
1472 472 1822 545 possessivis
1866 471 2190 545 eompbures
2235 472 2435 531 tertias
2468 488 2762 546 personas
2807 489 2930 532 esse
2974 490 3122 533 eom-

498 563 749 636 probari
781 565 987 637 potest.
1077 560 1238 621 Nam
1281 563 1348 619 in
1390 561 1483 620 his
1529 555 1707 634 ἐμός
1754 556 1955 622 ἐςτιν
1989 561 2197 635 prima
2231 578 2493 635 persona
2539 552 2951 643 (possessoris)
2989 580 3119 622 oon-

507 653 774 727 imfimo·
817 669 949 712 owm
993 654 1164 711 tertia
1208 640 1537 732 (possessi),
1581 651 1648 709 im
1690 650 1783 709 his
1829 646 1954 710 ςός
2002 644 2153 710 ἐςτι
2199 651 2457 710 secunda
2502 667 2633 710 oum
2677 652 2876 721 tertia,
2919 653 2987 710 in
3029 652 3122 711 his

509 734 591 800 ὄς
640 735 790 800 ἐςτι
837 741 992 800 duae
1035 743 1235 800 tertiae
1280 743 1433 809 sumt,
1480 740 1799 813 inpburabi
1843 734 2206 814 ςφέτεροι
2252 740 2469 800 multae
2513 742 2713 801 tertiae
2760 741 2864 816 18,
2885 741 3119 801 8-13,

687 829 965 890 Hoersoh.
1015 830 1145 890 380
1210 823 1356 888 ‘Der
1402 828 1915 907 Zusammenhang
1967 829 2051 888 ist
2104 829 2199 888 ein
2256 848 2322 889 so
2369 829 2782 905 ausserlioher‚
2842 848 2907 890 so
2955 830 3120 890 ober-

508 918 779 979 flaohlieh
834 919 1177 998 gedaehter,
1241 918 1372 978 dass
1428 937 1492 977 er
1545 916 1827 996 lediglioh
1881 919 1965 976 im
2013 917 2333 978 Stiohwort
2385 914 2656 980 πλείονα
2713 915 2896 994 τρίτα
2955 920 3121 998 liegt,

508 1007 758 1069 welches
804 1008 947 1068 aber
989 1010 1052 1067 in
1098 1028 1248 1087 ganz
1295 1006 1572 1068 auderem
1619 1005 1800 1067 Sinne
1845 1026 1966 1067 von
2018 1001 2212 1068 οὗτος
2258 1003 2502 1069 ἐκεῖνος
2548 1009 2638 1068 als
2683 1028 2799 1068 von
2848 1003 2922 1069 ὅς
2969 1006 3119 1085 (φέ-

507 1113 694 1173 τερος
721 1098 850 1176 gut.
925 1097 1163 1158 Diesem
1193 1097 1512 1157 Stiohwort
1540 1096 1832 1156 verdankt
1867 1096 1964 1156 die
1991 1097 2169 1158 Notiz
2202 1097 2359 1156 wohl
2395 1097 2565 1158 ihren
2593 1093 2803 1157 Platz.’
2877 1098 3120 1176 Optimo

506 1188 634 1246 iure
680 1186 1183 1248 Hoersehelmann
1245 1187 1399 1246 hanc
1462 1186 2017 1246 adnotatiunculam
2081 1187 2410 1264 vituperat,
2473 1186 2723 1247 dubium
2770 1190 2972 1248 tamen
3017 1208 3121 1265 po-

508 1277 770 1337 tueritne
816 1277 938 1336 tale
985 1276 1130 1354 quid
1176 1295 1212 1335 a
1257 1294 1319 1336 se
1364 1278 1686 1353 impetrare
1732 1275 2024 1353 Dyscolus
2069 1294 2266 1336 necne.

691 1367 793 1441 18,
815 1368 852 1426 9
918 1363 1189 1427 πλείονα
1241 1360 1449 1444 τρίτα]
1517 1366 1588 1425 cf.
1635 1384 1804 1443 pron.
1857 1368 1959 1440 22,
1983 1366 2062 1424 15
2126 1360 2465 1441 ἀμφότερα
2528 1358 2619 1448 (et
2661 1369 3017 1444 pronomina
3063 1370 3124 1427 et

507 1455 751 1516 nomina
794 1448 1155 1538 possessiva)
1219 1451 1341 1516 δύο
1394 1452 1626 1530 τρίτων
1682 1450 2142 1530 παραςτατικά,
2207 1454 2324 1516 τοῦ
2385 1470 2455 1515 τε
2501 1451 2811 1530 κτήτορος
2857 1454 2960 1516 καὶ
3003 1456 3121 1517 τοῦ

511 1541 843 1620 κτήματος.
953 1544 1029 1604 ib.
1083 1547 1228 1619 102,
1251 1547 1332 1604 14
1397 1540 1478 1605 τὰ
1540 1540 1722 1619 τρίτα
1787 1539 1858 1604 ἐν
1922 1541 2059 1605 δυςὶ
2122 1541 2356 1619 τρίτοις
2420 1544 2687 1616 νοεῖται,
2762 1542 2841 1605 τὰ
2906 1542 3122 1619 μέντοι

507 1633 734 1708 πρῶτα
788 1630 891 1694 καὶ
945 1630 1215 1708 δεύτερα
1270 1629 1349 1696 οὐ
1405 1629 1667 1695 πάντως
1715 1629 1786 1693 ἐν
1832 1630 2115 1709 πρώτοις
2161 1631 2263 1694 καὶ
2308 1630 2566 1711 τρίτοις,
2632 1631 2736 1695 καὶ
2795 1630 3122 1709 δευτέροις

508 1720 612 1783 καὶ
666 1719 930 1798 τρίτοις,
996 1718 1084 1783 ὥς
1139 1739 1306 1784 τινες
1363 1719 1692 1799 ὑπέλαβον
1740 1718 1809 1783 ἐκ
1854 1721 1973 1784 τοῦ
2021 1718 2171 1798 ἐμός
2219 1718 2343 1784 ἐςτι
2390 1720 2494 1784 καὶ
2539 1720 2648 1785 ςός
2695 1719 2875 1784 ἐςτιν.
2965 1728 3119 1801 synt.

513 1814 780 1887 149,18.
872 1812 1050 1873 Prisc.
1099 1812 1216 1870 XII
1258 1815 1340 1873 10
1385 1834 1441 1890 p.
1484 1813 1631 1887 582,
1654 1815 1734 1871 22
1802 1806 1910 1872 ‘Et
1961 1813 2189 1889 primae
2247 1812 2488 1890 quidem
2547 1832 2834 1891 personae
2892 1832 3122 1891 posses-

508 1902 702 1962 sivum
745 1905 873 1961 tam
919 1901 996 1961 ad
1042 1902 1359 1962 secundam
1404 1922 1586 1979 quam
1627 1902 1702 1962 ad
1739 1902 1984 1962 tertiam
2020 1904 2239 1962 transit
2273 1921 2607 1980 personam,
2653 1901 2944 1963 secundae
2982 1922 3120 1963 vero

508 1991 586 2051 ad
629 1991 887 2068 primam
931 1992 1026 2051 vel
1071 1991 1149 2051 ad
1194 1992 1466 2066 tertiam,
1510 1994 1581 2051 ut
1626 1985 1789 2051 ‘tuus
1836 1986 1992 2050 sum’
2039 1986 2200 2052 ‘tuus
2248 1986 2360 2052 est'
2390 2038 2404 2052 .
2435 2040 2447 2051 .
2479 2039 2492 2051 .
2524 1995 2585 2052 et
2629 1994 2953 2070 quaeritur,
2999 2012 3123 2068 our,

515 2083 566 2141 si
610 2080 805 2158 prima
849 2100 969 2140 non
1013 2083 1213 2158 potest
1256 2080 1556 2158 possidere
1600 2082 1855 2157 primam
1901 2100 2009 2141 neo
2054 2081 2311 2141 secunda
2356 2081 2698 2158 secundam,
2761 2082 2944 2141 tertia
2987 2099 3120 2158 pos-

507 2169 662 2229 sidet
712 2168 997 2230 tertiam?
1060 2170 1123 2229 in
1180 2189 1298 2247 quo
1352 2172 1579 2247 pariter
1632 2170 1968 2230 ostenditur
2021 2171 2344 2233 multitudo
2401 2170 2662 2248 diversa,
2726 2189 2878 2247 quae
2939 2171 3121 2249 signi-

506 2258 721 2319 ficatur
771 2279 880 2336 per
931 2259 1171 2319 tertiam
1230 2278 1573 2336 personam,
1629 2259 1783 2319 unde
1841 2264 1902 2319 et
1946 2261 2145 2321 varias
2189 2260 2403 2320 habuit
2448 2280 2619 2322 voees
2667 2264 2727 2320 et
2773 2254 2945 2320 looa'.
3037 2259 3122 2320 Ut

508 2343 581 2409 ὅς
633 2348 856 2408 dieitur
908 2368 1073 2426 pron.
1127 2352 1273 2424 110,
1295 2351 1377 2408 24
1424 2346 1862 2424 limoticinum,
1924 2350 2014 2409 ita
2072 2349 2423 2428 possessivis
2484 2353 2681 2410 cetera
2726 2349 2942 2409 tertiae
2987 2370 3119 2426 per-

508 2456 686 2498 sonae
730 2439 1083 2516 pronomina
1129 2439 1531 2517 appellatione
1577 2435 2058 2514 μονοπρόςωπα
2097 2442 2480 2516 opponuntur
2514 2439 2591 2498 ib.
2624 2440 2728 2516 34,
2749 2442 2805 2498 4.
2850 2442 2996 2516 110,
3020 2441 3118 2498 24.

643 2526 730 2586 cf.
778 2527 975 2586 D'rhr.
1024 2529 1127 2604 es,
1148 2531 1203 2587 4.

698 2618 1081 2692 18‚11--12
1132 2613 1196 2679 ἐξ
1239 2612 1333 2678 ὧν
1379 2614 1456 2678 τὸ
1501 2617 1705 2692 κτῆμα
1750 2613 1868 2678 κᾶν
1917 2615 1996 2692 μὴ
2036 2614 2333 2693 ὁρίζηται,
2383 2613 2461 2678 οὐ
2502 2612 2792 2696 μάχεται]
2841 2612 3122 2691 ὁρίζηται

510 2705 772 2767 medium
818 2709 911 2768 est
955 2699 1149 2791 (ouius
1196 2707 1525 2769 subiectum
1571 2703 1647 2768 τὸ
1695 2701 1796 2781 ὅς,
1846 2708 2143 2769 obiectum
2187 2703 2264 2768 τὸ
2312 2698 2562 2789 κτῆμα),
2608 2707 2685 2767 ad
2730 2706 2874 2765 haee
2920 2709 3122 2767 autem

510 2794 599 2858 ὡς
646 2793 764 2858 οὐκ
809 2791 1179 2871 ἀντωνυμία
1225 2798 1621 2877 supplendum
1677 2794 1754 2859 τὸ
1799 2798 2005 2872 κτῆμα
2050 2793 2348 2873 ὁρίζεταις
2406 2797 2702 2858 sententia
2745 2797 2934 2875 igitur
2974 2795 3123 2856 haee

508 2886 744 2946 videtur
801 2905 952 2946 esse:
1015 2882 1107 2944 ‘In
1156 2882 1229 2947 ὅς
1273 2888 1621 2965 pronomine
1667 2889 2001 2965 possessivo
2048 2888 2200 2947 duae
2244 2888 2460 2947 tertiae
2507 2889 2648 2947 sunt
2690 2904 3005 2964 personae,
3052 2905 3121 2945 ex

510 2975 723 3052 quibus
771 2978 819 3035 si
864 2995 935 3035 ea
972 2995 1124 3053 quae
1160 2976 1500 3054 possidetur
1535 2997 1654 3037 non
1690 2977 1972 3037 definitur
2006 2997 2115 3054 per
2152 2972 2225 3038 ὅς
2260 2977 2678 3054 possessivum,
2723 2976 2873 3035 nihil
2910 2976 3121 3051 refert3

510 3066 844 3142 expositum
904 3067 1060 3125 enim
1116 3070 1207 3126 est
1261 3058 1395 3149 (15,
1416 3058 1484 3147 5)
1541 3067 1779 3127 omnino
1833 3087 1942 3144 per
1994 3086 2322 3145 pronomen
2367 3058 2581 3148 (pose.)
2627 3084 2941 3143 personam
2985 3083 3121 3142 pos-

514 3154 659 3215 sessi
702 3174 822 3214 non
867 3150 1138 3214 definiri’.
1228 3155 1599 3217 Lacunosum
1647 3175 1772 3217 esse
1816 3157 1873 3215 h.
1920 3157 1959 3215 l.
2007 3156 2345 3234 suspicatur
2390 3155 2590 3235 Egger
2633 3154 2745 3233 Ap.
2798 3157 2944 3229 101,
2968 3157 3021 3213 1.

691 3246 791 3321 18,
815 3246 895 3303 12
960 3238 1076 3321 (ἐν
1123 3240 1257 3325 τῷ)
1319 3245 1716 3306 necessarium
1777 3246 2039 3321 videtur3
2106 3246 2429 3306 assentitur
2475 3245 2676 3324 Egger
2718 3243 2973 3303 Journal
3019 3242 3120 3303 des

510 3336 752 3393 savants
798 3333 921 3392 Mai
972 3334 1141 3393 1882
1188 3354 1246 3411 p.
1288 3336 1433 3395 270.

690 3424 742 3481 2.
827 3422 1089 3482 Persona
1160 3423 1454 3483 definitur.
1572 3424 1663 3484 De
1733 3425 1931 3501 prima
2003 3423 2260 3484 secunda
2332 3423 2514 3483 tertia
2591 3424 2701 3496 18,
2726 3423 3032 3495 14-21,
3065 3424 3119 3481 2.

505 3511 732 3571 Forma
793 3514 1095 3572 nominum
1157 3513 1425 3575 derivata
1488 3507 1695 3574 εἶδος
1755 3506 2035 3596 (speeieS,
2083 3505 2345 3595 Gestalt)
2400 3514 2646 3583 dicdum·
2712 3514 2924 3586 accipit
2969 3514 3121 3571 enim

506 3603 823 3661 mutatione
878 3603 1300 3661 terminationis
1355 3604 1581 3678 aliquid
1633 3604 1823 3663 simile
1875 3606 2107 3677 speciei,
2164 3621 2283 3677 qua
2342 3604 2714 3677 eoqnosoitur.
2805 3602 2888 3660 In
2932 3602 3122 3659 verbis

508 3693 702 3750 autem
742 3692 1301 3765 pronominibusque
1355 3693 1517 3766 faeta
1560 3694 1803 3753 mutatio
1858 3685 2043 3774 (quae
2088 3692 2181 3751 illi
2226 3691 2534 3752 nominum
2579 3688 2936 3750 derivationi
2983 3707 3117 3749 oon-

510 3778 721 3840 similis
768 3771 884 3860 est)
930 3776 1344 3854 πρόςωπον
1391 3775 1696 3864 (persona,
1744 3780 2013 3857 Gesieht,
2058 3774 2293 3862 Maske)
2341 3782 2706 3855 appellatur‚·
2765 3780 2869 3838 hoo
2912 3796 3123 3838 nomen

507 3869 779 3928 idoneum
833 3873 915 3929 est
958 3870 1111 3943 quod
1148 3874 1200 3929 et
1241 3870 1345 3930 hoc
1387 3872 1634 3940 indicat,
1682 3873 1824 3946 quid
1867 3873 2117 3931 rationis
2160 3872 2478 3931 intercedat
2522 3871 2672 3929 inter
2720 3886 2849 3928 eum
2894 3869 2997 3941 qui
3043 3869 3121 3925 lo-

513 3960 715 4032 quitur
760 3962 814 4018 et
859 3975 928 4018 ea
970 3959 1043 4018 de
1087 3960 1297 4033 quib-us
1342 3960 1596 4034 loquitur
1641 3957 1858 4038 (δεῖξις
1907 3956 2269 4037 ςωματική),
2323 3964 2375 4019 et
2415 3960 2582 4028 illud,
2637 3976 2756 4032 qua
2801 3959 2989 4017 animi
3032 3957 3123 4030 af·

509 4048 751 4119 sectione
795 4048 1022 4122 ahquid
1057 4050 1134 4108 ab
1171 4066 1232 4108 eo
1269 4051 1369 4123 qui
1405 4050 1658 4123 quuitur
1683 4051 2030 4124 proferatur
2075 4045 2374 4126 (διάθεςις
2403 4043 2670 4125 ψυχική)
2722 4047 3120 4121 18,14-18.

512 4135 1066 4213 Gf.synt.25o,24.
1116 4138 1465 4213 254‚4—6.
1518 4140 1955 4213 259‚14—16.
2021 4139 2217 4197 D'rhs.
2251 4138 2422 4213 65,1.
2490 4136 2671 4196 Prisc.
2710 4135 2827 4194 xl]
2860 4135 3118 4195 13—15

509 4246 565 4302 p.
611 4227 1107 4301 584‚12—5ss‚
1130 4230 1185 4286 2.
1261 4227 1478 4288 Theos.
1530 4227 1732 4287 choer.
1780 4228 1944 4306 Hilg.
1991 4228 2053 4286 11
2095 4230 2197 4302 10,
2220 4228 2620 4301 22—11‚16.
2670 4226 3118 4300 413,1s—29.

685 4314 859 4375 Hane
912 4315 1315 4377 definitionem
1377 4337 1495 4376 non
1558 4320 1717 4378 recte
1775 4316 2206 4394 interpretatus
2266 4319 2357 4375 est
2418 4314 2612 4376 Graes.
2660 4314 2753 4373 III
2794 4314 2949 4390 1153
3011 4333 3121 4373 nec

509 4404 811 4464 sufficiunt
855 4423 1007 4481 quae
1052 4405 1430 4482 protulerunt
1475 4406 1675 4484 Egger
1717 4405 1830 4483 Ap.
1883 4408 1993 4481 943
2038 4405 2371 4481 Kromayer
2414 4424 2581 4481 pron.
2631 4405 2744 4479 433
2792 4402 2916 4463 Ska
2960 4402 3022 4461 Π
3061 4405 3118 4462 4.

509 4491 731 4553 Lucem
776 4493 987 4553 attulit
1029 4494 1121 4554 his
1166 4495 1611 4572 quaestionibus
1658 4493 2025 4555 GFSehoem.
2074 4495 2217 4554 Red.
2269 4496 2368 4554 97.
2461 4494 2549 4552 ΓΙ.
2598 4494 2767 4553 1869
2838 4494 3117 4553 13-24,

692 4673 793 4748 18,
816 4673 896 4732 15
946 4668 1024 4733 δι’
1072 4667 1150 4735 οὗ
1197 4665 1303 4755 (sc.
1353 4665 1593 4755 εἴδους)
1639 4668 2040 4753 γνωρίζεται]
2107 4672 2237 4733 Hoc
2282 4673 2469 4751 igitur
2513 4673 2647 4732 vult
2692 4672 2831 4749 Ap.:
2893 4665 3122 4747 equem-

514 4758 830 4821 admodum
875 4781 1046 4822 omne
1091 4761 1314 4823 animal
1353 4763 1450 4823 vel
1486 4765 1676 4823 omnis
1712 4782 1807 4823 res
1845 4782 2014 4823 suam
2050 4762 2233 4822 habet
2268 4763 2526 4839 speciem
2562 4781 2682 4838 qua
2719 4761 3123 4839 cognoscitur:

512 4847 602 4908 ita
653 4869 820 4910 suam
877 4850 1148 4928 quodque
1203 4870 1415 4911 nomen
1471 4852 1653 4913 habet
1706 4853 2189 4912 terminationem
2241 4871 2362 4929 qua
2416 4852 2570 4911 sitne
2623 4850 2998 4929 primitivum
3044 4869 3119 4908 an

514 4937 908 5000 derivativum
965 4941 1337 5018 perspicitur.
1428 4941 1593 5019 Apta
1644 4942 1832 5021 igitur
1885 4942 2024 5001 huie
2076 4943 2164 5002 rei
2219 4945 2311 5001 est
2364 4935 2536 5003 εἶδος
2593 4931 2871 5023 (speeies)
2919 4940 3119 5017 appel-
