3738 5530
638 291 729 355 40
817 289 1261 346 Commentarius
1291 289 1517 346 criticus
1546 293 1604 346 et
1630 290 1951 362 exegeticus
1979 290 2040 345 in
2066 289 2354 360 Apollonii
2380 290 2611 360 Dyscoli
2638 291 2848 362 scripta
2873 291 3108 347 minora.

636 460 749 537 Ap.
787 460 947 519 infra
981 460 1333 537 profiteatur
1368 478 1537 520 suam
1575 459 1995 536 definitionem,
2032 461 2080 519 si
2120 460 2195 520 ad
2234 461 2519 521 amussim
2554 481 2678 521 rem
2716 461 2936 539 exigas,
2971 480 3090 521 non
3126 460 3247 521 nisi

638 550 715 609 ad
753 551 1115 629 singularem
1153 552 1356 626 aptam
1394 569 1533 610 esse.
1604 548 1932 628 Vulgatam
1969 550 2326 626 scripturam
2364 552 2603 611 omnino
2639 551 2885 610 tolerari
2919 570 3040 610 non
3075 569 3249 628 posse

639 642 839 700 censet
862 639 1255 699 PSchmieder
1296 640 1394 716 16,
1439 659 1581 698 nam
1625 640 1887 716 primum
1931 657 2070 698 sono
2116 642 2271 699 vocis
2318 635 2461 716 (τὰς
2495 639 2664 714 τρεῖ(
2702 636 2958 717 φωνὰς)
3007 635 3136 711 ἐγώ
3174 635 3246 700 εύ

642 726 887 790 ἐκεῖνος
932 749 1050 790 non
1097 730 1288 789 inesse
1334 730 1397 788 in
1442 724 1620 803 ἡμεῖς
1664 727 1914 805 plurali3
1961 728 2172 789 deinde
2210 723 2679 805 ἀποφαίνεεθαι
2715 730 2780 788 in
2815 732 2947 790 tota
2982 730 3095 789 hac
3131 729 3247 789 dis-

637 820 950 896 putatione
986 818 1058 877 de
1095 838 1163 878 eo
1201 820 1305 895 qui
1329 819 1596 895 loquitur
1622 817 1921 895 usurpari,
1957 821 2027 877 ut
2053 818 2153 878 vix
2180 818 2460 878 credibile
2489 821 2570 879 sit
2600 819 2847 879 eandem
2884 837 3088 879 vocem
3124 819 3178 878 h.
3209 819 3248 877 1.

641 908 945 968 notionem
973 902 1395 985 ‘significandi'
1421 907 1694 984 induere3
1728 909 1933 984 itaque
1963 905 2153 983 φωνή
2181 906 2469 968 vocabulo
2497 910 2800 969 notionem
2829 902 3251 967 ‘enuntiatum'

644 997 1045 1058 subiciendam
1105 1001 1166 1056 et
1222 1000 1363 1073 post
1423 992 1665 1058 ἐκεῖνος
1725 997 2039 1057 inserenda
2100 1015 2225 1057 esse
2284 997 2431 1057 haec
2489 992 2703 1077 (λέγω
2759 994 2964 1069 λέγει(
3011 993 3250 1076 λέγει>ῑ

645 1081 733 1146 ‘in
780 1089 863 1147 eis
919 1087 1244 1147 enuntiatis
1299 1086 1363 1145 in
1419 1087 1632 1163 quibus
1678 1087 1924 1146 verbum
1971 1087 2213 1163 aliquod
2259 1086 2493 1146 dicendi
2538 1087 2949 1164 praedicatum
2994 1090 3102 1163 est,
3145 1087 3254 1147 illa

642 1178 869 1254 primae
932 1194 1218 1253 personae
1282 1175 1547 1236 definitio
1610 1176 1674 1234 in
1730 1194 1931 1236 omnes
1985 1194 2268 1253 personas
2324 1177 2606 1253 quadrat,
2668 1179 2874 1252 itaque
2929 1195 3048 1236 non
3106 1178 3253 1237 satis

645 1266 822 1325 certis
868 1265 1083 1327 finibus
1132 1267 1578 1343 circumscripta
1625 1268 1715 1325 est
1760 1260 2067 1324 definitio'.
2151 1264 2315 1335 Quae
2351 1266 2592 1342 probari
2627 1285 2746 1327 non
2781 1269 3048 1343 possunt,
3094 1266 3254 1343 quod

644 1352 833 1431 φωνή
873 1354 1004 1415 voci
1039 1356 1205 1414 notio
1243 1349 1665 1416 ‘enuntiatum'
1704 1355 1945 1415 omnino
1991 1374 2110 1414 non
2148 1355 2438 1415 subicitur
2476 1348 2556 1439 (v.
2594 1347 2772 1437 ind.)3
2820 1357 3027 1415 contra
3062 1352 3254 1431 φωνή

642 1465 762 1505 non
817 1445 1011 1505 solum
1066 1439 1250 1505 ‘vocis
1299 1439 1503 1504 sonus’
1559 1449 1649 1504 est
1704 1435 2119 1527 (wortform),
2174 1444 2277 1505 sed
2324 1445 2530 1522 etiam,
2576 1448 2649 1504 ut
2694 1445 2749 1504 h.
2797 1444 2855 1519 l.,
2900 1443 3255 1504 vocabulum

646 1534 891 1611 aliquod
954 1538 1247 1611 quatenus
1310 1536 1434 1595 eius
1493 1536 1585 1593 vis
1645 1534 1739 1595 vel
1801 1536 2161 1594 constructio
2215 1535 2531 1611 respicitur
2576 1528 2764 1617 (quod
2809 1535 3030 1592 iniuria
3075 1537 3258 1612 negat

646 1624 767 1683 Ska
811 1623 874 1682 H
913 1616 982 1705 3)
1039 1624 1109 1683 cf.
1159 1624 1291 1683 adv.
1344 1626 1546 1699 141,1
1598 1618 1696 1683 ὅτι
1744 1621 1816 1683 δὲ
1864 1620 1966 1683 καὶ
2021 1619 2096 1684 τὸ
2152 1619 2274 1685 πύξ
2329 1620 2431 1683 καὶ
2481 1619 2557 1684 τὸ
2605 1619 2721 1685 λάξ
2761 1670 2773 1683 .
2815 1670 2828 1682 .
2867 1619 2946 1684 οὐ
2993 1618 3254 1683 πάντωε

645 1705 1081 1795 (nequaquam)
1145 1709 1252 1773 διὰ
1305 1710 1422 1787 τὴν
1478 1707 1836 1788 μετάληψιν
1892 1709 2009 1786 τὴν
2056 1707 2144 1772 εἰ(
2192 1709 2267 1773 τὸ
2313 1714 2527 1793 πυγμῇ
2568 1760 2580 1772 .
2622 1760 2634 1772 .
2674 1708 2966 1788 ὀνόματα
3013 1708 3092 1772 ἂν
3141 1706 3254 1786 εἴη,

650 1800 850 1878 εαφὲε
908 1797 978 1862 ἐκ
1031 1801 1148 1863 τοῦ
1207 1799 1309 1862 ἐπὶ
1356 1797 1523 1877 ῥῆμα
1569 1799 1873 1878 φερεεθαι
1921 1797 2200 1862 πάντοτε
2247 1798 2361 1863 τὰε
2406 1798 2694 1878 φωνάς,
2757 1799 2974 1863 καθότι
3029 1798 3131 1861 καὶ
3176 1797 3258 1862 τὰ

649 1885 817 1951 ἄλλα
860 1891 993 1951 τῶν
1041 1887 1503 1966 ἐπιρρημάτων.
1532 1924 1620 1933 -
1667 1887 2162 1967 Ἀποφαίνεεθαι
2209 1910 2328 1951 non
2364 1894 2492 1951 tam
2529 1884 2909 1969 ‘significare’
2949 1894 3041 1951 est
3077 1910 3256 1967 quam

647 1974 1040 2057 ‘praedicare'
1087 1973 1464 2062 (aussagen)t
1531 1981 1600 2039 cf.
1650 1983 1803 2056 synt.
1856 1982 2004 2055 245,
2028 1984 2059 2039 1
2121 1974 2252 2053 εἴγε
2299 1978 2401 2041 καὶ
2446 1977 2523 2041 τὸ
2570 1976 3036 2056 ἀποφαίνεεθαι
3096 1976 3257 2040 κατὰ

649 2064 853 2145 πάεηε
891 2064 1189 2145 φράεεωε
1226 2065 1808 2145 παραλαμβάνεται.
1875 2070 1952 2129 ib.
2006 2071 2149 2145 245,
2174 2072 2210 2129 5
2260 2066 2366 2130 διὰ
2412 2066 2534 2145 γὰρ
2572 2066 2806 2144 ταύτης
2854 2067 2994 2147 (τῆε
3032 2065 3256 2144 ὁριετι-

646 2156 787 2238 κῆε)
834 2154 1349 2235 ἀποφαινόμενοι
1396 2155 1751 2234 ὁριζόμεθα.
1844 2158 1922 2219 ib.
1968 2162 2189 2235 14‚17.
2257 2152 2404 2242 (ind.
2454 2159 2576 2218 Ska
2622 2159 2677 2216 V
2719 2152 2846 2240 22).

830 2251 931 2324 19,
952 2251 991 2307 4
1038 2248 1101 2308 in
1138 2248 1231 2309 his
1274 2245 1350 2309 τὸ
1387 2245 1694 2324 δεύτερον
1732 2245 1807 2309 τὸ
1844 2244 2063 2323 τρίτον
2101 2249 2339 2308 articuli
2377 2248 2616 2309 admitti
2653 2269 2771 2308 non
2808 2251 3077 2326 possunt,
3114 2250 3260 2326 quia

647 2335 954 2413 δεύτερον
1002 2341 1063 2399 et
1106 2335 1324 2413 τρίτον
1368 2338 1713 2414 praedicata
1759 2342 1912 2398 sunt.

823 2427 1026 2503 Neque
1078 2446 1210 2487 vero
1263 2433 1411 2488 recte
1463 2429 1719 2489 secunda
1772 2430 1856 2487 sic
1911 2429 2216 2501 definitur:
2275 2422 2372 2487 ‘ea
2415 2429 2495 2488 ad
2540 2445 2718 2502 quam
2771 2432 2988 2503 spectat
3029 2422 3262 2488 oratio':

648 2536 791 2578 nam
839 2520 1011 2579 etiam
1058 2512 1301 2579 ἐκεῖνος
1337 2521 1685 2593 pronomine
1729 2518 1810 2578 ad
1855 2519 2118 2591 aliquam
2153 2535 2472 2591 personam
2515 2521 2807 2591 spectatur
2855 2520 2957 2594 19,
2978 2518 3166 2577 5-6.

828 2608 1014 2666 Porro
1079 2609 1249 2668 tertia
1301 2625 1561 2682 persona
1625 2608 1741 2667 dici
1800 2610 2000 2681 nequit
2061 2601 2236 2680 ‘quae
2290 2611 2372 2666 est
2414 2608 2486 2666 de
2529 2608 2735 2680 aliqua
2777 2601 2893 2665 re':
2954 2625 3098 2667 nam
3158 2608 3261 2666 hoe

648 2715 944 2758 commwne
987 2700 1241 2759 namrac
1284 2698 1545 2757 omnium
1579 2713 1974 2771 personarum
2018 2697 2326 2756 dicendwm
2371 2701 2454 2755 est
2500 2697 2601 2772 19,
2625 2697 2813 2755 6—8.

825 2786 1166 2847 Priscianus
1205 2787 1350 2847 duce
1377 2787 1719 2864 Apollonio,
1756 2787 1923 2846 cuius
1961 2790 2161 2847 tamen
2198 2786 2381 2846 verba
2415 2805 2534 2846 non
2571 2788 2717 2846 satis
2755 2786 3067 2861 intellexit,
3106 2787 3260 2845 anti-

650 2877 913 2953 quiorem
961 2875 1363 2936 definitionem
1407 2879 1722 2955 impugnat
1774 2875 1892 2935 XH
1924 2878 2003 2936 13
2042 2897 2098 2953 p.
2123 2877 2365 2951 584,14
2413 2871 2594 2934 ‘Nam
2641 2878 2691 2935 si
2738 2874 3019 2952 dicamus,
3065 2876 3262 2951 prima

650 2969 757 3042 est,
806 2983 957 3042 quae
1002 2966 1288 3042 loquitur,
1331 2969 1532 3043 potest
1576 2965 1727 3024 nihil
1773 2965 1844 3026 de
1892 2983 1955 3025 se
1999 2967 2189 3042 loqui,
2246 2965 2348 3026 sed
2394 2965 2467 3024 de
2512 2964 2769 3026 secunda
2814 2965 2910 3025 vel
2953 2966 3156 3041 tertia,
3200 2969 3264 3024 et

648 3054 719 3114 fit
754 3053 1079 3130 dubitatio,
1116 3054 1391 3114 similiter
1437 3055 1508 3115 de
1556 3054 1812 3116 secunda
1858 3055 1911 3114 si
1947 3054 2230 3128 dicamus,
2278 3055 2352 3113 ad
2391 3073 2570 3132 quam
2604 3055 2890 3130 loquitur,
2933 3057 3134 3131 potest
3170 3055 3260 3114 in·

650 3144 855 3222 tellegi
903 3147 964 3203 et
1009 3144 1084 3203 ad
1129 3145 1387 3222 primam
1433 3148 1495 3203 et
1540 3145 1612 3204 ad
1658 3145 1928 3218 tertiam3
1974 3163 2112 3203 nam
2157 3144 2379 3205 locutio
2425 3145 2557 3221 ipsa
2601 3145 2864 3221 pertinet
2907 3163 3024 3204 non
3068 3145 3262 3205 solum

652 3232 727 3291 ad
784 3233 1127 3307 secundam,
1186 3234 1289 3294 sed
1345 3233 1527 3293 etiam
1583 3234 1660 3293 ad
1718 3233 1977 3310 primam
2024 3237 2084 3293 et
2129 3233 2206 3292 ad
2251 3235 2519 3311 tertiam3
2582 3233 2655 3292 de
2699 3233 2882 3293 tertia
2929 3253 3164 3310 quoque
3209 3233 3262 3292 si

651 3322 944 3398 dicamus,
990 3323 1062 3382 de
1109 3342 1229 3400 qua
1273 3324 1566 3399 loquitur,
1611 3342 1920 3384 commune
1966 3324 2268 3384 invenitur
2312 3324 2496 3382 trium
2540 3341 2954 3399 personarum:
3014 3341 3155 3382 nam
3201 3326 3265 3382 et

650 3412 724 3471 de
767 3412 964 3489 prima
1010 3415 1070 3472 et
1115 3412 1186 3472 de
1233 3412 1488 3473 secunda
1535 3416 1595 3474 et
1639 3412 1711 3471 de
1757 3413 1940 3472 tertia
1984 3412 2265 3488 loquitur.
2338 3412 2551 3473 melius
2587 3414 2775 3491 igitur
2801 3406 3261 3491 Apollonius’

652 3521 697 3560 e.
747 3521 801 3577 q.
850 3519 892 3560 s.

833 3592 934 3666 19,
955 3591 991 3648 6
1041 3585 1201 3664 ὑπέρ
1247 3585 1429 3669 <τε>]
1493 3592 1637 3652 haec
1690 3592 1976 3652 correctio
2030 3593 2334 3668 praestare
2388 3591 2649 3666 videtur3
2715 3607 2783 3651 τε
2849 3610 2974 3651 esse
3030 3585 3257 3668 ‘porro’

650 3683 853 3739 monet
899 3678 1021 3738 ska
1065 3679 1095 3738 I
1134 3682 1201 3756 ὃς
1248 3675 1408 3755 ὑπὲρ
1455 3678 1527 3740 δὲ
1573 3680 1777 3759 Lange
1823 3701 1938 3760 mg.

833 3772 934 3844 19,
956 3770 993 3827 8
1050 3765 1211 3829 κατὰ
1257 3764 1457 3845 πάεηε
1504 3765 1746 3849 οὐείαε]
1813 3770 2152 3830 Priscianus
2215 3770 2430 3849 legisse
2495 3770 2732 3831 videtur
2794 3766 2957 3830 κατὰ
3015 3766 3262 3830 παντὸς

651 3855 1027 3933 προεώπου;
1086 3859 1338 3919 fortasse
1395 3855 1610 3920 οὐείαε
1664 3860 1817 3918 nihil
1875 3862 1965 3920 est
2008 3861 2125 3919 nisi
2168 3861 2454 3919 iteratum
2500 3854 2690 3933 οὔεηε
2737 3859 2894 3936 quod
2939 3859 3264 3935 praecedit,

649 3950 720 4008 ut
764 3947 1081 4025 legendum
1126 3949 1208 4008 sit
1252 3944 1414 4008 κατὰ
1458 3945 1728 4009 παντόεε
1776 3949 1992 4024 κοινῆ(
2028 3981 2116 3990 -
2155 3945 2369 4009 οὐείαε
2415 3950 2660 4009 inclusit
2704 3950 2870 4009 uncis
2907 3947 3112 4026 Lange
3141 3968 3260 4027 mg.

832 4036 1080 4097 Omnino
1125 4039 1434 4098 tenendum
1480 4043 1562 4097 est
1604 4040 1967 4111 definitiones
2001 4042 2238 4113 primae
2284 4043 2337 4097 et
2378 4040 2664 4098 securndae
2697 4055 2989 4113 personae
3019 4040 3266 4112 proprie

648 4129 757 4187 uni
810 4128 1102 4202 simulari
1157 4131 1359 4201 aptam
1414 4145 1534 4187 esse
1542 4149 1565 4199 ,·
1627 4146 1771 4187 nam
1825 4129 2023 4188 dualis
2079 4132 2131 4186 et
2171 4129 2434 4202 pluralis
2468 4130 2704 4202 primae
2749 4129 3042 4201 complecti
3073 4131 3266 4201 potest

638 4220 905 4292 primam
942 4220 996 4275 et
1028 4217 1330 4296 secamdas,
1366 4218 1458 4276 vel
1482 4218 1749 4291 primam
1786 4222 1836 4276 et
1873 4220 2089 4285 tertia-9,
2136 4218 2225 4276 vel
2248 4219 2514 4291 primam
2549 4222 2604 4276 et
2627 4218 2915 4278 secundas
2943 4221 2996 4276 et
3031 4219 3264 4288 tertias;

638 4307 902 4381 pluralis
973 4307 1260 4375 secundae
1311 4308 1519 4381 plures
1583 4308 1868 4366 secundas
1933 4306 2356 4381 comprehendit
2417 4308 2505 4365 vel
2567 4308 2853 4367 semmdas
2918 4311 2969 4365 et
3033 4309 3265 4377 tertia&

651 4398 852 4456 tertiae
896 4413 1029 4454 vero
1065 4397 1327 4469 pluralis
1370 4397 1519 4456 nihil
1565 4398 1810 4455 continet
1851 4399 1972 4455 nisi
2018 4398 2216 4455 {ertias
2251 4414 2542 4470 personas
2592 4399 2693 4472 19,
2715 4397 2948 4455 9—26.

833 4487 934 4560 19,
959 4486 1041 4544 10
1107 4479 1272 4558 ἅπερ
1337 4480 1479 4544 τινά
1540 4480 1691 4563 ἐετι]
1759 4478 2078 4561 ‘peut-§tre
2140 4504 2293 4563 pour
2358 4480 2542 4545 ἅτινα
2606 4483 2727 4560 πέρ
2794 4482 2944 4557 ἐετι,
3011 4479 3263 4561 ‘quelles

652 4574 893 4649 qu'elles
941 4567 1157 4633 soient'
1204 4574 1407 4652 Egger
1448 4574 1561 4651 Ap.
1614 4577 1759 4649 106,
1782 4577 1835 4632 2.
1930 4574 2237 4652 Expungit
2280 4573 2482 4652 Lange
2529 4595 2645 4654 mg.

834 4664 1216 4738 19,11—12
1266 4662 1405 4723 πῶς
1442 4696 1530 4705 -
1568 4660 1711 4738 περί
1756 4658 1957 4741 τινος]
2025 4658 2119 4722 ‘ex
2173 4663 2247 4722 iis
2306 4684 2456 4740 quae
2513 4665 2868 4724 antecedunt
2912 4665 3128 4724 vitiose
3173 4682 3264 4721 re-

651 4753 847 4828 petita
893 4771 1019 4812 esse
1063 4747 1496 4813 contendimus'
1545 4753 1666 4812 Ska
1712 4753 1741 4811 I
1782 4754 1836 4812 8.

834 4843 1215 4916 19‚11—26
1274 4842 1457 4903 Prisc.
1495 4842 1611 4901 XII
1652 4844 1732 4902 13
1778 4863 1835 4920 p.
1879 4843 2025 4916 584,
2049 4843 2431 4918 23—585,6
2499 4836 2898 4902 ‘Enucleatim
2954 4845 3153 4902 tamen
3199 4842 3264 4901 in

651 4931 941 5009 singulari
986 4950 1231 4991 numero
1275 4933 1471 5009 prima
1517 4931 1735 4992 dicitur
1774 4951 2051 5009 persona:
2098 4951 2237 4992 nam
2274 4933 2336 4990 in
2373 4933 2596 5009 plurali
2635 4931 3080 5009 conceptionem
3114 4930 3265 4990 facit
