3738 5530
641 361 761 425 178
1556 362 1738 413 ΠΕΡΙ
1773 362 2329 414 ΕΠΙΡΡΗΜΑΤΩΝ.

1667 482 1710 519 1>-
1738 472 1829 518 589.
1857 471 1908 511 26
1934 491 1982 500 -
2009 472 2101 520 592.
2128 472 2154 510 2
2179 472 2211 511 b

637 564 717 629 οὗ
761 566 864 630 καὶ
907 564 1027 630 δύο
1071 565 1255 629 τόνοι
1300 563 1803 642 ἐπιτεθήςονται,
1868 563 1995 629 ἅλα
2038 564 2127 629 δέ.
2174 601 2257 612 —-
2315 567 2520 646 ςαφὲς
2559 564 2680 630 οὖν
2723 566 2828 631 ’ὅτι
2873 566 3028 631 οὐδὲ
3071 568 3231 632 κατὰ

635 671 870 732 τοῦτον
926 669 1043 732 τόν
1101 667 1303 743 λόγον
1359 667 1438 731 τὸ
1492 665 1721 730 ἐνθάδε
1780 666 2126 731 ὑποπίπτει
2180 672 2275 749 τῷ
2329 668 2543 751 λόγῳ,
2608 668 2802 732 πάλιν
2859 672 2976 732 τοῦ
3031 668 3231 734 τόνου

639 769 1238 849 καταβιβαζομένου.
1293 804 1375 815 —-
1431 768 1543 862 Μή
1600 767 1756 832 ποτ’
1813 767 1935 833 οὖν
1989 773 2140 853 τῇδε
2197 767 2624 848 ἐςχηματίςθη.
2710 768 2836 833 ἔςτι
2891 771 2993 835 καὶ
3047 770 3232 848 ἑτέρα
3282 784 3335 824 ³0

640 872 992 948 παραγωγὴ
1037 870 1075 948 ἡ
1121 872 1229 935 διὰ
1270 875 1388 935 τοῦ
1433 875 1539 951 δε,
1583 868 1624 947 ἥ
1667 889 1761 934 τις
1807 870 1930 948 οὐχ
1977 869 2165 936 ἕνεκα
2208 870 2478 949 ςχέςεως
2520 874 2785 949 τοπικῆς
2815 872 3228 952 παραλαμβά-

570 984 603 1031 5
639 993 835 1051 νεται,
881 972 1040 1037 αὐτὸ
1086 973 1158 1036 δὲ
1203 972 1407 1051 μόνον
1453 972 1611 1036 κατὰ
1655 972 2076 1056 παραγωγήν,
2119 974 2231 1049 τῆς
2277 973 2574 1052 ςημαςίας
2603 973 2885 1039 πάντοτε
2919 975 3231 1053 μενούςης

638 1080 750 1153 τῆς
795 1076 991 1152 αὐτῆς
1035 1074 1138 1138 καὶ
1182 1076 1407 1152 φωνῆς
1450 1077 1563 1152 τῆς
1608 1072 1975 1153 ὁλοκλήρου
2019 1077 2132 1152 τῆς
2175 1076 2334 1139 κατὰ
2377 1074 2451 1138 τὸ
2497 1076 2949 1158 πρωτότυπον,
2993 1074 3111 1155 ἐφ’
3155 1074 3230 1153 ἧς
3266 1085 3367 1138 590

640 1178 742 1241 καὶ
787 1176 825 1240 ὁ
870 1176 1063 1240 τόνος
1106 1175 1445 1255 ἐφέλκεται
1489 1175 1619 1255 πρὸ
1664 1178 1782 1239 τοῦ
1827 1176 2083 1252 τέλους,
2144 1174 2358 1256 ὥςπερ
2416 1176 2549 1254 ἔχει
2592 1177 2769 1254 παρὰ
2809 1177 2886 1241 τὸ
2930 1180 3111 1242 τοῖος
3155 1177 3229 1241 τὸ

637 1277 984 1353 τοιόςδε,
1050 1277 1238 1342 τόςος
1292 1275 1657 1355 τοςόςδε,
1723 1278 1825 1341 καὶ
1891 1277 1963 1342 ἐν
2028 1277 2401 1356 ἐπιρρήμαςι
2454 1277 2531 1343 τὸ
2595 1281 2794 1357 τῆμος
2857 1278 3231 1357 τημόςδε,

638 1378 859 1458 τηνίκα
900 1400 1040 1458 την
1044 1379 1300 1474 Εεάδε.
1375 1377 1558 1457 εἴπερ
1604 1376 1724 1443 οὖν
1782 1376 1953 1443 ἴδιον
1997 1382 2180 1457 τῆςδε
2224 1382 2337 1458 τῆς
2382 1383 2773 1457 παραγωγῆς
2815 1381 2891 1444 τὸ
2948 1380 3020 1444 ἐν
3065 1379 3230 1444 ἀπο-

541 1489 603 1537 10
642 1484 800 1565 βολῇ
855 1483 973 1546 τοῦ
1043 1486 1114 1547 δε
1169 1481 1285 1559 τήν
1342 1479 1542 1558 αὐτὴν
1599 1479 1770 1558 ἔχειν
1828 1480 2129 1559 ςημαςίαν
2196 1482 2331 1545 τοῖς
2396 1481 2881 1564 πρωτοτύποις,
2948 1483 3049 1546 καὶ
3115 1482 3230 1560 τήν
3281 1503 3307 1543 5

641 1584 859 1649 ὀξεῖαν
905 1582 1281 1662 ἑφέλκεςθαι
1324 1581 1455 1659 πρὸ
1500 1585 1615 1644 τοῦ
1659 1581 1917 1664 τέλους,
1972 1585 2174 1659 δῆλον
2220 1581 2311 1646 ὡς
2352 1583 2453 1647 καὶ
2496 1584 2571 1647 τὸ
2616 1583 2845 1649 ἐνθάδε
2888 1587 3075 1660 τῆςδε
3118 1586 3229 1661 τῆς

638 1687 1034 1762 παραγωγῆς
1079 1683 1159 1748 ἂν
1205 1682 1326 1765 εἴη,
1374 1682 1592 1761 ἐπειδὴ
1636 1684 1717 1747 τὰ
1760 1682 2149 1763 προκείμενα
2192 1684 2313 1749 δύο
2358 1684 2779 1764 παρεπόμενόι
2822 1684 2986 1749 ἐςτιν
3031 1685 3102 1749 ἐν
3135 1690 3230 1766 τῷ

640 1786 887 1852 ἐνθάδε.
947 1822 1029 1831 -
1083 1785 1243 1851 κατὰ
1296 1784 1493 1849 τοῦτό
1545 1786 1620 1862 γέ
1676 1805 1776 1850 τοι
1829 1785 2035 1864 μόνον
2095 1786 2595 1864 ςεςημειώςεται,
2660 1786 2817 1851 καθὸ
2875 1787 2914 1866 ἡ
2970 1787 3231 1864 τοιαύτη

639 1889 997 1966 παραγωγὴ
1044 1886 1167 1967 οὐχ
1212 1885 1619 1963 οἱαιςδήποτε
1665 1889 1865 1954 λέξεςι
1908 1886 2256 1966 πρόςειςιν,
2311 1885 2479 1952 ἀλλὰ
2523 1887 2768 1967 μορίοις
2810 1887 3232 1953 ἀνταποδοτι-

542 1995 604 2044 ¹5
640 1994 778 2056 κοῖς
806 1993 941 2055 τοῖς
972 1989 1105 2055 ἀπὸ
1135 1992 1252 2054 τοῦ
1296 1992 1333 2054 ‘T’
1377 1988 1785 2073 ἀρχομένοις,
1832 1987 1925 2053 ὡς
1967 1988 2099 2069 ἔχει
2142 1989 2219 2053 τό
2262 1989 2586 2054 τοςόςδε
2631 1990 2732 2054 καὶ
2772 1991 2848 2054 τὸ
2892 1989 3229 2054 τοιόςδε.

642 2092 796 2156 οὐδὲ
838 2092 962 2171 γὰρ
1005 2091 1087 2156 τὰ
1129 2090 1296 2155 ἄλλα
1341 2091 1609 2172 ςύζυγα,
1667 2094 1747 2171 μὴ
1793 2091 2033 2169 ἔχοντα
2075 2091 2151 2155 τὸ
2195 2093 2263 2174 τ,
2317 2093 2431 2168 τῆς
2475 2094 2867 2169 παραγωγῆς
2911 2089 3227 2169 τυγχάνει,

641 2195 809 2271 λέγω
852 2195 928 2258 τὸ
973 2192 1194 2272 ἦμος,
1253 2191 1508 2274 ἡνίκα,
1565 2193 1621 2257 εἰ
1664 2194 1746 2272 μὴ
1790 2193 2048 2268 γένοιτο
2093 2195 2332 2271 τῆμος
2376 2193 2476 2256 καὶ
2517 2191 2813 2271 τηνίκα.
2888 2190 2969 2256 οὐ
3013 2192 3230 2269 παρεί-

639 2316 799 2360 πετο
845 2294 965 2359 οὖν
1010 2301 1100 2374 τῷ
1146 2294 1374 2360 ἐνθάδε
1417 2295 1495 2359 τὸ
1540 2298 1874 2358 τοιοῦτον·
1922 2293 2082 2358 κατὰ
2122 2297 2320 2359 τοῦτο
2365 2292 2492 2373 ἄρα
2537 2294 3024 2373 ςεςημειώςεται.

808 2397 962 2461 Τοῖς
1006 2395 1230 2460 αὐτοῖς
1280 2394 1716 2475 ἐπιχειρήμαςι
1770 2396 2070 2475 χρήςαιτο
2116 2395 2197 2460 ἄν
2239 2415 2333 2460 τις
2378 2397 2481 2460 καὶ
2536 2393 2639 2458 ἐπὶ
2680 2399 2798 2459 τοῦ
2854 2393 3083 2459 ἐνθεν
3130 2395 3229 2457 καὶ

537 2505 604 2553 ‘20
639 2499 994 2564 ἐνθένδε·
1065 2496 1264 2561 οὐδὲν
1324 2498 1449 2576 γὰρ
1513 2504 1649 2562 τῶν
1715 2497 1802 2562 εἰς
1863 2484 1980 2562 ee'v
2057 2496 2393 2575 ληγόντων
2473 2495 2925 2575 ἐπιρρημάτων
2990 2496 3229 2562 ἔξωθεν

638 2601 1035 2680 παραγωγὴν
1101 2596 1262 2676 ἴςχει
1315 2600 1431 2677 τὴν
1489 2600 1595 2664 διὰ
1648 2603 1767 2663 τοῦ
1822 2585 1915 2663 δε.
2002 2597 2298 2678 φαίνεται
2351 2597 2423 2663 δὲ
2475 2596 2608 2663 ὅτι“
2632 2596 2785 2662 οὐδὲ
2849 2597 2969 2662 δύο
3037 2597 3232 2663 λέξεις

639 2702 790 2769 εἰςὶν
844 2701 1310 2785 ἡμαρτημέναι,
1366 2699 1532 2765 ἀλλὰ
1578 2700 1714 2780 μία,
1774 2699 1906 2778 εἴγε
1952 2701 2053 2764 καὶ
2094 2700 2172 2764 τὸ
2230 2698 2417 2765 ἔνθεν
2462 2698 2935 2779 Δωρικώτερον
2979 2698 3229 2763 ἀπεδεί-

638 2811 757 2886 χθη
788 2803 1147 2883 γενόμενον
1179 2803 1398 2886 ἔνθα,
1440 2805 1650 2868 καθὼς
1681 2802 2086 2882 ἐπεδείξαμεν
2117 2803 2218 2867 καὶ
2246 2802 2393 2881 περὶ
2420 2805 2537 2869 τοῦ
2570 2802 2846 2880 πρόςθεν
2897 2802 3231 2883 πρόςθα,

638 2906 915 2986 ὕπερθεν
960 2905 1286 2984 ὕπερθα.

537 3010 603 3057 25
807 3008 983 3085 Ἔχοι
1040 3006 1108 3070 δ’
1162 3006 1243 3070 ἂν
1300 3006 1616 3071 ἑπίςταςιν
1671 3007 1775 3071 καὶ
1830 3007 1906 3070 τὸ
1960 3004 2139 3084 ὧδε,
2197 3006 2484 3085 ςυνήθως
2537 3006 2653 3084 μὲν
2709 3006 2826 3083 τὴν
2881 3004 2972 3069 εἰς
3022 3004 3228 3069 τόπον

640 3109 844 3189 ςχέςιν
901 3109 1177 3187 δηλοῦν,
1241 3106 1314 3172 ἐν
1371 3109 1443 3172 δὲ
1496 3110 1635 3172 τοῖς
1691 3107 2088 3187 Ὁμηρικοῖς,
2157 3106 2247 3171 ὡς
2303 3107 2686 3190 Ἀριςτάρχῳ
2742 3109 2949 3183 δοκεῖ,
3010 3106 3082 3171 ἐν
3135 3110 3230 3189 τῷ

639 3210 920 3275 καθόλου
966 3212 1048 3289 μὴ
1091 3212 1356 3286 τοπικῆς
1401 3208 1648 3287 ἔχεςθαι
1694 3210 1987 3290 ςχέςεως,
2033 3212 2146 3287 τῆς
2191 3210 2263 3273 δὲ
2305 3210 2467 3274 κατὰ
2496 3209 2826 3287 ποιότητα.
2891 3210 2994 3274 καὶ
3033 3208 3232 3288 ςαφές

641 3312 837 3388 ἐςτιν,
895 3309 994 3375 ὅτι
1049 3315 1127 3394 τῇ
1184 3311 1300 3391 μὲν
1345 3316 1701 3394 παραγωγῇ
1746 3318 1825 3397 τῇ
1872 3311 1978 3376 διὰ
2020 3315 2139 3376 τοῦ
2180 3298 2254 3376 δε
2300 3310 2420 3376 οὐκ
2473 3310 2806 3376 ἀπιθάνως
2849 3310 2925 3375 τὸ
2970 3309 3232 3389 ςύνηθες

776 3496 994 3551 Anevu.
1053 3499 1085 3547 3
1128 3493 1363 3548 Videtur
1397 3494 1572 3564 igitur
1607 3495 1680 3549 ad
1714 3497 1935 3552 τοιόεδε
1970 3493 2062 3550 all.
2099 3494 2526 3549 similitudinem
2564 3494 3048 3548 accommodatum
3083 3509 3229 3554 esse3

639 3611 705 3620 —
735 3587 799 3634 13
835 3595 1179 3648 quamquam
1213 3579 1321 3633 hoc
1357 3579 1526 3633 modo
1561 3596 1674 3634 non
1710 3580 1817 3633 nisi
1855 3579 2209 3647 correlativa,
2246 3595 2393 3648 quae
2429 3595 2466 3633 a
2498 3583 2534 3632 τ
2567 3577 2864 3647 incipiunt,
2901 3577 3231 3648 amplificari

638 3664 839 3719 solent.
876 3699 938 3708 —
984 3670 1046 3717 19
1082 3662 1295 3718 Eadem
1332 3663 1402 3718 de
1440 3665 1667 3719 ἐνθένδε
1703 3664 1813 3719 dici
1846 3667 2096 3733 possunt.
2132 3695 2198 3704 —
2235 3669 2301 3717 25
2335 3664 2468 3718 Ὧδε
2504 3664 2563 3716 in
2598 3678 2854 3716 sermone
2891 3662 3111 3732 vulgari
3147 3663 3235 3715 est

640 3749 812 3813 ‘hue’‚
868 3747 969 3801 eed
1016 3748 1243 3802 omnino
1300 3747 1538 3803 localem
1590 3750 1881 3804 notionem
1932 3764 2045 3802 non
2098 3748 2331 3803 induere
2390 3747 2540 3815 apud
2595 3745 2901 3801 Homerum
2953 3746 3235 3816 praecipit

639 3833 1012 3887 Aristarchus.
1082 3835 1165 3887 Ae
1200 3849 1337 3887 sane
1372 3849 1486 3887 non
1521 3833 1604 3888 ita.
1636 3833 1942 3910 formatpm
1977 3835 2087 3900 est,
2122 3835 2188 3886 ut
2222 3832 2414 3887 cetera
2445 3833 2506 3885 in
2541 3834 2609 3887 δέ
2642 3831 2910 3886 adverbia
2941 3830 3161 3890 localia.

774 4001 1002 4058 Τεοτικ.
1064 4008 1131 4058 26
1166 4003 1253 4057 Ει.
1288 4002 1362 4061 Μ.
1398 4009 1516 4068 820,
1552 4008 1619 4058 43
1640 3992 1788 4058 Ὧδε
1827 4004 2096 4071 σημαίνει
2133 3996 2244 4056 δύο
2278 3994 2438 4071 παρὰ
2472 4001 2551 4075 τῷ
2585 4002 2828 4073 ποιητῇ·
2865 3994 2930 4055 τὸ
2968 3992 3149 4064 οὕτως
3173 4040 3186 4054 .
3216 4044 3230 4058 .

641 4090 909 4157 σημαίνει
964 4088 1066 4142 καὶ
1112 4083 1177 4143 τὸ
1224 4085 1335 4143 νῦν
1375 4131 1387 4144 .
1426 4127 1440 4141 .
1477 4089 1747 4157 σημαίνει
1791 4088 1893 4142 καὶ
1944 4081 2125 4142 τόπον
2169 4083 2328 4156 παρὰ
2382 4092 2503 4149 τοῖς
2547 4080 2772 4154 ἄλλοις,
2829 4081 2894 4140 τὸ
2942 4081 3227 4142 ἐνταῦθα.

641 4173 911 4240 σημαίνει
948 4174 1047 4226 καὶ
1084 4168 1148 4227 τὸ
1185 4166 1364 4241 ὅπως,
1404 4174 1502 4225 καὶ
1539 4170 1786 4240 μάλιστα
1806 4165 2058 4242 Ὅμηρος
2093 4174 2262 4228 τοῦτο
2299 4168 2485 4226 οἶδεν·
2531 4163 2816 4227 οὖδέποτε
2852 4166 2920 4224 δὲ
2956 4164 3114 4240 παρὰ
3151 4171 3234 4244 τῷ

638 4255 850 4326 ποιητῇ
885 4250 1124 4312 τοπικὸν
1164 4248 1709 4324 εὖοίσκεταιμᾶλλὰ
1744 4252 1994 4312 πάντοτε
2033 4253 2165 4311 ἀντὶ
2202 4255 2303 4311 τοῦ
2342 4248 2552 4324 οὕτως,
2590 4252 2878 4324 ἐπίρρημα
2902 4250 3230 4323 μεσότητος.

642 4335 841 4396 Οὐδὲν
878 4338 943 4396 δὲ
984 4340 1070 4404 εἰς
1107 4341 1178 4398 δὲ
1212 4339 1389 4411 λῆγον
1423 4336 1662 4396 τοπικὸν
1701 4338 1818 4411 ἔχει
1854 4339 1966 4408 πρὸ
2005 4341 2110 4396 τοῦ
2135 4338 2332 4402 τέλους
2370 4337 2435 4396 τὸ
2461 4340 2531 4407 ὦ,
2568 4337 2719 4408 πλὴν
2746 4340 2849 4394 τοῦ
2876 4328 3012 4393 ὦδε·
3051 4331 3230 4394 οὐδὲν

642 4420 707 4478 δὲ
748 4423 831 4487 εἰς
868 4426 935 4480 δῖ
973 4425 1148 4495 λῆγον
1184 4421 1534 4496 δισύλλαβον
1570 4420 1808 4480 τοπικόν
1846 4421 2020 4480 ἐστιν.

777 4595 969 4650 Βιεοιι.
1006 4613 1198 4650 sempr.
1273 4604 1316 4653 1.
1353 4598 1777 4662 επιτεθηςονται
1813 4597 1880 4649 Αι
1918 4593 1975 4646 in
2013 4611 2206 4648 rasura.
2257 4596 2266 4663 Ι
2318 4601 2366 4651 6.
2406 4607 2739 4663 και·φωνης
2774 4611 2878 4663 της
2913 4596 3231 4661 ολοκληρου

637 4697 743 4747 της
777 4680 937 4750 siglis
972 4680 1162 4750 script.
1201 4680 1331 4739 add.
1369 4681 1439 4736 A²
1473 4680 1531 4732 in
1565 4695 1764 4748 marg„
1801 4678 2021 4748 recepit
2055 4680 2117 4745 b,
2156 4695 2263 4734 om.
2300 4681 2366 4734 Αί
2398 4683 2408 4748 Ι
2440 4685 2489 4733 7.
2524 4680 2655 4748 post
2690 4682 2988 4746 εφελκεται
3024 4676 3231 4731 desinit

638 4763 734 4816 fol.
779 4771 873 4820 138
897 4784 967 4828 r.;
1007 4765 1206 4820 eadem
1242 4780 1351 4818 vox
1387 4764 1632 4833 repetita
1664 4763 1723 4816 in
1758 4763 1919 4817 initio
1955 4763 2049 4819 fol.
2089 4770 2183 4820 138
2207 4782 2260 4818 v.
2324 4766 2333 4833 Ι
2401 4769 2478 4821 12.
2517 4765 2700 4818 επειδε
2739 4765 2783 4817 Α
2837 4765 2847 4830 Ι
2903 4769 2982 4818 19.
3016 4778 3101 4816 τις
3138 4763 3231 4816 καὶ

639 4849 732 4904 ἐπὶ
768 4848 831 4915 b,
868 4866 925 4903 τι
961 4866 1096 4905 κεπι
1133 4851 1177 4905 Α

3287 1910 3336 1949 10

3287 2313 3334 2353 15
