<?xml version="1.0" encoding="UTF-8"?>
<!DOCTYPE html PUBLIC "-//W3C//DTD XHTML 1.0 Transitional//EN"
    "http://www.w3.org/TR/xhtml1/DTD/xhtml1-transitional.dtd">
<html xmlns="http://www.w3.org/1999/xhtml" xml:lang="en" lang="en">
 <head>
  <title>
</title>
<meta http-equiv="Content-Type" content="text/html;charset=utf-8" />
  <meta name='ocr-system' content='tesseract 3.04.00' />
  <meta name='ocr-capabilities' content='ocr_page ocr_carea ocr_par ocr_line ocrx_word'/>
</head>
<body>
  <div class='ocr_page' id='page_1' title='image "./grammaticigraec00unkngoog_0168.png"; bbox 0 0 3738 5530; ppageno 0'>
   <div class='ocr_carea' id='block_1_1' title="bbox 564 279 2249 442">
    <p class='ocr_par' dir='ltr' id='par_1_1' title="bbox 564 279 2249 442">
     <span class='ocr_line' id='line_1_1' title="bbox 564 279 2249 344; baseline 0.001 -12"><span class='ocrx_word' id='word_1_1' title='bbox 564 279 686 344; x_wconf 83' lang='grc'>150</span> <span class='ocrx_word' id='word_1_2' title='bbox 1467 283 1649 333; x_wconf 86' lang='grc' dir='ltr'><strong>ΠΕΡΙ</strong></span> <span class='ocrx_word' id='word_1_3' title='bbox 1686 282 2249 334; x_wconf 76' lang='grc' dir='ltr'>ΕΠῙΡΡΗΜΑΤΩΝ.</span> 
     </span>
     <span class='ocr_line' id='line_1_2' title="bbox 1583 392 2133 442; baseline 0.002 -11"><span class='ocrx_word' id='word_1_4' title='bbox 1583 403 1625 440; x_wconf 80' lang='lat' dir='ltr'>p.</span> <span class='ocrx_word' id='word_1_5' title='bbox 1657 392 1748 440; x_wconf 76' lang='lat'><strong>559,</strong></span> <span class='ocrx_word' id='word_1_6' title='bbox 1777 393 1827 431; x_wconf 77' lang='lat'>83</span> <span class='ocrx_word' id='word_1_7' title='bbox 1855 411 1906 420; x_wconf 92' lang='lat'><strong>—</strong></span> <span class='ocrx_word' id='word_1_8' title='bbox 1931 393 2023 442; x_wconf 76' lang='lat'>662,</span> <span class='ocrx_word' id='word_1_9' title='bbox 2052 393 2077 432; x_wconf 79' lang='lat'><strong>3</strong></span> <span class='ocrx_word' id='word_1_10' title='bbox 2103 394 2133 432; x_wconf 87' lang='lat' dir='ltr'>b</span> 
     </span>
    </p>
   </div>
   <div class='ocr_carea' id='block_1_2' title="bbox 467 485 3289 3116">
    <p class='ocr_par' dir='ltr' id='par_1_2' title="bbox 467 485 3289 3116">
     <span class='ocr_line' id='line_1_3' title="bbox 558 485 3289 567; baseline 0.001 -18"><span class='ocrx_word' id='word_1_11' title='bbox 558 485 668 563; x_wconf 87' lang='grc' dir='ltr'>ἥτε</span> <span class='ocrx_word' id='word_1_12' title='bbox 710 486 824 550; x_wconf 89' lang='grc' dir='ltr'>τὰς</span> <span class='ocrx_word' id='word_1_13' title='bbox 868 485 1004 551; x_wconf 83' lang='grc' dir='ltr'>ἴςας</span> <span class='ocrx_word' id='word_1_14' title='bbox 1050 487 1364 565; x_wconf 87' lang='grc' dir='ltr'>ςυλλαβὰς</span> <span class='ocrx_word' id='word_1_15' title='bbox 1408 488 1598 564; x_wconf 85' lang='grc' dir='ltr'>τηρεῖ.</span> <span class='ocrx_word' id='word_1_16' title='bbox 1644 522 1725 531; x_wconf 92' lang='lat'>-—</span> <span class='ocrx_word' id='word_1_17' title='bbox 1781 489 1893 562; x_wconf 86' lang='grc' dir='ltr'>τῆς</span> <span class='ocrx_word' id='word_1_18' title='bbox 1948 487 2019 550; x_wconf 77' lang='grc' dir='ltr'>δὲ</span> <span class='ocrx_word' id='word_1_19' title='bbox 2074 486 2450 552; x_wconf 86' lang='grc' dir='ltr'>διαςτάςεως</span> <span class='ocrx_word' id='word_1_20' title='bbox 2495 485 2753 567; x_wconf 88' lang='grc' dir='ltr'>ἀφορμή</span> <span class='ocrx_word' id='word_1_21' title='bbox 2800 487 2967 553; x_wconf 78' lang='grc' dir='ltr'>ἐςτιν</span> <span class='ocrx_word' id='word_1_22' title='bbox 3019 487 3151 566; x_wconf 81' lang='grc' dir='ltr'>ἣδε.</span> <span class='ocrx_word' id='word_1_23' title='bbox 3188 504 3289 552; x_wconf 79' lang='lat'>560</span> 
     </span>
     <span class='ocr_line' id='line_1_4' title="bbox 561 587 3155 672; baseline 0.001 -20"><span class='ocrx_word' id='word_1_24' title='bbox 561 587 680 652; x_wconf 86' lang='grc' dir='ltr'>οὐκ</span> <span class='ocrx_word' id='word_1_25' title='bbox 725 587 891 653; x_wconf 84' lang='grc' dir='ltr'>ἔςτιν</span> <span class='ocrx_word' id='word_1_26' title='bbox 937 588 1264 667; x_wconf 84' lang='grc' dir='ltr'>ἐπινοῆςαι</span> <span class='ocrx_word' id='word_1_27' title='bbox 1308 589 1424 667; x_wconf 90' lang='grc' dir='ltr'>&lt;τό</span> <span class='ocrx_word' id='word_1_28' title='bbox 1469 589 1553 669; x_wconf 82' lang='grc' dir='ltr'>ἦ)</span> <span class='ocrx_word' id='word_1_29' title='bbox 1598 588 1696 652; x_wconf 88' lang='grc' dir='ltr'>καὶ</span> <span class='ocrx_word' id='word_1_30' title='bbox 1740 589 1816 652; x_wconf 91' lang='grc' dir='ltr'>τὸ</span> <span class='ocrx_word' id='word_1_31' title='bbox 1866 592 1903 653; x_wconf 84' lang='grc' dir='ltr'>ὖ</span> <span class='ocrx_word' id='word_1_32' title='bbox 1949 588 2018 654; x_wconf 82' lang='grc' dir='ltr'>ἐν</span> <span class='ocrx_word' id='word_1_33' title='bbox 2064 594 2172 670; x_wconf 88' lang='grc' dir='ltr'>μιᾷ</span> <span class='ocrx_word' id='word_1_34' title='bbox 2216 589 2528 672; x_wconf 86' lang='grc' dir='ltr'>ςυλλαβῇ,</span> <span class='ocrx_word' id='word_1_35' title='bbox 2574 588 2683 653; x_wconf 88' lang='grc' dir='ltr'>ὅτε</span> <span class='ocrx_word' id='word_1_36' title='bbox 2729 591 2808 668; x_wconf 88' lang='grc' dir='ltr'>μὴ</span> <span class='ocrx_word' id='word_1_37' title='bbox 2856 589 2926 653; x_wconf 85' lang='grc' dir='ltr'>ἐν</span> <span class='ocrx_word' id='word_1_38' title='bbox 2968 591 3155 654; x_wconf 88' lang='grc' dir='ltr'>κλίςει</span> 
     </span>
     <span class='ocr_line' id='line_1_5' title="bbox 563 689 3154 773; baseline 0 -20"><span class='ocrx_word' id='word_1_39' title='bbox 563 689 866 767; x_wconf 85' lang='grc' dir='ltr'>ῥήματος,</span> <span class='ocrx_word' id='word_1_40' title='bbox 926 689 1105 754; x_wconf 85' lang='grc' dir='ltr'>αὐλῶ</span> <span class='ocrx_word' id='word_1_41' title='bbox 1150 690 1427 773; x_wconf 85' lang='grc' dir='ltr'>ηὔλουν,</span> <span class='ocrx_word' id='word_1_42' title='bbox 1484 691 1666 770; x_wconf 85' lang='grc' dir='ltr'>αὐχῶ</span> <span class='ocrx_word' id='word_1_43' title='bbox 1723 689 1985 769; x_wconf 86' lang='grc' dir='ltr'>ηὔχουν.</span> <span class='ocrx_word' id='word_1_44' title='bbox 2061 690 2372 766; x_wconf 90' lang='grc' dir='ltr'>ἀναγκαία</span> <span class='ocrx_word' id='word_1_45' title='bbox 2429 689 2554 768; x_wconf 87' lang='grc' dir='ltr'>ἄρα</span> <span class='ocrx_word' id='word_1_46' title='bbox 2601 691 2636 768; x_wconf 86' lang='grc' dir='ltr'>ἡ</span> <span class='ocrx_word' id='word_1_47' title='bbox 2683 690 2993 755; x_wconf 84' lang='grc' dir='ltr'>διάςταςις</span> <span class='ocrx_word' id='word_1_48' title='bbox 3038 695 3154 754; x_wconf 85' lang='grc' dir='ltr'>τοῦ</span> 
     </span>
     <span class='ocr_line' id='line_1_6' title="bbox 560 786 3235 872; baseline 0.001 -17"><span class='ocrx_word' id='word_1_49' title='bbox 560 786 727 869; x_wconf 77' lang='grc' dir='ltr'>ἠΰτε.</span> <span class='ocrx_word' id='word_1_50' title='bbox 808 791 993 857; x_wconf 84' lang='grc' dir='ltr'>ἔνθεν</span> <span class='ocrx_word' id='word_1_51' title='bbox 1050 797 1212 867; x_wconf 87' lang='grc' dir='ltr'>γοῦν</span> <span class='ocrx_word' id='word_1_52' title='bbox 1269 794 1479 872; x_wconf 82' lang='grc' dir='ltr'>φαμὲν</span> <span class='ocrx_word' id='word_1_53' title='bbox 1539 793 1727 858; x_wconf 82' lang='grc' dir='ltr'>ἕνεκα</span> <span class='ocrx_word' id='word_1_54' title='bbox 1786 795 1902 872; x_wconf 78' lang='grc' dir='ltr'>μὲν</span> <span class='ocrx_word' id='word_1_55' title='bbox 1959 793 2378 872; x_wconf 91' lang='grc' dir='ltr'>μεταλήψεως</span> <span class='ocrx_word' id='word_1_56' title='bbox 2435 797 2549 856; x_wconf 85' lang='grc' dir='ltr'>τοῦ</span> <span class='ocrx_word' id='word_1_57' title='bbox 2593 796 2638 855; x_wconf 77' lang='grc' dir='ltr'>ἃ</span> <span class='ocrx_word' id='word_1_58' title='bbox 2683 791 2771 856; x_wconf 86' lang='grc' dir='ltr'>εἰς</span> <span class='ocrx_word' id='word_1_59' title='bbox 2813 796 2853 871; x_wconf 83' lang='grc' dir='ltr'>ἦ</span> <span class='ocrx_word' id='word_1_60' title='bbox 2911 812 3153 871; x_wconf 86' lang='grc' dir='ltr'>κατωρ-</span> <span class='ocrx_word' id='word_1_61' title='bbox 3209 818 3235 857; x_wconf 78' lang='lat'><strong>5</strong></span> 
     </span>
     <span class='ocr_line' id='line_1_7' title="bbox 497 893 3156 974; baseline 0 -18"><span class='ocrx_word' id='word_1_62' title='bbox 497 909 528 956; x_wconf 88' lang='lat'>5</span> <span class='ocrx_word' id='word_1_63' title='bbox 565 901 798 962; x_wconf 88' lang='grc' dir='ltr'>θῶςθαι</span> <span class='ocrx_word' id='word_1_64' title='bbox 842 895 918 959; x_wconf 90' lang='grc' dir='ltr'>τὸ</span> <span class='ocrx_word' id='word_1_65' title='bbox 962 898 1187 972; x_wconf 87' lang='grc' dir='ltr'>γρηῦς,</span> <span class='ocrx_word' id='word_1_66' title='bbox 1249 894 1432 959; x_wconf 83' lang='grc' dir='ltr'>ἕνεκα</span> <span class='ocrx_word' id='word_1_67' title='bbox 1478 896 1550 959; x_wconf 79' lang='grc' dir='ltr'>δὲ</span> <span class='ocrx_word' id='word_1_68' title='bbox 1594 899 1712 964; x_wconf 78' lang='grc' dir='ltr'>τοῦ,</span> <span class='ocrx_word' id='word_1_69' title='bbox 1755 896 1871 972; x_wconf 89' lang='grc' dir='ltr'>τὴν</span> <span class='ocrx_word' id='word_1_70' title='bbox 1914 893 2217 972; x_wconf 87' lang='grc' dir='ltr'>τοιαύτην</span> <span class='ocrx_word' id='word_1_71' title='bbox 2266 895 2585 974; x_wconf 86' lang='grc' dir='ltr'>ςυλλαβὴν</span> <span class='ocrx_word' id='word_1_72' title='bbox 2646 896 2726 972; x_wconf 86' lang='grc' dir='ltr'>μὴ</span> <span class='ocrx_word' id='word_1_73' title='bbox 2774 894 3156 967; x_wconf 84' lang='grc' dir='ltr'>εύρίςκεςθαι</span> 
     </span>
     <span class='ocr_line' id='line_1_8' title="bbox 555 996 1504 1076; baseline -0.002 -13"><span class='ocrx_word' id='word_1_74' title='bbox 555 996 1126 1073; x_wconf 74' lang='grc' dir='ltr'>διαςτατικώτερόν</span> <span class='ocrx_word' id='word_1_75' title='bbox 1174 1017 1385 1076; x_wconf 87' lang='grc' dir='ltr'>φαμεν</span> <span class='ocrx_word' id='word_1_76' title='bbox 1431 997 1504 1061; x_wconf 90' lang='grc' dir='ltr'>τὸ</span> 
     </span>
     <span class='ocr_line' id='line_1_9' title="bbox 813 1090 1629 1182; baseline -0.002 -20"><span class='ocrx_word' id='word_1_77' title='bbox 813 1090 1010 1176; x_wconf 76' lang='grc' dir='ltr'>γρηῢς</span> <span class='ocrx_word' id='word_1_78' title='bbox 1056 1097 1373 1176; x_wconf 86' lang='grc' dir='ltr'>Ἀπειραίη</span> <span class='ocrx_word' id='word_1_79' title='bbox 1421 1096 1487 1182; x_wconf 87' lang='grc' dir='ltr'>(η</span> <span class='ocrx_word' id='word_1_80' title='bbox 1533 1097 1629 1181; x_wconf 83' lang='grc'>8)·</span> 
     </span>
     <span class='ocr_line' id='line_1_10' title="bbox 563 1198 3263 1288; baseline 0 -24"><span class='ocrx_word' id='word_1_81' title='bbox 563 1200 661 1266; x_wconf 88' lang='grc' dir='ltr'>ὅτι</span> <span class='ocrx_word' id='word_1_82' title='bbox 704 1202 827 1278; x_wconf 90' lang='grc' dir='ltr'>γὰρ</span> <span class='ocrx_word' id='word_1_83' title='bbox 874 1199 942 1262; x_wconf 84' lang='grc' dir='ltr'>ἐκ</span> <span class='ocrx_word' id='word_1_84' title='bbox 981 1200 1477 1280; x_wconf 84' lang='grc' dir='ltr'>μονοςυλλάβου</span> <span class='ocrx_word' id='word_1_85' title='bbox 1523 1203 1826 1283; x_wconf 84' lang='grc' dir='ltr'>διῄρηται,</span> <span class='ocrx_word' id='word_1_86' title='bbox 1875 1204 2237 1282; x_wconf 85' lang='grc' dir='ltr'>προῦπτον,</span> <span class='ocrx_word' id='word_1_87' title='bbox 2284 1198 2556 1264; x_wconf 84' lang='grc' dir='ltr'>διδάςκει</span> <span class='ocrx_word' id='word_1_88' title='bbox 2602 1202 2673 1264; x_wconf 83' lang='grc' dir='ltr'>δὲ</span> <span class='ocrx_word' id='word_1_89' title='bbox 2705 1200 2804 1288; x_wconf 85' lang='grc' dir='ltr'>καὶ</span> <span class='ocrx_word' id='word_1_90' title='bbox 2840 1200 2878 1278; x_wconf 86' lang='grc' dir='ltr'>ἡ</span> <span class='ocrx_word' id='word_1_91' title='bbox 2919 1200 3156 1282; x_wconf 85' lang='grc' dir='ltr'>γενική,</span> <span class='ocrx_word' id='word_1_92' title='bbox 3214 1226 3263 1264; x_wconf 83' lang='grc' dir='ltr'>ιο</span> 
     </span>
     <span class='ocr_line' id='line_1_11' title="bbox 565 1300 1314 1387; baseline -0.003 -20"><span class='ocrx_word' id='word_1_93' title='bbox 565 1300 1064 1381; x_wconf 82' lang='grc' dir='ltr'>διςυλλαβήςαςα</span> <span class='ocrx_word' id='word_1_94' title='bbox 1110 1301 1177 1366; x_wconf 84' lang='grc' dir='ltr'>ἐν</span> <span class='ocrx_word' id='word_1_95' title='bbox 1225 1309 1314 1387; x_wconf 82' lang='grc' dir='ltr'>τῷ</span> 
     </span>
     <span class='ocr_line' id='line_1_12' title="bbox 467 1403 2957 1498; baseline 0.004 -34"><span class='ocrx_word' id='word_1_96' title='bbox 467 1418 528 1466; x_wconf 92' lang='lat'>10</span> <span class='ocrx_word' id='word_1_97' title='bbox 816 1404 1013 1481; x_wconf 74' lang='grc' dir='ltr'>Υβηὸε</span> <span class='ocrx_word' id='word_1_98' title='bbox 1059 1403 1475 1483; x_wconf 85' lang='grc' dir='ltr'>ὀδυρομένης.</span> <span class='ocrx_word' id='word_1_99' title='bbox 2892 1483 2898 1488; x_wconf 44' lang='grc'>,</span> <span class='ocrx_word' id='word_1_100' title='bbox 2927 1459 2957 1498; x_wconf 37' lang='grc'>4,</span> 
     </span>
     <span class='ocr_line' id='line_1_13' title="bbox 564 1505 3159 1588; baseline 0.001 -18"><span class='ocrx_word' id='word_1_101' title='bbox 564 1507 603 1587; x_wconf 87' lang='grc' dir='ltr'>ἡ</span> <span class='ocrx_word' id='word_1_102' title='bbox 648 1508 771 1585; x_wconf 88' lang='grc' dir='ltr'>γὰρ</span> <span class='ocrx_word' id='word_1_103' title='bbox 817 1506 904 1570; x_wconf 92' lang='grc' dir='ltr'>εἰς</span> <span class='ocrx_word' id='word_1_104' title='bbox 935 1510 1051 1583; x_wconf 78' lang='grc' dir='ltr'>ῆῡς</span> <span class='ocrx_word' id='word_1_105' title='bbox 1095 1505 1309 1570; x_wconf 82' lang='grc' dir='ltr'>εὐθεῖα</span> <span class='ocrx_word' id='word_1_106' title='bbox 1350 1507 1726 1588; x_wconf 81' lang='grc' dir='ltr'>διςύλλαβος</span> <span class='ocrx_word' id='word_1_107' title='bbox 1769 1508 2024 1585; x_wconf 87' lang='grc' dir='ltr'>γενικὴν</span> <span class='ocrx_word' id='word_1_108' title='bbox 2056 1507 2473 1588; x_wconf 85' lang='grc' dir='ltr'>τριςύλλαβον</span> <span class='ocrx_word' id='word_1_109' title='bbox 2505 1505 2827 1582; x_wconf 87' lang='grc' dir='ltr'>ἀποτελεῖ,</span> <span class='ocrx_word' id='word_1_110' title='bbox 2874 1507 3159 1586; x_wconf 89' lang='grc' dir='ltr'>καθάπερ</span> 
     </span>
     <span class='ocr_line' id='line_1_14' title="bbox 564 1607 3160 1688; baseline 0 -15"><span class='ocrx_word' id='word_1_111' title='bbox 564 1611 604 1688; x_wconf 87' lang='grc' dir='ltr'><strong>ἡ</strong></span> <span class='ocrx_word' id='word_1_112' title='bbox 650 1610 841 1686; x_wconf 86' lang='grc' dir='ltr'>γένυς</span> <span class='ocrx_word' id='word_1_113' title='bbox 887 1611 999 1685; x_wconf 84' lang='grc' dir='ltr'>τῆς</span> <span class='ocrx_word' id='word_1_114' title='bbox 1043 1608 1291 1683; x_wconf 85' lang='grc' dir='ltr'>γένυος.</span> <span class='ocrx_word' id='word_1_115' title='bbox 1368 1609 1671 1672; x_wconf 88' lang='grc' dir='ltr'>ἀποτελεῖ</span> <span class='ocrx_word' id='word_1_116' title='bbox 1714 1611 1784 1673; x_wconf 80' lang='grc' dir='ltr'>δὲ</span> <span class='ocrx_word' id='word_1_117' title='bbox 1830 1609 2214 1687; x_wconf 85' lang='grc' dir='ltr'>διςύλλαβον</span> <span class='ocrx_word' id='word_1_118' title='bbox 2259 1610 2514 1686; x_wconf 87' lang='grc' dir='ltr'>γενικὴν</span> <span class='ocrx_word' id='word_1_119' title='bbox 2560 1610 2678 1685; x_wconf 88' lang='grc' dir='ltr'>τὴν</span> <span class='ocrx_word' id='word_1_120' title='bbox 2721 1609 2944 1686; x_wconf 87' lang='grc' dir='ltr'>γρηός·</span> <span class='ocrx_word' id='word_1_121' title='bbox 2999 1607 3160 1688; x_wconf 88' lang='grc' dir='ltr'>ὅπερ</span> 
     </span>
     <span class='ocr_line' id='line_1_15' title="bbox 568 1709 3266 1790; baseline 0 -15"><span class='ocrx_word' id='word_1_122' title='bbox 568 1712 917 1790; x_wconf 87' lang='grc' dir='ltr'>παρείπετο</span> <span class='ocrx_word' id='word_1_123' title='bbox 965 1713 1102 1774; x_wconf 84' lang='grc' dir='ltr'>ταῖς</span> <span class='ocrx_word' id='word_1_124' title='bbox 1145 1711 1650 1790; x_wconf 86' lang='grc' dir='ltr'>μονοςυλλάβοις</span> <span class='ocrx_word' id='word_1_125' title='bbox 1695 1709 1984 1774; x_wconf 85' lang='grc' dir='ltr'>εὐθείαις.</span> <span class='ocrx_word' id='word_1_126' title='bbox 2016 1746 2096 1756; x_wconf 92' lang='lat'>—-</span> <span class='ocrx_word' id='word_1_127' title='bbox 2144 1709 2471 1787; x_wconf 85' lang='grc' dir='ltr'>ἀπειράκις</span> <span class='ocrx_word' id='word_1_128' title='bbox 2516 1711 2587 1773; x_wconf 81' lang='grc' dir='ltr'>δὲ</span> <span class='ocrx_word' id='word_1_129' title='bbox 2632 1709 2899 1788; x_wconf 80' lang='grc' dir='ltr'>ἐδείχθη,</span> <span class='ocrx_word' id='word_1_130' title='bbox 2948 1710 3044 1775; x_wconf 88' lang='grc' dir='ltr'>ὅτι</span> <span class='ocrx_word' id='word_1_131' title='bbox 3081 1711 3160 1775; x_wconf 87' lang='grc' dir='ltr'>οὐ</span> <span class='ocrx_word' id='word_1_132' title='bbox 3218 1737 3266 1775; x_wconf 84' lang='lat'>15</span> 
     </span>
     <span class='ocr_line' id='line_1_16' title="bbox 570 1810 2949 1892; baseline -0.003 -14"><span class='ocrx_word' id='word_1_133' title='bbox 570 1814 735 1892; x_wconf 89' lang='grc' dir='ltr'>πρὸς</span> <span class='ocrx_word' id='word_1_134' title='bbox 780 1813 859 1876; x_wconf 86' lang='grc' dir='ltr'>τὰ</span> <span class='ocrx_word' id='word_1_135' title='bbox 903 1810 1074 1890; x_wconf 86' lang='grc' dir='ltr'>πάθη</span> <span class='ocrx_word' id='word_1_136' title='bbox 1121 1810 1185 1875; x_wconf 85' lang='grc' dir='ltr'>αἱ</span> <span class='ocrx_word' id='word_1_137' title='bbox 1229 1813 1453 1876; x_wconf 86' lang='grc' dir='ltr'>κλίςεις</span> <span class='ocrx_word' id='word_1_138' title='bbox 1498 1811 1981 1891; x_wconf 84' lang='grc' dir='ltr'>ἀπαρτίζονται,</span> <span class='ocrx_word' id='word_1_139' title='bbox 2028 1811 2192 1890; x_wconf 90' lang='grc' dir='ltr'>πρὸς</span> <span class='ocrx_word' id='word_1_140' title='bbox 2236 1813 2307 1875; x_wconf 78' lang='grc' dir='ltr'>δὲ</span> <span class='ocrx_word' id='word_1_141' title='bbox 2353 1813 2432 1876; x_wconf 90' lang='grc' dir='ltr'>τά</span> <span class='ocrx_word' id='word_1_142' title='bbox 2478 1811 2819 1890; x_wconf 87' lang='grc' dir='ltr'>ὁλόκληρα.</span> <span class='ocrx_word' id='word_1_143' title='bbox 2868 1847 2949 1856; x_wconf 90' lang='lat'>-—</span> 
     </span>
     <span class='ocr_line' id='line_1_17' title="bbox 476 1912 3165 1993; baseline 0.002 -22"><span class='ocrx_word' id='word_1_144' title='bbox 476 1924 538 1973; x_wconf 79' lang='lat'>15</span> <span class='ocrx_word' id='word_1_145' title='bbox 745 1915 1020 1992; x_wconf 87' lang='grc' dir='ltr'>Βραχεῑα</span> <span class='ocrx_word' id='word_1_146' title='bbox 1074 1914 1146 1977; x_wconf 79' lang='grc' dir='ltr'>δὲ</span> <span class='ocrx_word' id='word_1_147' title='bbox 1203 1913 1465 1993; x_wconf 88' lang='grc' dir='ltr'>ἀφορμή</span> <span class='ocrx_word' id='word_1_148' title='bbox 1523 1913 1648 1979; x_wconf 85' lang='grc' dir='ltr'>ἐςτι</span> <span class='ocrx_word' id='word_1_149' title='bbox 1703 1919 1820 1978; x_wconf 86' lang='grc' dir='ltr'>τοῦ</span> <span class='ocrx_word' id='word_1_150' title='bbox 1876 1915 1979 1978; x_wconf 86' lang='grc' dir='ltr'>καὶ</span> <span class='ocrx_word' id='word_1_151' title='bbox 2032 1914 2108 1978; x_wconf 89' lang='grc' dir='ltr'>τὸ</span> <span class='ocrx_word' id='word_1_152' title='bbox 2165 1912 2308 1977; x_wconf 85' lang='grc' dir='ltr'>εὖτε</span> <span class='ocrx_word' id='word_1_153' title='bbox 2364 1912 2966 1992; x_wconf 87' lang='grc' dir='ltr'>παραλαμβάνεςθαι</span> <span class='ocrx_word' id='word_1_154' title='bbox 3022 1912 3165 1978; x_wconf 86' lang='grc' dir='ltr'>ἀντὶ</span> 
     </span>
     <span class='ocr_line' id='line_1_18' title="bbox 569 2013 2312 2095; baseline -0.001 -15"><span class='ocrx_word' id='word_1_155' title='bbox 569 2020 686 2080; x_wconf 85' lang='grc' dir='ltr'>τοῦ</span> <span class='ocrx_word' id='word_1_156' title='bbox 731 2013 901 2093; x_wconf 85' lang='grc' dir='ltr'>ηὖτε.</span> <span class='ocrx_word' id='word_1_157' title='bbox 980 2014 1060 2078; x_wconf 91' lang='grc' dir='ltr'>ὃν</span> <span class='ocrx_word' id='word_1_158' title='bbox 1107 2015 1229 2091; x_wconf 94' lang='grc' dir='ltr'>γάρ</span> <span class='ocrx_word' id='word_1_159' title='bbox 1273 2016 1521 2095; x_wconf 91' lang='grc' dir='ltr'>τρόπον</span> <span class='ocrx_word' id='word_1_160' title='bbox 1566 2018 1640 2081; x_wconf 89' lang='grc' dir='ltr'>τὸ</span> <span class='ocrx_word' id='word_1_161' title='bbox 1690 2015 1780 2081; x_wconf 89' lang='grc' dir='ltr'>ὥς</span> <span class='ocrx_word' id='word_1_162' title='bbox 1827 2016 1970 2081; x_wconf 84' lang='grc' dir='ltr'>ἀντὶ</span> <span class='ocrx_word' id='word_1_163' title='bbox 2012 2018 2129 2080; x_wconf 85' lang='grc' dir='ltr'>τοῦ</span> <span class='ocrx_word' id='word_1_164' title='bbox 2176 2014 2312 2090; x_wconf 86' lang='grc' dir='ltr'>ὅτε,</span> 
     </span>
     <span class='ocr_line' id='line_1_19' title="bbox 824 2115 2311 2200; baseline -0.001 -20"><span class='ocrx_word' id='word_1_165' title='bbox 824 2117 1065 2195; x_wconf 87' lang='grc' dir='ltr'>Ἕκτωρ</span> <span class='ocrx_word' id='word_1_166' title='bbox 1112 2115 1180 2180; x_wconf 76' lang='grc' dir='ltr'>δ’</span> <span class='ocrx_word' id='word_1_167' title='bbox 1225 2116 1317 2181; x_wconf 82' lang='grc' dir='ltr'>ὡς</span> <span class='ocrx_word' id='word_1_168' title='bbox 1362 2116 1585 2181; x_wconf 70' lang='grc' dir='ltr'>(Σκαιάς</span> <span class='ocrx_word' id='word_1_169' title='bbox 1630 2137 1697 2181; x_wconf 84' lang='grc' dir='ltr'>τε</span> <span class='ocrx_word' id='word_1_170' title='bbox 1744 2119 1952 2182; x_wconf 85' lang='grc' dir='ltr'>πύλας</span> <span class='ocrx_word' id='word_1_171' title='bbox 2000 2115 2083 2200; x_wconf 91' lang='grc' dir='ltr'>(Ζ</span> <span class='ocrx_word' id='word_1_172' title='bbox 2127 2116 2311 2198; x_wconf 79' lang='grc'>237),</span> 
     </span>
     <span class='ocr_line' id='line_1_20' title="bbox 569 2215 3265 2299; baseline 0 -15"><span class='ocrx_word' id='word_1_173' title='bbox 569 2221 730 2285; x_wconf 88' lang='grc' dir='ltr'>κατὰ</span> <span class='ocrx_word' id='word_1_174' title='bbox 772 2220 888 2284; x_wconf 89' lang='grc' dir='ltr'>τὸν</span> <span class='ocrx_word' id='word_1_175' title='bbox 934 2216 1134 2282; x_wconf 85' lang='grc' dir='ltr'>αὐτὸν</span> <span class='ocrx_word' id='word_1_176' title='bbox 1193 2220 1269 2297; x_wconf 77' lang='grc' dir='ltr'>δὴ</span> <span class='ocrx_word' id='word_1_177' title='bbox 1313 2219 1561 2298; x_wconf 90' lang='grc' dir='ltr'>τρόπον</span> <span class='ocrx_word' id='word_1_178' title='bbox 1610 2219 1803 2284; x_wconf 79' lang='grc' dir='ltr'>οὐδὲν</span> <span class='ocrx_word' id='word_1_179' title='bbox 1851 2218 2084 2282; x_wconf 85' lang='grc' dir='ltr'>κωλύει</span> <span class='ocrx_word' id='word_1_180' title='bbox 2127 2219 2229 2282; x_wconf 89' lang='grc' dir='ltr'>καὶ</span> <span class='ocrx_word' id='word_1_181' title='bbox 2272 2217 2346 2282; x_wconf 89' lang='grc' dir='ltr'>τὸ</span> <span class='ocrx_word' id='word_1_182' title='bbox 2405 2215 2568 2282; x_wconf 80' lang='grc' dir='ltr'>εὖτ’</span> <span class='ocrx_word' id='word_1_183' title='bbox 2613 2216 2887 2299; x_wconf 87' lang='grc' dir='ltr'>ὄρεος,</span> <span class='ocrx_word' id='word_1_184' title='bbox 2946 2223 3160 2298; x_wconf 76' lang='grc' dir='ltr'>ςημαῖ·</span> <span class='ocrx_word' id='word_1_185' title='bbox 3214 2246 3265 2286; x_wconf 81' lang='lat'>20</span> 
     </span>
     <span class='ocr_line' id='line_1_21' title="bbox 570 2318 2711 2410; baseline -0.003 -23"><span class='ocrx_word' id='word_1_186' title='bbox 570 2342 690 2387; x_wconf 93' lang='grc' dir='ltr'>νον</span> <span class='ocrx_word' id='word_1_187' title='bbox 734 2322 810 2385; x_wconf 85' lang='grc' dir='ltr'>τὸ</span> <span class='ocrx_word' id='word_1_188' title='bbox 858 2318 989 2395; x_wconf 86' lang='grc' dir='ltr'>ὅτε,</span> <span class='ocrx_word' id='word_1_189' title='bbox 1036 2322 1473 2401; x_wconf 87' lang='grc' dir='ltr'>παρειλῆφθαι</span> <span class='ocrx_word' id='word_1_190' title='bbox 1519 2320 1661 2386; x_wconf 84' lang='grc' dir='ltr'>ἀντὶ</span> <span class='ocrx_word' id='word_1_191' title='bbox 1705 2326 1819 2386; x_wconf 84' lang='grc' dir='ltr'>τοῦ</span> <span class='ocrx_word' id='word_1_192' title='bbox 1867 2318 1979 2385; x_wconf 86' lang='grc' dir='ltr'>ὥς.</span> <span class='ocrx_word' id='word_1_193' title='bbox 2700 2399 2711 2410; x_wconf 32' lang='grc' dir='ltr'>ι</span> 
     </span>
     <span class='ocr_line' id='line_1_22' title="bbox 468 2420 3166 2507; baseline 0 -20"><span class='ocrx_word' id='word_1_194' title='bbox 468 2431 534 2479; x_wconf 80' lang='lat'>20</span> <span class='ocrx_word' id='word_1_195' title='bbox 738 2423 1022 2502; x_wconf 88' lang='grc' dir='ltr'>Τρύφων</span> <span class='ocrx_word' id='word_1_196' title='bbox 1052 2421 1142 2504; x_wconf 89' lang='lat' dir='ltr'>(p.</span> <span class='ocrx_word' id='word_1_197' title='bbox 1174 2421 1256 2485; x_wconf 88' lang='lat'>48</span> <span class='ocrx_word' id='word_1_198' title='bbox 1288 2420 1556 2507; x_wconf 86' lang='lat' dir='ltr'>Velsen)</span> <span class='ocrx_word' id='word_1_199' title='bbox 1595 2424 1786 2502; x_wconf 87' lang='grc' dir='ltr'>φηςὶν</span> <span class='ocrx_word' id='word_1_200' title='bbox 1820 2421 1952 2486; x_wconf 78' lang='grc' dir='ltr'>«ὡς</span> <span class='ocrx_word' id='word_1_201' title='bbox 1983 2422 2061 2485; x_wconf 91' lang='grc' dir='ltr'>τά</span> <span class='ocrx_word' id='word_1_202' title='bbox 2094 2420 2182 2486; x_wconf 87' lang='grc' dir='ltr'>εἰς</span> <span class='ocrx_word' id='word_1_203' title='bbox 2209 2422 2251 2482; x_wconf 88' lang='grc' dir='ltr'>ἇ</span> <span class='ocrx_word' id='word_1_204' title='bbox 2282 2422 2563 2498; x_wconf 87' lang='grc' dir='ltr'>λήγοντα</span> <span class='ocrx_word' id='word_1_205' title='bbox 2597 2422 2988 2502; x_wconf 82' lang='grc' dir='ltr'>ἐπιρρήματα</span> <span class='ocrx_word' id='word_1_206' title='bbox 3020 2428 3166 2505; x_wconf 91' lang='grc' dir='ltr'>βρα-</span> 
     </span>
     <span class='ocr_line' id='line_1_23' title="bbox 570 2522 3167 2608; baseline 0 -18"><span class='ocrx_word' id='word_1_207' title='bbox 570 2523 1011 2603; x_wconf 88' lang='grc' dir='ltr'>χυκατάληκτά</span> <span class='ocrx_word' id='word_1_208' title='bbox 1041 2523 1238 2589; x_wconf 84' lang='grc' dir='ltr'>ἐςτιν·</span> <span class='ocrx_word' id='word_1_209' title='bbox 1285 2524 1365 2587; x_wconf 87' lang='grc' dir='ltr'>οὐ</span> <span class='ocrx_word' id='word_1_210' title='bbox 1394 2523 1785 2604; x_wconf 87' lang='grc' dir='ltr'>γεγράψεται</span> <span class='ocrx_word' id='word_1_211' title='bbox 1817 2523 1943 2601; x_wconf 92' lang='grc' dir='ltr'>ἄρα</span> <span class='ocrx_word' id='word_1_212' title='bbox 1971 2525 2045 2587; x_wconf 90' lang='grc' dir='ltr'>τὸ</span> <span class='ocrx_word' id='word_1_213' title='bbox 2091 2522 2250 2587; x_wconf 86' lang='grc' dir='ltr'>ἰδία</span> <span class='ocrx_word' id='word_1_214' title='bbox 2292 2525 2395 2587; x_wconf 89' lang='grc' dir='ltr'>καὶ</span> <span class='ocrx_word' id='word_1_215' title='bbox 2441 2524 2776 2602; x_wconf 83' lang='grc' dir='ltr'>δημοςία</span> <span class='ocrx_word' id='word_1_216' title='bbox 2821 2526 2933 2590; x_wconf 84' lang='grc' dir='ltr'>ςὺν</span> <span class='ocrx_word' id='word_1_217' title='bbox 2963 2531 3055 2608; x_wconf 82' lang='grc' dir='ltr'>τῷ</span> <span class='ocrx_word' id='word_1_218' title='bbox 3087 2529 3167 2590; x_wconf 76' lang='lat' dir='ltr'>i».</span> 
     </span>
     <span class='ocr_line' id='line_1_24' title="bbox 570 2624 3271 2708; baseline 0 -17"><span class='ocrx_word' id='word_1_219' title='bbox 570 2627 732 2691; x_wconf 75' lang='grc' dir='ltr'>’Έςτι</span> <span class='ocrx_word' id='word_1_220' title='bbox 763 2628 834 2690; x_wconf 81' lang='grc' dir='ltr'>δὲ</span> <span class='ocrx_word' id='word_1_221' title='bbox 864 2625 1029 2702; x_wconf 87' lang='grc' dir='ltr'>πρὸς</span> <span class='ocrx_word' id='word_1_222' title='bbox 1059 2626 1133 2689; x_wconf 92' lang='grc' dir='ltr'>τό</span> <span class='ocrx_word' id='word_1_223' title='bbox 1163 2630 1463 2690; x_wconf 85' lang='grc' dir='ltr'>τοιοῦτον</span> <span class='ocrx_word' id='word_1_224' title='bbox 1498 2624 1876 2708; x_wconf 82' lang='grc' dir='ltr'>ὑπαντῆςαι,</span> <span class='ocrx_word' id='word_1_225' title='bbox 1924 2625 2014 2689; x_wconf 81' lang='grc' dir='ltr'>ὡς</span> <span class='ocrx_word' id='word_1_226' title='bbox 2060 2624 2140 2690; x_wconf 85' lang='grc' dir='ltr'>οὐ</span> <span class='ocrx_word' id='word_1_227' title='bbox 2186 2624 2342 2688; x_wconf 90' lang='grc' dir='ltr'>κατά</span> <span class='ocrx_word' id='word_1_228' title='bbox 2385 2644 2526 2690; x_wconf 90' lang='grc' dir='ltr'>τινα</span> <span class='ocrx_word' id='word_1_229' title='bbox 2566 2625 2771 2704; x_wconf 92' lang='grc' dir='ltr'>νόμον</span> <span class='ocrx_word' id='word_1_230' title='bbox 2802 2628 2881 2691; x_wconf 91' lang='grc' dir='ltr'>τά</span> <span class='ocrx_word' id='word_1_231' title='bbox 2911 2627 3165 2706; x_wconf 83' lang='grc' dir='ltr'>ἐπιρρή-</span> <span class='ocrx_word' id='word_1_232' title='bbox 3220 2652 3271 2691; x_wconf 80' lang='lat'>25</span> 
     </span>
     <span class='ocr_line' id='line_1_25' title="bbox 572 2725 3168 2809; baseline 0.001 -17"><span class='ocrx_word' id='word_1_233' title='bbox 572 2748 736 2807; x_wconf 88' lang='grc' dir='ltr'>ματα</span> <span class='ocrx_word' id='word_1_234' title='bbox 779 2728 1039 2792; x_wconf 87' lang='grc' dir='ltr'>πάντως</span> <span class='ocrx_word' id='word_1_235' title='bbox 1083 2727 1171 2792; x_wconf 90' lang='grc' dir='ltr'>εἰς</span> <span class='ocrx_word' id='word_1_236' title='bbox 1217 2728 1415 2809; x_wconf 87' lang='grc' dir='ltr'>βραχὺ</span> <span class='ocrx_word' id='word_1_237' title='bbox 1447 2729 1616 2793; x_wconf 85' lang='grc' dir='ltr'>θέλει</span> <span class='ocrx_word' id='word_1_238' title='bbox 1650 2728 1881 2806; x_wconf 88' lang='grc' dir='ltr'>λήγειν.</span> <span class='ocrx_word' id='word_1_239' title='bbox 1949 2728 2006 2791; x_wconf 90' lang='grc' dir='ltr'>τί</span> <span class='ocrx_word' id='word_1_240' title='bbox 2034 2727 2157 2806; x_wconf 89' lang='grc' dir='ltr'>γὰρ</span> <span class='ocrx_word' id='word_1_241' title='bbox 2187 2725 2494 2806; x_wconf 83' lang='grc' dir='ltr'>ἐμποδὼν</span> <span class='ocrx_word' id='word_1_242' title='bbox 2524 2731 2642 2792; x_wconf 85' lang='grc' dir='ltr'>τοῦ</span> <span class='ocrx_word' id='word_1_243' title='bbox 2672 2728 2771 2793; x_wconf 86' lang='grc' dir='ltr'>καὶ</span> <span class='ocrx_word' id='word_1_244' title='bbox 2804 2727 2890 2794; x_wconf 83' lang='grc' dir='ltr'>εἰς</span> <span class='ocrx_word' id='word_1_245' title='bbox 2923 2731 3168 2808; x_wconf 88' lang='grc' dir='ltr'>μακρὰν</span> 
     </span>
     <span class='ocr_line' id='line_1_26' title="bbox 576 2828 3168 2913; baseline 0.001 -19"><span class='ocrx_word' id='word_1_246' title='bbox 576 2831 794 2909; x_wconf 90' lang='grc' dir='ltr'>λήγειν</span> <span class='ocrx_word' id='word_1_247' title='bbox 851 2830 952 2893; x_wconf 87' lang='grc' dir='ltr'>καὶ</span> <span class='ocrx_word' id='word_1_248' title='bbox 1009 2829 1095 2893; x_wconf 86' lang='grc' dir='ltr'>εἰς</span> <span class='ocrx_word' id='word_1_249' title='bbox 1153 2834 1485 2909; x_wconf 84' lang='grc' dir='ltr'>βραχεῖαν;</span> <span class='ocrx_word' id='word_1_250' title='bbox 1542 2831 1645 2894; x_wconf 83' lang='grc' dir='ltr'>καὶ</span> <span class='ocrx_word' id='word_1_251' title='bbox 1699 2830 1821 2909; x_wconf 89' lang='grc' dir='ltr'>γάρ</span> <span class='ocrx_word' id='word_1_252' title='bbox 1877 2849 2019 2894; x_wconf 87' lang='grc' dir='ltr'>τινα</span> <span class='ocrx_word' id='word_1_253' title='bbox 2078 2828 2636 2910; x_wconf 88' lang='grc' dir='ltr'>βραχυκατάληκτά</span> <span class='ocrx_word' id='word_1_254' title='bbox 2692 2830 2887 2913; x_wconf 83' lang='grc' dir='ltr'>ἐςτιν,</span> <span class='ocrx_word' id='word_1_255' title='bbox 2949 2831 3038 2894; x_wconf 86' lang='grc' dir='ltr'>ὡς</span> <span class='ocrx_word' id='word_1_256' title='bbox 3095 2834 3168 2896; x_wconf 90' lang='grc' dir='ltr'>τὸ</span> 
     </span>
     <span class='ocr_line' id='line_1_27' title="bbox 472 2930 3171 3015; baseline 0.001 -20"><span class='ocrx_word' id='word_1_257' title='bbox 472 2938 538 2987; x_wconf 80' lang='lat'>25</span> <span class='ocrx_word' id='word_1_258' title='bbox 574 2934 724 3009; x_wconf 87' lang='grc' dir='ltr'>τῆλε</span> <span class='ocrx_word' id='word_1_259' title='bbox 787 2930 890 2995; x_wconf 84' lang='grc' dir='ltr'>καὶ</span> <span class='ocrx_word' id='word_1_260' title='bbox 957 2930 1114 3009; x_wconf 85' lang='grc' dir='ltr'>ὀψέ,</span> <span class='ocrx_word' id='word_1_261' title='bbox 1180 2932 1283 2996; x_wconf 85' lang='grc' dir='ltr'>καὶ</span> <span class='ocrx_word' id='word_1_262' title='bbox 1349 2932 1937 3011; x_wconf 88' lang='grc' dir='ltr'>μακροκατάληκτα,</span> <span class='ocrx_word' id='word_1_263' title='bbox 2006 2931 2095 2995; x_wconf 80' lang='grc' dir='ltr'>ὡς</span> <span class='ocrx_word' id='word_1_264' title='bbox 2149 2932 2224 2995; x_wconf 88' lang='grc' dir='ltr'>τὸ</span> <span class='ocrx_word' id='word_1_265' title='bbox 2291 2930 2416 2995; x_wconf 84' lang='grc' dir='ltr'>ἔςω</span> <span class='ocrx_word' id='word_1_266' title='bbox 2474 2933 2575 2995; x_wconf 86' lang='grc' dir='ltr'>καὶ</span> <span class='ocrx_word' id='word_1_267' title='bbox 2629 2933 2784 2997; x_wconf 80' lang='grc' dir='ltr'>ἔξω·</span> <span class='ocrx_word' id='word_1_268' title='bbox 2849 2933 2949 2996; x_wconf 87' lang='grc' dir='ltr'>καὶ</span> <span class='ocrx_word' id='word_1_269' title='bbox 3001 2939 3093 3015; x_wconf 82' lang='grc' dir='ltr'>τῷ</span> <span class='ocrx_word' id='word_1_270' title='bbox 3150 2936 3171 2998; x_wconf 78' lang='lat' dir='ltr'>i</span> 
     </span>
     <span class='ocr_line' id='line_1_28' title="bbox 576 3030 3274 3116; baseline 0.001 -19"><span class='ocrx_word' id='word_1_271' title='bbox 576 3036 831 3113; x_wconf 85' lang='grc' dir='ltr'>βραχεῖ,</span> <span class='ocrx_word' id='word_1_272' title='bbox 884 3030 970 3094; x_wconf 82' lang='grc' dir='ltr'>ὡς</span> <span class='ocrx_word' id='word_1_273' title='bbox 1018 3032 1358 3114; x_wconf 86' lang='grc' dir='ltr'>ἑλληνιςτί,</span> <span class='ocrx_word' id='word_1_274' title='bbox 1415 3032 1601 3115; x_wconf 84' lang='grc' dir='ltr'>ἰαςτί,</span> <span class='ocrx_word' id='word_1_275' title='bbox 1658 3034 1824 3096; x_wconf 87' lang='grc' dir='ltr'>ἀλλὰ</span> <span class='ocrx_word' id='word_1_276' title='bbox 1869 3035 1970 3096; x_wconf 82' lang='grc' dir='ltr'>καὶ</span> <span class='ocrx_word' id='word_1_277' title='bbox 2013 3033 2101 3096; x_wconf 84' lang='grc' dir='ltr'>εἰς</span> <span class='ocrx_word' id='word_1_278' title='bbox 2146 3032 2388 3111; x_wconf 90' lang='grc' dir='ltr'>μακρὸν</span> <span class='ocrx_word' id='word_1_279' title='bbox 2435 3034 2510 3097; x_wconf 88' lang='grc' dir='ltr'>τὸ</span> <span class='ocrx_word' id='word_1_280' title='bbox 2556 3036 2608 3114; x_wconf 75' lang='lat' dir='ltr'>i,</span> <span class='ocrx_word' id='word_1_281' title='bbox 2665 3032 2937 3116; x_wconf 86' lang='grc' dir='ltr'>ἀκονιτί,</span> <span class='ocrx_word' id='word_1_282' title='bbox 2993 3033 3169 3100; x_wconf 89' lang='grc' dir='ltr'>ἀναι-</span> <span class='ocrx_word' id='word_1_283' title='bbox 3222 3061 3274 3099; x_wconf 78' lang='lat'>30</span> 
     </span>
    </p>
   </div>
   <div class='ocr_carea' id='block_1_3' title="bbox 671 3172 856 3177">
    <p class='ocr_par' dir='ltr' id='par_1_3' title="bbox 671 3172 856 3177">
     <span class='ocr_line' id='line_1_29' title="bbox 671 3172 856 3177; baseline 0 0"><span class='ocrx_word' id='word_1_284' title='bbox 671 3172 856 3177; x_wconf 95' lang='lat' dir='ltr'> </span> 
     </span>
    </p>
   </div>
   <div class='ocr_carea' id='block_1_4' title="bbox 580 3199 3173 3471">
    <p class='ocr_par' dir='ltr' id='par_1_4' title="bbox 580 3199 3173 3471">
     <span class='ocr_line' id='line_1_30' title="bbox 712 3199 3171 3303; baseline 0.001 -17"><span class='ocrx_word' id='word_1_285' title='bbox 712 3232 928 3287; x_wconf 72' lang='lat' dir='ltr'>Anovu.</span> <span class='ocrx_word' id='word_1_286' title='bbox 1007 3239 1026 3284; x_wconf 93' lang='lat'><strong>1</strong></span> <span class='ocrx_word' id='word_1_287' title='bbox 1077 3232 1216 3287; x_wconf 82' lang='lat' dir='ltr'>haec</span> <span class='ocrx_word' id='word_1_288' title='bbox 1255 3234 1342 3287; x_wconf 78' lang='lat' dir='ltr'>est</span> <span class='ocrx_word' id='word_1_289' title='bbox 1385 3249 1577 3298; x_wconf 74' lang='lat' dir='ltr'>cauea,</span> <span class='ocrx_word' id='word_1_290' title='bbox 1625 3233 1776 3301; x_wconf 90' lang='lat' dir='ltr'>quod</span> <span class='ocrx_word' id='word_1_291' title='bbox 1823 3238 1858 3298; x_wconf 84' lang='grc' dir='ltr'>ἦ</span> <span class='ocrx_word' id='word_1_292' title='bbox 1905 3236 1965 3287; x_wconf 74' lang='lat' dir='ltr'>et</span> <span class='ocrx_word' id='word_1_293' title='bbox 2009 3235 2069 3301; x_wconf 83' lang='grc' dir='ltr'>ῦ,</span> <span class='ocrx_word' id='word_1_294' title='bbox 2123 3235 2351 3302; x_wconf 72' lang='lat' dir='ltr'>praeter</span> <span class='ocrx_word' id='word_1_295' title='bbox 2396 3233 2695 3287; x_wconf 81' lang='lat' dir='ltr'>verborum</span> <span class='ocrx_word' id='word_1_296' title='bbox 2740 3233 3068 3303; x_wconf 82' lang='lat' dir='ltr'>flexionem,</span> <span class='ocrx_word' id='word_1_297' title='bbox 3099 3199 3171 3289; x_wconf 33' lang='lat' dir='ltr'>&#39;in</span> 
     </span>
     <span class='ocr_line' id='line_1_31' title="bbox 581 3316 3171 3388; baseline 0 -17"><span class='ocrx_word' id='word_1_298' title='bbox 581 3334 754 3371; x_wconf 80' lang='lat' dir='ltr'><strong>unam</strong></span> <span class='ocrx_word' id='word_1_299' title='bbox 813 3316 1088 3384; x_wconf 78' lang='lat' dir='ltr'>syllabam</span> <span class='ocrx_word' id='word_1_300' title='bbox 1147 3335 1257 3370; x_wconf 86' lang='lat' dir='ltr'>uon</span> <span class='ocrx_word' id='word_1_301' title='bbox 1313 3319 1532 3371; x_wconf 54' lang='lat' dir='ltr'><strong>cossunt.</strong></span> <span class='ocrx_word' id='word_1_302' title='bbox 1592 3347 1655 3356; x_wconf 89' lang='lat'>-</span> <span class='ocrx_word' id='word_1_303' title='bbox 1713 3324 1775 3372; x_wconf 81' lang='lat'>15</span> <span class='ocrx_word' id='word_1_304' title='bbox 1826 3319 1967 3372; x_wconf 83' lang='grc' dir='ltr'>Εῦτε</span> <span class='ocrx_word' id='word_1_305' title='bbox 2022 3320 2081 3372; x_wconf 79' lang='lat' dir='ltr'>et</span> <span class='ocrx_word' id='word_1_306' title='bbox 2130 3320 2268 3385; x_wconf 85' lang='grc' dir='ltr'>ηὖτε</span> <span class='ocrx_word' id='word_1_307' title='bbox 2320 3316 2633 3386; x_wconf 79' lang='lat' dir='ltr'><strong>promiscue</strong></span> <span class='ocrx_word' id='word_1_308' title='bbox 2687 3321 3040 3388; x_wconf 72' lang='lat' dir='ltr'><strong>usurpantur.</strong></span> <span class='ocrx_word' id='word_1_309' title='bbox 3107 3352 3171 3361; x_wconf 87' lang='lat'>—</span> 
     </span>
     <span class='ocr_line' id='line_1_32' title="bbox 580 3400 3173 3471; baseline 0.002 -17"><span class='ocrx_word' id='word_1_310' title='bbox 580 3410 648 3456; x_wconf 79' lang='lat'>20</span> <span class='ocrx_word' id='word_1_311' title='bbox 685 3402 810 3470; x_wconf 83' lang='grc' dir='ltr'>Ἰδίᾳ</span> <span class='ocrx_word' id='word_1_312' title='bbox 848 3402 907 3454; x_wconf 80' lang='lat' dir='ltr'>et</span> <span class='ocrx_word' id='word_1_313' title='bbox 951 3403 1184 3471; x_wconf 78' lang='grc' dir='ltr'>δημοςίᾳ</span> <span class='ocrx_word' id='word_1_314' title='bbox 1220 3401 1501 3455; x_wconf 76' lang='lat' dir='ltr'><strong>adverbiis</strong></span> <span class='ocrx_word' id='word_1_315' title='bbox 1544 3404 1564 3456; x_wconf 88' lang='grc' dir='ltr'>ῑ</span> <span class='ocrx_word' id='word_1_316' title='bbox 1608 3403 1826 3456; x_wconf 74' lang='lat' dir='ltr'><strong>mutum</strong></span> <span class='ocrx_word' id='word_1_317' title='bbox 1865 3402 1996 3455; x_wconf 78' lang='lat' dir='ltr'>addi</span> <span class='ocrx_word' id='word_1_318' title='bbox 2041 3405 2201 3456; x_wconf 77' lang='lat' dir='ltr'>vetat</span> <span class='ocrx_word' id='word_1_319' title='bbox 2232 3400 2487 3471; x_wconf 81' lang='lat' dir='ltr'>Tryph0‚</span> <span class='ocrx_word' id='word_1_320' title='bbox 2533 3402 2685 3469; x_wconf 88' lang='lat' dir='ltr'>quod</span> <span class='ocrx_word' id='word_1_321' title='bbox 2730 3403 3001 3459; x_wconf 78' lang='lat' dir='ltr'>adverbia</span> <span class='ocrx_word' id='word_1_322' title='bbox 3042 3404 3101 3458; x_wconf 89' lang='lat' dir='ltr'>in</span> <span class='ocrx_word' id='word_1_323' title='bbox 3137 3410 3173 3460; x_wconf 79' lang='grc' dir='ltr'><strong>ἆ</strong></span> 
     </span>
    </p>
   </div>
   <div class='ocr_carea' id='block_1_5' title="bbox 577 3484 3175 3627">
    <p class='ocr_par' dir='ltr' id='par_1_5' title="bbox 577 3484 3175 3627">
     <span class='ocr_line' id='line_1_33' title="bbox 577 3484 3175 3555; baseline 0.002 -17"><span class='ocrx_word' id='word_1_324' title='bbox 577 3487 805 3555; x_wconf 84' lang='lat' dir='ltr'>longam</span> <span class='ocrx_word' id='word_1_325' title='bbox 855 3484 1007 3539; x_wconf 80' lang='lat' dir='ltr'>exire</span> <span class='ocrx_word' id='word_1_326' title='bbox 1055 3503 1164 3540; x_wconf 86' lang='lat' dir='ltr'>nou</span> <span class='ocrx_word' id='word_1_327' title='bbox 1214 3486 1443 3540; x_wconf 49' lang='lat' dir='ltr'>solean&amp;</span> <span class='ocrx_word' id='word_1_328' title='bbox 1534 3490 1610 3540; x_wconf 78' lang='lat' dir='ltr'>At</span> <span class='ocrx_word' id='word_1_329' title='bbox 1654 3503 1753 3539; x_wconf 86' lang='lat' dir='ltr'>cur</span> <span class='ocrx_word' id='word_1_330' title='bbox 1795 3504 1907 3541; x_wconf 87' lang='lat' dir='ltr'>non</span> <span class='ocrx_word' id='word_1_331' title='bbox 1946 3488 2162 3554; x_wconf 73' lang='lat' dir='ltr'><strong>possint</strong></span> <span class='ocrx_word' id='word_1_332' title='bbox 2203 3487 2261 3539; x_wconf 87' lang='lat' dir='ltr'>in</span> <span class='ocrx_word' id='word_1_333' title='bbox 2306 3494 2341 3541; x_wconf 76' lang='grc' dir='ltr'>ἃ</span> <span class='ocrx_word' id='word_1_334' title='bbox 2378 3486 2605 3555; x_wconf 79' lang='lat' dir='ltr'>longam</span> <span class='ocrx_word' id='word_1_335' title='bbox 2642 3487 2957 3555; x_wconf 74' lang='lat' dir='ltr'><strong>terminari,</strong></span> <span class='ocrx_word' id='word_1_336' title='bbox 3003 3505 3175 3543; x_wconf 76' lang='lat' dir='ltr'><strong>causa</strong></span> 
     </span>
     <span class='ocr_line' id='line_1_34' title="bbox 578 3570 868 3627; baseline 0.01 -4"><span class='ocrx_word' id='word_1_337' title='bbox 578 3570 734 3624; x_wconf 79' lang='lat' dir='ltr'>nulla</span> <span class='ocrx_word' id='word_1_338' title='bbox 769 3572 868 3627; x_wconf 69' lang='lat' dir='ltr'>est..</span> 
     </span>
    </p>
   </div>
   <div class='ocr_carea' id='block_1_6' title="bbox 649 3678 982 3685">
    <p class='ocr_par' dir='ltr' id='par_1_6' title="bbox 649 3678 982 3685">
     <span class='ocr_line' id='line_1_35' title="bbox 649 3678 982 3685; baseline 0 1845"><span class='ocrx_word' id='word_1_339' title='bbox 649 3678 982 3685; x_wconf 95' lang='lat' dir='ltr'> </span> 
     </span>
    </p>
   </div>
   <div class='ocr_carea' id='block_1_7' title="bbox 579 3735 3172 4237">
    <p class='ocr_par' dir='ltr' id='par_1_7' title="bbox 579 3735 3172 4237">
     <span class='ocr_line' id='line_1_36' title="bbox 715 3735 3171 3812; baseline 0.001 -18"><span class='ocrx_word' id='word_1_340' title='bbox 715 3741 934 3796; x_wconf 68' lang='lat' dir='ltr'>Tzs&#39;rm.</span> <span class='ocrx_word' id='word_1_341' title='bbox 1005 3748 1038 3796; x_wconf 85' lang='lat'><strong>3</strong></span> <span class='ocrx_word' id='word_1_342' title='bbox 1075 3742 1159 3795; x_wconf 75' lang='lat' dir='ltr'>Et.</span> <span class='ocrx_word' id='word_1_343' title='bbox 1198 3741 1272 3797; x_wconf 88' lang='lat' dir='ltr'>M.</span> <span class='ocrx_word' id='word_1_344' title='bbox 1307 3747 1434 3806; x_wconf 79' lang='lat'>440,</span> <span class='ocrx_word' id='word_1_345' title='bbox 1480 3747 1542 3795; x_wconf 84' lang='lat'>14</span> <span class='ocrx_word' id='word_1_346' title='bbox 1578 3747 1689 3796; x_wconf 79' lang='grc' dir='ltr'>Δεῖ</span> <span class='ocrx_word' id='word_1_347' title='bbox 1732 3741 1796 3797; x_wconf 75' lang='grc' dir='ltr'>δὲ</span> <span class='ocrx_word' id='word_1_348' title='bbox 1834 3735 2257 3812; x_wconf 71' lang='grc' dir='ltr'>ἀναγινώσκειν</span> <span class='ocrx_word' id='word_1_349' title='bbox 2292 3735 2434 3812; x_wconf 68' lang='grc' dir='ltr'>ἠΰτε</span> <span class='ocrx_word' id='word_1_350' title='bbox 2470 3737 2532 3796; x_wconf 78' lang='grc' dir='ltr'>ἐν</span> <span class='ocrx_word' id='word_1_351' title='bbox 2569 3737 2887 3797; x_wconf 74' lang='grc' dir='ltr'>διαστάσει.</span> <span class='ocrx_word' id='word_1_352' title='bbox 2962 3738 3171 3798; x_wconf 77' lang='grc' dir='ltr'>Κανῶν</span> 
     </span>
     <span class='ocr_line' id='line_1_37' title="bbox 579 3818 3172 3902; baseline 0.001 -22"><span class='ocrx_word' id='word_1_353' title='bbox 579 3822 688 3896; x_wconf 73' lang='grc' dir='ltr'>γάρ</span> <span class='ocrx_word' id='word_1_354' title='bbox 725 3822 878 3881; x_wconf 74' lang='grc' dir='ltr'>ἔστιν</span> <span class='ocrx_word' id='word_1_355' title='bbox 919 3824 949 3883; x_wconf 88' lang='grc' dir='ltr'>ὁ</span> <span class='ocrx_word' id='word_1_356' title='bbox 989 3825 1194 3897; x_wconf 77' lang='grc' dir='ltr'>λέγων,</span> <span class='ocrx_word' id='word_1_357' title='bbox 1233 3818 1317 3883; x_wconf 71' lang='grc' dir='ltr'>ὅτι</span> <span class='ocrx_word' id='word_1_358' title='bbox 1361 3821 1468 3880; x_wconf 71' lang='grc' dir='ltr'>οὐκ</span> <span class='ocrx_word' id='word_1_359' title='bbox 1507 3824 1661 3880; x_wconf 80' lang='grc' dir='ltr'>ἔστιν</span> <span class='ocrx_word' id='word_1_360' title='bbox 1702 3822 2003 3897; x_wconf 76' lang='grc' dir='ltr'>ἐπινοῆσαι</span> <span class='ocrx_word' id='word_1_361' title='bbox 2042 3825 2105 3883; x_wconf 81' lang='grc' dir='ltr'>τὸ</span> <span class='ocrx_word' id='word_1_362' title='bbox 2133 3829 2169 3897; x_wconf 84' lang='grc' dir='ltr'><em>ἧ</em></span> <span class='ocrx_word' id='word_1_363' title='bbox 2195 3825 2381 3883; x_wconf 77' lang='grc' dir='ltr'>καὶτὸ</span> <span class='ocrx_word' id='word_1_364' title='bbox 2406 3828 2442 3881; x_wconf 82' lang='grc' dir='ltr'><strong>ὖ</strong></span> <span class='ocrx_word' id='word_1_365' title='bbox 2468 3823 2529 3881; x_wconf 74' lang='grc' dir='ltr'>ἐν</span> <span class='ocrx_word' id='word_1_366' title='bbox 2555 3829 2660 3902; x_wconf 80' lang='grc' dir='ltr'>μιᾷ</span> <span class='ocrx_word' id='word_1_367' title='bbox 2689 3828 2962 3898; x_wconf 81' lang='grc' dir='ltr'>συλλαβῇ,</span> <span class='ocrx_word' id='word_1_368' title='bbox 3000 3830 3172 3898; x_wconf 76' lang='grc' dir='ltr'>χωρὶς</span> 
     </span>
     <span class='ocr_line' id='line_1_38' title="bbox 582 3906 3172 3982; baseline 0 -16"><span class='ocrx_word' id='word_1_369' title='bbox 582 3912 636 3966; x_wconf 82' lang='grc' dir='ltr'>εἰ</span> <span class='ocrx_word' id='word_1_370' title='bbox 669 3907 747 3981; x_wconf 80' lang='grc' dir='ltr'>μὴ</span> <span class='ocrx_word' id='word_1_371' title='bbox 786 3908 846 3966; x_wconf 76' lang='grc' dir='ltr'>ἐν</span> <span class='ocrx_word' id='word_1_372' title='bbox 885 3914 1066 3968; x_wconf 76' lang='grc' dir='ltr'>κλίσει</span> <span class='ocrx_word' id='word_1_373' title='bbox 1102 3906 1383 3981; x_wconf 73' lang='grc' dir='ltr'>ἆήματος,</span> <span class='ocrx_word' id='word_1_374' title='bbox 1423 3906 1498 3972; x_wconf 76' lang='grc' dir='ltr'>ὥς</span> <span class='ocrx_word' id='word_1_375' title='bbox 1534 3906 1699 3966; x_wconf 78' lang='grc' dir='ltr'>αὐδῶ</span> <span class='ocrx_word' id='word_1_376' title='bbox 1723 3909 1952 3980; x_wconf 78' lang='grc' dir='ltr'>ηὕὸων,</span> <span class='ocrx_word' id='word_1_377' title='bbox 1993 3906 2153 3982; x_wconf 76' lang='grc' dir='ltr'>αὐχῶ</span> <span class='ocrx_word' id='word_1_378' title='bbox 2181 3907 2423 3982; x_wconf 73' lang='grc' dir='ltr'>ηὔχουν.</span> <span class='ocrx_word' id='word_1_379' title='bbox 2479 3906 2820 3982; x_wconf 82' lang='grc' dir='ltr'>Ἀναγκαίως</span> <span class='ocrx_word' id='word_1_380' title='bbox 2847 3906 3172 3979; x_wconf 77' lang='grc' dir='ltr'>(Ἀναγκαία</span> 
     </span>
     <span class='ocr_line' id='line_1_39' title="bbox 581 3986 3172 4072; baseline 0.001 -22"><span class='ocrx_word' id='word_1_381' title='bbox 581 3996 960 4063; x_wconf 82' lang='lat' dir='ltr'><strong>RSchneider)</strong></span> <span class='ocrx_word' id='word_1_382' title='bbox 1001 3986 1106 4051; x_wconf 80' lang='grc' dir='ltr'>οὖν</span> <span class='ocrx_word' id='word_1_383' title='bbox 1147 3992 1181 4065; x_wconf 80' lang='grc' dir='ltr'><strong><em>ἡ</em></strong></span> <span class='ocrx_word' id='word_1_384' title='bbox 1222 3992 1523 4059; x_wconf 75' lang='grc' dir='ltr'>διάστασις</span> <span class='ocrx_word' id='word_1_385' title='bbox 1560 3998 1663 4050; x_wconf 82' lang='grc' dir='ltr'>τοῦ</span> <span class='ocrx_word' id='word_1_386' title='bbox 1701 3991 1865 4065; x_wconf 74' lang='grc' dir='ltr'>ἠΰτε,</span> <span class='ocrx_word' id='word_1_387' title='bbox 1915 3993 2122 4065; x_wconf 82' lang='grc' dir='ltr'>ὁμοίως</span> <span class='ocrx_word' id='word_1_388' title='bbox 2160 3998 2236 4072; x_wconf 77' lang='grc' dir='ltr'>τῷ</span> <span class='ocrx_word' id='word_1_389' title='bbox 2275 3994 2453 4069; x_wconf 74' lang='grc' dir='ltr'>γρηῢς</span> <span class='ocrx_word' id='word_1_390' title='bbox 2487 3998 2585 4052; x_wconf 75' lang='grc' dir='ltr'>καὶ</span> <span class='ocrx_word' id='word_1_391' title='bbox 2613 3992 2772 4066; x_wconf 74' lang='grc' dir='ltr'>νηῦς.</span> <span class='ocrx_word' id='word_1_392' title='bbox 2828 3995 2964 4050; x_wconf 89' lang='lat' dir='ltr'>ibid.</span> <span class='ocrx_word' id='word_1_393' title='bbox 2994 4003 3116 4063; x_wconf 80' lang='lat'><strong>763,</strong></span> <span class='ocrx_word' id='word_1_394' title='bbox 3140 4004 3172 4052; x_wconf 79' lang='lat'>4</span> 
     </span>
     <span class='ocr_line' id='line_1_40' title="bbox 584 4074 3171 4157; baseline 0.001 -22"><span class='ocrx_word' id='word_1_395' title='bbox 584 4076 775 4135; x_wconf 83' lang='grc' dir='ltr'>κανών</span> <span class='ocrx_word' id='word_1_396' title='bbox 822 4077 976 4135; x_wconf 75' lang='grc' dir='ltr'>ἔστιν</span> <span class='ocrx_word' id='word_1_397' title='bbox 1024 4076 1055 4136; x_wconf 86' lang='grc' dir='ltr'>ὁ</span> <span class='ocrx_word' id='word_1_398' title='bbox 1106 4080 1284 4149; x_wconf 78' lang='grc' dir='ltr'>λέγων</span> <span class='ocrx_word' id='word_1_399' title='bbox 1323 4074 1452 4135; x_wconf 65' lang='grc' dir='ltr'>*οὐκ</span> <span class='ocrx_word' id='word_1_400' title='bbox 1491 4079 1646 4135; x_wconf 76' lang='grc' dir='ltr'>ἔστιν</span> <span class='ocrx_word' id='word_1_401' title='bbox 1684 4076 1987 4150; x_wconf 73' lang='grc' dir='ltr'>ἐπινοῆσαι</span> <span class='ocrx_word' id='word_1_402' title='bbox 2026 4077 2088 4136; x_wconf 87' lang='grc' dir='ltr'>τὸ</span> <span class='ocrx_word' id='word_1_403' title='bbox 2125 4084 2164 4150; x_wconf 87' lang='grc' dir='ltr'><em>ἦ</em></span> <span class='ocrx_word' id='word_1_404' title='bbox 2200 4084 2299 4138; x_wconf 79' lang='grc' dir='ltr'>καὶ</span> <span class='ocrx_word' id='word_1_405' title='bbox 2339 4081 2403 4138; x_wconf 83' lang='grc' dir='ltr'>τὸ</span> <span class='ocrx_word' id='word_1_406' title='bbox 2440 4084 2476 4138; x_wconf 80' lang='grc' dir='ltr'><strong><em>ὗ</em></strong></span> <span class='ocrx_word' id='word_1_407' title='bbox 2511 4080 2572 4137; x_wconf 75' lang='grc' dir='ltr'>ἐν</span> <span class='ocrx_word' id='word_1_408' title='bbox 2609 4084 2716 4157; x_wconf 75' lang='grc' dir='ltr'>μιᾷ</span> <span class='ocrx_word' id='word_1_409' title='bbox 2753 4076 3007 4152; x_wconf 76' lang='grc' dir='ltr'>συλλαβὴ</span> <span class='ocrx_word' id='word_1_410' title='bbox 3055 4076 3171 4149; x_wconf 77' lang='grc' dir='ltr'>(ὅτι</span> 
     </span>
     <span class='ocr_line' id='line_1_41' title="bbox 580 4158 3172 4237; baseline 0.001 -19"><span class='ocrx_word' id='word_1_411' title='bbox 580 4160 657 4234; x_wconf 80' lang='grc' dir='ltr'>μὴ</span> <span class='ocrx_word' id='word_1_412' title='bbox 698 4160 758 4219; x_wconf 73' lang='grc' dir='ltr'>ἐν</span> <span class='ocrx_word' id='word_1_413' title='bbox 797 4168 977 4220; x_wconf 74' lang='grc' dir='ltr'>κλίσει</span> <span class='ocrx_word' id='word_1_414' title='bbox 1017 4158 1270 4236; x_wconf 79' lang='grc' dir='ltr'>ῤ’ήματος</span> <span class='ocrx_word' id='word_1_415' title='bbox 1307 4159 1464 4220; x_wconf 55' lang='lat' dir='ltr'>aba&amp;</span> <span class='ocrx_word' id='word_1_416' title='bbox 1501 4158 1749 4235; x_wconf 75' lang='grc' dir='ltr'>ηὔλουν,</span> <span class='ocrx_word' id='word_1_417' title='bbox 1791 4158 1950 4234; x_wconf 75' lang='grc' dir='ltr'>αὐχῶ</span> <span class='ocrx_word' id='word_1_418' title='bbox 1987 4162 2209 4236; x_wconf 77' lang='grc' dir='ltr'>ηὔχουν</span> <span class='ocrx_word' id='word_1_419' title='bbox 2235 4167 2458 4223; x_wconf 76' lang='lat' dir='ltr'><strong>addidit</strong></span> <span class='ocrx_word' id='word_1_420' title='bbox 2481 4184 2549 4223; x_wconf 86' lang='lat' dir='ltr'>ex</span> <span class='ocrx_word' id='word_1_421' title='bbox 2574 4165 2876 4237; x_wconf 85' lang='lat' dir='ltr'>Apollonio</span> <span class='ocrx_word' id='word_1_422' title='bbox 2900 4164 3172 4236; x_wconf 77' lang='lat' dir='ltr'>ALentz)‘.</span> 
     </span>
    </p>
   </div>
   <div class='ocr_carea' id='block_1_8' title="bbox 581 4289 734 4295">
    <p class='ocr_par' dir='ltr' id='par_1_8' title="bbox 581 4289 734 4295">
     <span class='ocr_line' id='line_1_42' title="bbox 581 4289 734 4295; baseline 0 0"><span class='ocrx_word' id='word_1_423' title='bbox 581 4289 734 4295; x_wconf 95' lang='lat' dir='ltr'> </span> 
     </span>
    </p>
   </div>
   <div class='ocr_carea' id='block_1_9' title="bbox 580 4350 3175 4846">
    <p class='ocr_par' dir='ltr' id='par_1_9' title="bbox 580 4350 3175 4846">
     <span class='ocr_line' id='line_1_43' title="bbox 718 4350 3164 4420; baseline 0.002 -17"><span class='ocrx_word' id='word_1_424' title='bbox 718 4350 900 4410; x_wconf 74' lang='lat' dir='ltr'>Dlscn.</span> <span class='ocrx_word' id='word_1_425' title='bbox 937 4371 1130 4409; x_wconf 56' lang='lat' dir='ltr'>sempr.</span> <span class='ocrx_word' id='word_1_426' title='bbox 1202 4359 1250 4405; x_wconf 83' lang='lat'>2.</span> <span class='ocrx_word' id='word_1_427' title='bbox 1286 4353 1355 4406; x_wconf 89' lang='grc' dir='ltr'>τὸ</span> <span class='ocrx_word' id='word_1_428' title='bbox 1393 4359 1427 4419; x_wconf 87' lang='grc' dir='ltr'>ῆ</span> <span class='ocrx_word' id='word_1_429' title='bbox 1465 4353 1701 4406; x_wconf 70' lang='lat' dir='ltr'><strong>inseruit</strong></span> <span class='ocrx_word' id='word_1_430' title='bbox 1735 4353 1800 4420; x_wconf 90' lang='lat' dir='ltr'>b,</span> <span class='ocrx_word' id='word_1_431' title='bbox 1836 4352 2056 4406; x_wconf 90' lang='lat' dir='ltr'><strong>nullum</strong></span> <span class='ocrx_word' id='word_1_432' title='bbox 2091 4353 2195 4410; x_wconf 79' lang='lat' dir='ltr'>lac.</span> <span class='ocrx_word' id='word_1_433' title='bbox 2232 4352 2502 4410; x_wconf 83' lang='lat' dir='ltr'>indicium</span> <span class='ocrx_word' id='word_1_434' title='bbox 2539 4355 2596 4407; x_wconf 89' lang='lat' dir='ltr'>in</span> <span class='ocrx_word' id='word_1_435' title='bbox 2623 4356 2702 4420; x_wconf 79' lang='grc' dir='ltr'>ΑΙ</span> <span class='ocrx_word' id='word_1_436' title='bbox 2738 4371 2835 4408; x_wconf 86' lang='grc' dir='ltr'>οτε</span> <span class='ocrx_word' id='word_1_437' title='bbox 2862 4355 2936 4416; x_wconf 88' lang='grc' dir='ltr'>Α,</span> <span class='ocrx_word' id='word_1_438' title='bbox 2972 4371 3059 4408; x_wconf 82' lang='grc' dir='ltr'>οτι</span> <span class='ocrx_word' id='word_1_439' title='bbox 3093 4353 3128 4406; x_wconf 89' lang='lat' dir='ltr'>b</span> <span class='ocrx_word' id='word_1_440' title='bbox 3158 4355 3164 4420; x_wconf 74' lang='lat'><em>1</em></span> 
     </span>
     <span class='ocr_line' id='line_1_44' title="bbox 580 4436 3175 4507; baseline -0 -16"><span class='ocrx_word' id='word_1_441' title='bbox 580 4442 731 4493; x_wconf 84' lang='lat'><strong>4—-5.</strong></span> <span class='ocrx_word' id='word_1_442' title='bbox 770 4442 1156 4504; x_wconf 88' lang='grc' dir='ltr'>κατορθωςθαι</span> <span class='ocrx_word' id='word_1_443' title='bbox 1192 4440 1233 4491; x_wconf 96' lang='grc' dir='ltr'>Α</span> <span class='ocrx_word' id='word_1_444' title='bbox 1287 4440 1299 4504; x_wconf 87' lang='grc' dir='ltr'>Ι</span> <span class='ocrx_word' id='word_1_445' title='bbox 1354 4443 1401 4491; x_wconf 84' lang='grc'>7.</span> <span class='ocrx_word' id='word_1_446' title='bbox 1444 4437 1731 4505; x_wconf 87' lang='grc' dir='ltr'>Ἀπειραίη</span> <span class='ocrx_word' id='word_1_447' title='bbox 1768 4436 2069 4503; x_wconf 74' lang='grc' dir='ltr'>Ηοτιιοτιιε,</span> <span class='ocrx_word' id='word_1_448' title='bbox 2116 4455 2364 4507; x_wconf 89' lang='grc' dir='ltr'>απηραιη</span> <span class='ocrx_word' id='word_1_449' title='bbox 2403 4440 2495 4493; x_wconf 92' lang='lat' dir='ltr'>Ab</span> <span class='ocrx_word' id='word_1_450' title='bbox 2550 4449 2558 4501; x_wconf 84' lang='grc'>1</span> <span class='ocrx_word' id='word_1_451' title='bbox 2617 4446 2691 4497; x_wconf 79' lang='lat'>12.</span> <span class='ocrx_word' id='word_1_452' title='bbox 2728 4443 2831 4505; x_wconf 83' lang='grc' dir='ltr'>τῆς</span> <span class='ocrx_word' id='word_1_453' title='bbox 2867 4439 2911 4491; x_wconf 89' lang='grc' dir='ltr'>Α</span> <span class='ocrx_word' id='word_1_454' title='bbox 2949 4439 3009 4491; x_wconf 77' lang='lat' dir='ltr'>et</span> <span class='ocrx_word' id='word_1_455' title='bbox 3042 4438 3078 4490; x_wconf 85' lang='lat' dir='ltr'>b</span> <span class='ocrx_word' id='word_1_456' title='bbox 3118 4436 3175 4490; x_wconf 88' lang='lat' dir='ltr'>in</span> 
     </span>
     <span class='ocr_line' id='line_1_45' title="bbox 582 4522 3175 4605; baseline 0 -29"><span class='ocrx_word' id='word_1_457' title='bbox 582 4524 771 4587; x_wconf 75' lang='lat' dir='ltr'>texta,</span> <span class='ocrx_word' id='word_1_458' title='bbox 811 4523 908 4590; x_wconf 88' lang='lat' dir='ltr'>qui</span> <span class='ocrx_word' id='word_1_459' title='bbox 944 4522 1001 4575; x_wconf 91' lang='lat' dir='ltr'>in</span> <span class='ocrx_word' id='word_1_460' title='bbox 1040 4539 1152 4577; x_wconf 79' lang='lat' dir='ltr'><strong>var.</strong></span> <span class='ocrx_word' id='word_1_461' title='bbox 1191 4524 1344 4577; x_wconf 62' lang='lat' dir='ltr'>lech:</span> <span class='ocrx_word' id='word_1_462' title='bbox 1386 4522 1599 4576; x_wconf 76' lang='lat' dir='ltr'><strong>‘Malim</strong></span> <span class='ocrx_word' id='word_1_463' title='bbox 1636 4523 1762 4587; x_wconf 86' lang='grc' dir='ltr'>τήν’</span> <span class='ocrx_word' id='word_1_464' title='bbox 1817 4525 1826 4585; x_wconf 81' lang='grc' dir='ltr'>Ι</span> <span class='ocrx_word' id='word_1_465' title='bbox 1898 4528 1972 4575; x_wconf 82' lang='grc'>14.</span> <span class='ocrx_word' id='word_1_466' title='bbox 2009 4526 2163 4605; x_wconf 58' lang='grc' dir='ltr'>κλιςγ</span> <span class='ocrx_word' id='word_1_467' title='bbox 2200 4524 2357 4580; x_wconf 81' lang='lat' dir='ltr'><strong>abbr.</strong></span> <span class='ocrx_word' id='word_1_468' title='bbox 2397 4527 2438 4578; x_wconf 99' lang='lat' dir='ltr'>A</span> <span class='ocrx_word' id='word_1_469' title='bbox 2495 4527 2502 4590; x_wconf 94' lang='grc' dir='ltr'>Ι</span> <span class='ocrx_word' id='word_1_470' title='bbox 2567 4542 2647 4578; x_wconf 87' lang='grc' dir='ltr'>απ</span> <span class='ocrx_word' id='word_1_471' title='bbox 2684 4525 2815 4577; x_wconf 70' lang='lat' dir='ltr'>ante</span> <span class='ocrx_word' id='word_1_472' title='bbox 2852 4526 3175 4590; x_wconf 81' lang='grc' dir='ltr'>αρτιζονται</span> 
     </span>
     <span class='ocr_line' id='line_1_46' title="bbox 584 4606 3173 4677; baseline 0 -16"><span class='ocrx_word' id='word_1_473' title='bbox 584 4606 712 4666; x_wconf 83' lang='lat' dir='ltr'>add.</span> <span class='ocrx_word' id='word_1_474' title='bbox 750 4609 820 4662; x_wconf 86' lang='lat' dir='ltr'>A²</span> <span class='ocrx_word' id='word_1_475' title='bbox 850 4621 858 4672; x_wconf 86' lang='grc'>1</span> <span class='ocrx_word' id='word_1_476' title='bbox 890 4615 971 4665; x_wconf 78' lang='lat'>20,</span> <span class='ocrx_word' id='word_1_477' title='bbox 1007 4607 1295 4677; x_wconf 73' lang='lat' dir='ltr'><strong>inscripffio</strong></span> <span class='ocrx_word' id='word_1_478' title='bbox 1332 4625 1459 4675; x_wconf 89' lang='grc' dir='ltr'>περι</span> <span class='ocrx_word' id='word_1_479' title='bbox 1494 4624 1615 4660; x_wconf 87' lang='grc' dir='ltr'>των</span> <span class='ocrx_word' id='word_1_480' title='bbox 1652 4624 1731 4661; x_wconf 87' lang='grc' dir='ltr'>εις</span> <span class='ocrx_word' id='word_1_481' title='bbox 1767 4615 1804 4661; x_wconf 74' lang='grc' dir='ltr'><strong><em>ἃ</em></strong></span> <span class='ocrx_word' id='word_1_482' title='bbox 1840 4611 2391 4676; x_wconf 86' lang='grc' dir='ltr'>βραχυκαταληκτων</span> <span class='ocrx_word' id='word_1_483' title='bbox 2426 4610 2654 4662; x_wconf 76' lang='lat' dir='ltr'><strong>maiusc.</strong></span> <span class='ocrx_word' id='word_1_484' title='bbox 2685 4610 2726 4661; x_wconf 98' lang='lat' dir='ltr'>A</span> <span class='ocrx_word' id='word_1_485' title='bbox 2760 4612 2769 4677; x_wconf 86' lang='grc' dir='ltr'>Ι</span> <span class='ocrx_word' id='word_1_486' title='bbox 2800 4614 2882 4662; x_wconf 79' lang='lat'>22.</span> <span class='ocrx_word' id='word_1_487' title='bbox 2917 4610 2989 4660; x_wconf 87' lang='grc' dir='ltr'>τὰ</span> <span class='ocrx_word' id='word_1_488' title='bbox 3025 4610 3173 4674; x_wconf 82' lang='grc' dir='ltr'>ἐπιρ-</span> 
     </span>
     <span class='ocr_line' id='line_1_47' title="bbox 582 4690 3175 4762; baseline 0 -17"><span class='ocrx_word' id='word_1_489' title='bbox 582 4691 834 4762; x_wconf 87' lang='grc' dir='ltr'>ρήματα]</span> <span class='ocrx_word' id='word_1_490' title='bbox 882 4692 976 4746; x_wconf 85' lang='lat' dir='ltr'><strong>sol.</strong></span> <span class='ocrx_word' id='word_1_491' title='bbox 1027 4698 1121 4745; x_wconf 70' lang='lat'>1²26</span> <span class='ocrx_word' id='word_1_492' title='bbox 1148 4710 1201 4746; x_wconf 88' lang='lat' dir='ltr'>v.</span> <span class='ocrx_word' id='word_1_493' title='bbox 1269 4696 1278 4759; x_wconf 91' lang='grc' dir='ltr'>Ι</span> <span class='ocrx_word' id='word_1_494' title='bbox 1343 4698 1421 4745; x_wconf 77' lang='lat'>23.</span> <span class='ocrx_word' id='word_1_495' title='bbox 1469 4692 1598 4761; x_wconf 76' lang='lat' dir='ltr'>post</span> <span class='ocrx_word' id='word_1_496' title='bbox 1638 4709 1691 4744; x_wconf 87' lang='grc' dir='ltr'>τι</span> <span class='ocrx_word' id='word_1_497' title='bbox 1736 4708 1842 4759; x_wconf 89' lang='grc' dir='ltr'>γαρ</span> <span class='ocrx_word' id='word_1_498' title='bbox 1887 4690 2114 4745; x_wconf 73' lang='lat' dir='ltr'>videtur</span> <span class='ocrx_word' id='word_1_499' title='bbox 2158 4691 2218 4744; x_wconf 87' lang='lat' dir='ltr'>in</span> <span class='ocrx_word' id='word_1_500' title='bbox 2256 4694 2297 4745; x_wconf 99' lang='lat' dir='ltr'>A</span> <span class='ocrx_word' id='word_1_501' title='bbox 2345 4694 2614 4762; x_wconf 78' lang='lat' dir='ltr'><strong>scriptum</strong></span> <span class='ocrx_word' id='word_1_502' title='bbox 2658 4692 2830 4745; x_wconf 80' lang='lat' dir='ltr'><strong>fuisse</strong></span> <span class='ocrx_word' id='word_1_503' title='bbox 2875 4708 2970 4758; x_wconf 81' lang='grc' dir='ltr'>το,</span> <span class='ocrx_word' id='word_1_504' title='bbox 3024 4708 3175 4745; x_wconf 85' lang='lat' dir='ltr'>nuuc</span> 
     </span>
     <span class='ocr_line' id='line_1_48' title="bbox 584 4775 2225 4846; baseline 0.004 -19"><span class='ocrx_word' id='word_1_505' title='bbox 584 4775 814 4830; x_wconf 80' lang='lat' dir='ltr'><strong>madore</strong></span> <span class='ocrx_word' id='word_1_506' title='bbox 853 4792 1008 4830; x_wconf 81' lang='lat' dir='ltr'><strong>evan.</strong></span> <span class='ocrx_word' id='word_1_507' title='bbox 1046 4777 1175 4846; x_wconf 72' lang='lat' dir='ltr'><strong>post</strong></span> <span class='ocrx_word' id='word_1_508' title='bbox 1207 4775 1313 4831; x_wconf 85' lang='lat' dir='ltr'>hoe</span> <span class='ocrx_word' id='word_1_509' title='bbox 1351 4779 1437 4830; x_wconf 73' lang='lat' dir='ltr'>est</span> <span class='ocrx_word' id='word_1_510' title='bbox 1472 4777 1720 4842; x_wconf 82' lang='grc' dir='ltr'>εμποδον</span> <span class='ocrx_word' id='word_1_511' title='bbox 1751 4779 1760 4844; x_wconf 88' lang='grc' dir='ltr'>Ι</span> <span class='ocrx_word' id='word_1_512' title='bbox 1791 4781 1872 4829; x_wconf 80' lang='grc'>26.</span> <span class='ocrx_word' id='word_1_513' title='bbox 1908 4776 2147 4844; x_wconf 71' lang='grc' dir='ltr'>ακονητι</span> <span class='ocrx_word' id='word_1_514' title='bbox 2183 4778 2225 4833; x_wconf 92' lang='grc' dir='ltr'>Α</span> 
     </span>
    </p>
   </div>
  </div>
 </body>
</html>
