3738 5530
1067 401 1592 454 PERSONALIVM
1630 400 1982 453 GENETIVI
2019 400 2472 454 SINGVLARIS.
2986 399 3071 463 65

470 606 782 685 ςύλλαβος
835 607 945 683 τῆς
1000 603 1158 685 ἐμοῦ
1210 605 1593 684 διςυλλάβου
1649 607 2016 684 προείρηται
2074 607 2189 670 τίςι
2256 604 2561 686 διαφέρει.
2633 640 2706 650 --
2769 604 3064 668 Λείπεται

472 710 828 786 διαλαβεῖν,
887 708 977 772 δι’
1031 707 1110 784 ἣν
1166 706 1368 772 αἰτίαν
1423 707 1462 785 ἡ
1521 708 1795 787 ἐμαυτοῦ
1854 708 2153 773 ςύνθετος
2210 707 2753 787 μεταλαμβάνεται
2807 705 2895 770 εἰς
2950 706 3068 783 τὴν

473 809 944 889 ἐγκεκλιμένην,
995 808 1205 873 οὐκέτι
1249 809 1319 871 δὲ
1365 809 1451 874 εἰς
1493 811 1612 888 τὴν
1657 810 2236 890 ὀρθοτονουμένην.
2326 810 2399 873 τὸ
2445 809 2568 888 γὰρ

722 912 888 990 πρὸς
929 912 1066 975 ταῖς
1112 910 1388 988 ἐμαυτοῦ
1433 914 1551 974 νῦν
1594 911 1813 988 θύραις
1859 908 2224 991 (Menandri
2269 910 2347 973 fr.
2381 907 2706 974 OOXGHI
2737 906 3062 992 Meincke)

469 1010 605 1076 ἴςον
671 1012 800 1075 ἐςτὶ
864 1018 955 1094 τῷ
996 1013 1180 1107 Ιπρὸς
1236 1016 1371 1076 ταῖς
1426 1011 1643 1090 θύραις
1699 1033 1852 1095 μου,
1922 1011 2079 1077 αὐτὸ
2146 1014 2352 1093 μόνον
2416 1015 2527 1088 τῆς
2586 1010 3061 1088 ἀντιδιαςτολῆς
3098 1027 3130 1072 5

397 1120 441 1171 B
474 1112 912 1196 ἀφῃρημένον.
1003 1114 1057 1178 εἰ
1101 1116 1173 1179 δὲ
1216 1114 1495 1178 ἐντελῶς
1538 1114 1824 1195 ἐδείχθη,
1872 1114 1962 1177 ὡς
2007 1113 2071 1177 αἱ
2116 1113 2660 1193 ὀρθοτονούμεναι
2704 1118 2834 1178 τῶν
2866 1111 3064 1177 ἀντω·

472 1219 740 1293 νυμιῶν,
788 1215 897 1281 ὅτε
941 1217 1058 1295 τὴν
1099 1219 1216 1280 τοῦ
1262 1214 1541 1293 ῥήματος
1587 1215 1859 1280 διάθεςιν
1906 1216 2023 1297 ἐφ’
2069 1216 2290 1295 ἕτερον
2324 1214 2444 1279 οὐκ
2474 1214 2687 1293 ἔχουςι
2712 1213 3066 1292 πρόςωπον

473 1316 948 1391 ςυντείνουςαν,
992 1319 1252 1381 πάντως
1297 1317 1386 1381 εἰς
1431 1316 1737 1381 ςύνθετον
1783 1318 2406 1400 μεταλαμβάνονται,
2452 1316 2782 1397 ὁμόλογον
2830 1317 2919 1382 ὡς
2964 1315 3069 1381 καὶ

473 1418 572 1482 ἐπὶ
615 1423 743 1483 ,τοῦ
797 1418 1061 1495 πρώτου
1120 1421 1221 1483 καὶ
1274 1419 1580 1498 δευτέρου
1635 1418 1874 1483 ταύτὸν
1928 1419 2488 1497 παρακολουθήςει.
2589 1420 2885 1497 περιςςὸν
2941 1417 3066 1498 ἄρα

472 1523 712 1602 Ζητεῖν,
756 1519 862 1583 διὰ
905 1519 963 1584 τί
1007 1518 1069 1583 αἱ
1113 1519 1399 1587 ςύνθετοι
1442 1520 1610 1604 <οὐ>
1654 1520 2240 1601 μεταλαμβάνονται
2284 1520 2371 1584 εἰς
2416 1519 2623 1585 ἁπλᾶς
2668 1520 3060 1600 ὀρθοτονου-
3103 1536 3165 1583 10

476 1621 696 1700 μένας·
756 1621 942 1685 αὐταὶ
993 1623 1116 1698 γὰρ
1173 1622 1259 1684 εἰς
1317 1622 1621 1687 ςύνθετον
1675 1621 2144 1702 μετατιθέμεναί
2197 1621 2346 1688 εἰςιν
2398 1620 2560 1700 ὑπὲρ
2604 1625 2723 1686 τοῦ
2767 1622 2841 1687 τὸ
2889 1642 3066 1701 μετα-

399 1727 440 1779 C
476 1723 732 1801 βατικὸν
778 1724 1118 1787 διαςτεῑλαι
1162 1727 1278 1787 τοῦ
1325 1723 1926 1802 ἀντανακλωμένου.

726 1824 960 1905 Ἐμεῦ.
1049 1825 1229 1902 κοινὴ
1275 1824 1508 1891 Ἰώνων
1554 1826 1658 1890 καὶ
1700 1825 2050 1904 Δωριέων,

1668 1926 1819 2007 ἐμεῦ
1863 1926 1921 1989 δ’
1964 1926 2148 1991 ἕλετο
2193 1927 2393 2007 μέγαν
2437 1927 2636 2004 ὅρκον
2684 1927 2747 2008 (δ
2794 1927 2980 2010 746)-

474 2027 706 2093 ἄκουε
760 2033 899 2094 νῦν
947 2028 1065 2091 καὶ
1111 2027 1321 2110 ἐμεῦ,
1367 2028 1682 2105 Ῥώγκα,
1731 2026 2025 2108 (ώφρων
2072 2026 2177 2110 (fr.
2225 2027 2310 2090 64
2356 2026 2654 2112 Ahrens).
2732 2031 2834 2094 καὶ
2876 2030 3067 2108 Φερε-
3109 2042 3170 2087 15

473 2130 663 2209 κύδης
724 2130 796 2193 ἐν
848 2134 923 2212 τῇ
977 2130 1306 2212 θεολογίᾳ,
1366 2131 1468 2193 καὶ
1521 2129 1613 2195 ἔτι
1669 2129 2072 2208 Δημόκριτος
2129 2129 2199 2193 ἐν
2255 2132 2389 2194 τοῖς
2446 2131 2592 2208 περὶ
2647 2130 3070 2210 ἀςτρονομίας

475 2232 576 2294 καὶ
627 2230 699 2295 ἐν
751 2234 887 2296 τοῖς
943 2230 1484 2310 ὑπολειπομένοις
1541 2230 1916 2308 ςυντάγμαςι
1972 2231 2422 2309 ςυνεχέςτερον
2477 2236 2753 2310 χρῶνται
2795 2237 2872 2313 τῇ
2920 2232 3068 2311 ἐμεῦ

475 2332 575 2396 καὶ
631 2331 722 2395 ἔτι
776 2337 850 2415 τῇ
907 2333 1110 2410 ἐμέο.
1215 2334 1316 2397 διὸ
1372 2332 1473 2397 καὶ
1526 2330 2044 2410 ὁλοκληροτὲραν
2089 2330 2170 2396 ἄν
2216 2352 2306 2395 τις
2352 2332 2552 2411 αὐτὴν
2596 2332 2914 2411 ὑπολάβοι
2958 2336 3067 2409 τῆς

305 2438 440 2490 83A
475 2432 692 2511 ἐμεῖο
738 2434 839 2497 καὶ
884 2436 1048 2515 ςεῖο,
1096 2435 1251 2499 καθὸ
1299 2432 1361 2498 οἱ
1403 2433 1748 2508 πεῑολόγοι
1795 2434 1912 2515 <τῇ
1957 2434 2114 2514 μὲν>
2160 2435 2265 2498 διὰ
2307 2438 2424 2497 τοῦ
2469 2437 2490 2498 i
2535 2433 2651 2497 οὐκ
2696 2432 3064 2511 ἐχρήςαντο,

474 2538 549 2616 τῇ
592 2534 665 2598 δὲ
710 2535 814 2598 διὰ
858 2538 975 2597 τοῦ
1004 2540 1065 2599 ἒ·
1110 2537 1310 2599 καίτοι
1340 2541 1475 2600 τῶν
1505 2536 1651 2612 περὶ
1680 2535 2009 2614 Τρύφωνα
2041 2537 2126 2615 (p.
2165 2533 2246 2596 27
2281 2531 2545 2615 Velsen)
2579 2533 2698 2598 οὐκ
2729 2533 3065 2598 ἀπιθάνοις
3103 2547 3169 2594 ‘20

478 2637 690 2711 λόγοις
719 2638 1294 2716 προςκεχρημένων
1337 2636 1499 2714 ὑπὲρ
1541 2639 1661 2698 τοῦ
1705 2635 1821 2713 τὴν
1871 2635 2046 2712 ἐμεῖο
2094 2635 2534 2713 ἐντελεςτέραν
2582 2634 2775 2699 εἶναι·
2824 2636 2908 2699 «εἰ
2943 2638 3066 2715 γὰρ

475 2735 603 2801 ἀπὸ
647 2741 780 2802 τῶν
836 2736 924 2802 εἰς
970 2741 1237 2818 φωνῆεν
1283 2741 1617 2816 ληγουςῶν
1662 2740 1935 2812 γενικῶν
1992 2736 2288 2816 μείζονεςι
2331 2720 2662 2815 γινόμεναι
2704 2737 2742 2815 ἢ
2789 2738 2948 2802 κατὰ
2990 2738 3066 2802 τὸ

475 2839 657 2903 τέλος
688 2840 1143 2918 μεγεθύνονται
1171 2841 1211 2917 ἢ
1243 2841 1403 2904 κατὰ
1431 2840 1545 2917 τὴν
1577 2838 2105 2916 παραλήγουςαν,
2139 2837 2456 2902 οὐδέποτε
2482 2840 2553 2902 δὲ
2580 2838 2649 2903 ἐν
2675 2837 3066 2919 ἀμφοτέροις

477 2940 933 3023 βραχύνονται,
991 2942 1313 3020 Ἀτρείδᾶο
1354 2941 1718 3019 Ἀτρείδεω,
1774 2939 2129 3020 Πριάμοιο,
2185 2941 2287 3004 καὶ
2331 2940 2421 3003 ἔτι
2466 2940 2574 3003 ἐπ’
2621 2939 3065 3024 ἀντωνυμιῶν,

401 3043 444 3095 Β
479 3040 688 3117 ἐμοῖο,
736 3043 904 3117 ςοῖο,
951 3048 1089 3106 πῶς
1136 3041 1280 3120 οὐχὶ
1324 3043 1483 3105 κατὰ
1525 3041 1714 3105 τόνδε
1757 3039 1874 3104 τὸν
1923 3040 2120 3116 λόγον
2165 3041 2203 3119 ἡ
2251 3042 2399 3119 ἐμέο
2431 3042 2532 3105 καὶ
2563 3041 2671 3106 ςέο
2702 3040 3067 3108 ἐλλείπουςι
3103 3053 3169 3099 25

475 3147 568 3224 τῷ
610 3144 662 3223 i,
715 3141 846 3206 ἀπὸ
901 3145 1013 3219 τῆς
1066 3142 1224 3221 ἐμοῦ
1268 3144 1370 3206 καὶ
1415 3145 1528 3206 ςοῦ
1573 3140 1986 3218 αὐξηθεῖςαι»;
2045 3142 2212 3206 Ἀλλ’
2266 3141 2504 3221 εἴρηται
2551 3141 2651 3207 ὅτι
2695 3141 3065 3221 ἰςχυρότερα

474 3243 553 3305 τὰ
605 3249 736 3307 τῶν
791 3242 1165 3318 πεζολόγων
1223 3244 1547 3323 μαρτύρια.
1649 3241 1862 3306 ἄλλως
1917 3263 1985 3307 τε
2040 3243 2095 3307 εἰ
2151 3242 2515 3309 ἐδείκνυντο
2573 3243 2636 3308 αἱ
2679 3244 3067 3322 ἀντωνυμίαι

610 3481 823 3530 Anovu.
882 3484 901 3529 1
930 3476 1083 3547 Opus
1105 3495 1215 3532 non
1243 3480 1327 3531 est
1349 3493 1637 3546 quaerere,
1667 3492 1766 3529 cur
1790 3475 2037 3541 ἐμαυτοῦ
2063 3494 2190 3530 cum
2210 3495 2317 3543 μου
2336 3478 2621 3543 inclinatO,
2647 3493 2758 3530 non
2778 3494 2905 3531 cum
2929 3480 3064 3544 ἐμοῦ

474 3563 874 3624 commutetur;
910 3577 1043 3614 nam
1079 3563 1389 3631 composita
1422 3561 1574 3616 facta
1606 3567 1735 3613 suut
1773 3576 1839 3612 ex
1878 3562 2015 3627 ἐμοῦ
2053 3562 2176 3615 sim.
2216 3562 2287 3615 ob
2323 3562 2382 3615 id
2418 3563 2633 3631 ipsum,
2669 3564 2734 3614 ut
2770 3562 3064 3616 discrimen

473 3647 749 3713 appareat
789 3645 939 3698 inter
980 3644 1344 3699 intransitiva
1378 3644 1697 3712 (reflexim)
1745 3645 1804 3697 et
1836 3645 2135 3699 transitiva
2176 3646 2514 3715 (simplicia).
2554 3676 2612 3684 -
2655 3651 2716 3699 16
2756 3647 2912 3713 Ἐμέο
2946 3647 3064 3715 ple-

471 3745 605 3782 nam
651 3729 885 3782 formam
937 3745 1055 3784 esse
1103 3729 1460 3798 scriptorum,
1512 3746 1749 3796 quorum
1795 3746 2016 3783 summa
2051 3731 2137 3783 eet
2171 3731 2498 3794 auctor-itae,
2542 3730 2878 3783 testimoniis
2915 3746 3063 3784 com-

471 3813 763 3882 probatur.
851 3813 1080 3882 Trypho
1130 3818 1320 3868 autem
1365 3814 1521 3878 ἐμεῖο
1566 3813 1791 3883 plenius
1838 3831 1957 3868 esse
1994 3816 2215 3876 censet,
2261 3831 2392 3867 nam
2430 3815 2679 3882 genetivi
2716 3815 2775 3867 in
2812 3814 3064 3869 vocalem

473 3898 935 3967 (diphthongum)
983 3899 1264 3963 exeuntis,
1309 3899 1356 3951 si
1392 3899 1758 3963 distrahatur,
1807 3901 1908 3952 aut
1942 3898 2349 3966 paenultimam
2385 3898 2620 3967 produci
2657 3901 2758 3952 aut
2792 3899 3065 3952 ultimam.

472 3983 554 4034 At
586 3982 920 4050 pronomina
953 3983 1108 4051 leges
1142 3981 1518 4051 perfringunt.

614 4199 805 4258 Drscn.
847 4219 1052 4254 somma
1133 4208 1164 4253 5
1219 4217 1373 4256 εςτιν
1419 4204 1460 4255 Α
1525 4205 1532 4262 ἶ
1596 4206 1628 4255 θ
1672 4200 1729 4254 in
1767 4206 1960 4270 θυραις
2005 4217 2142 4254 voce
2180 4218 2247 4254 ex
2285 4202 2399 4256 alia
2431 4201 2622 4256 littera.
2664 4201 2817 4255 facta
2851 4201 2922 4255 ab
2962 4204 3066 4266 A23

470 4300 546 4339 ea
589 4301 735 4354 quae
772 4286 946 4339 fuerit
980 4301 1092 4338 nou
1130 4284 1310 4353 liquet
1374 4289 1381 4350 Ι
1455 4300 1558 4353 pro
1594 4287 2014 4353 ἀντιδιαςτολῆς
2054 4286 2408 4339 scribendum
2444 4301 2563 4339 esse
2600 4286 3065 4341 ἀντανακλάςεως

468 4368 686 4423 conicit
720 4368 943 4439 GUhlig
1000 4373 1010 4439 Ι
1063 4375 1110 4428 6,
1148 4370 1495 4438 ἀφῃρημένῳ
1533 4371 1628 4423 vel
1651 4372 2021 4438 ἀφῃρημένου
2045 4370 2250 4423 conicit
2271 4368 2622 4439 JGuttentag
2667 4370 2677 4437 Ι
2734 4376 2882 4427 6-7
2909 4369 3063 4422 ‘For-

385 4522 390 4526 Δ
467 4456 625 4507 tasse
645 4455 775 4523 poet
798 4460 918 4509 τῶν
942 4455 1322 4520 ἀντωνυμιῶν
1347 4453 1540 4506 excid<
1544 4456 1678 4506 runt
1700 4459 1821 4507 τῶν
1846 4456 1990 4508 κατὰ
2014 4456 2082 4507 τὸ
2107 4454 2323 4521 τρίτον’
2345 4452 2709 4507 RSkrzeczka
2737 4460 2746 4514 Ι
2779 4460 2824 4507 7.
2847 4470 3067 4520 εχουςιν

467 4539 517 4592 Α
573 4539 584 4605 Ι
638 4543 686 4591 8.
723 4539 1119 4593 ςυντείνουςαν
1154 4537 1208 4603 b,
1247 4554 1537 4592 ςυντεινον
1574 4541 1616 4593 Α
1665 4543 1674 4604 Ι
1722 4538 1955 4592 πάντως
1993 4537 2090 4607 εἰς]
2127 4538 2495 4604 fol.168v.1
2542 4555 2631 4592 και
2667 4537 2941 4591 videtur
2924 4555 2984 4590 m
3021 4541 3065 4593 Α

466 4622 670 4686 hainae,
708 4639 857 4675 nunc
891 4623 1009 4675 sere
1047 4636 1226 4686 evan„
1265 4627 1388 4676 ταῖς
1423 4621 1460 4674 b
1498 4623 1509 4690 Ι
1550 4623 1732 4676 10.οὐ
1769 4621 2007 4675 inseruit
2041 4621 2405 4675 RSkrzeczka
2445 4624 2453 4686 Ι
2497 4628 2576 4675 13.
2614 4621 2901 4690 inscriptio
2939 4639 3068 4690 περι

464 4723 576 4774 της
616 4723 749 4772 εμευ
784 4705 1013 4763 maiusc.
1054 4708 1095 4759 Α
1155 4709 1164 4772 1
1227 4712 1299 4773 τῇ
1339 4707 1439 4770 μὲν
1473 4706 1538 4774 b,
1577 4723 1684 4760 om.
1723 4709 1765 4761 Α
1819 4709 1827 4770 1
1884 4712 1963 4762 ⁶20.
2004 4711 2324 4762 απειθανως
2361 4708 2403 4760 Α
2459 4707 2468 4772 Ι
2529 4712 2611 4758 22.
2649 4709 2779 4760 ante
2819 4707 3066 4772 μείζονες

464 4788 830 4859 JGuttentag
864 4790 1061 4844 inserit
1094 4792 1151 4846 αἱ
1186 4793 1401 4855 γενικαῑ
1437 4792 1445 4856 Ι
1472 4807 1642 4860 supra
1673 4806 2001 4855 γιγνομεναι
2040 4790 2251 4856 aliquid
2281 4805 2498 4843 erasum
2525 4790 2582 4842 in
2611 4792 2652 4845 Α
2685 4792 2694 4848 Ι
2724 4797 2806 4844 26.
2840 4797 2927 4861 τῷ
2952 4793 2974 4845 i
3009 4792 3065 4856 b,

464 4891 540 4929 το
574 4892 596 4928 ι
636 4876 678 4928 Α
712 4875 1095 4942 Ιιςχυρωτερα
1131 4876 1173 4928 Α
1206 4878 1215 4942 Ι
1246 4881 1329 4929 27.
1366 4877 1686 4929 εδεικνυντο
1723 4891 1792 4928 ex
1830 4877 2116 4929 εδεικνυτο
2151 4875 2362 4928 factum
2401 4874 2473 4928 ab
2512 4876 2576 4928 Αι

573 4967 860 5015 Apollonius
885 4968 1122 5018 Dyncolua.
1157 4970 1196 5010 Ι.
2633 4965 2663 5012 5
