3738 5530
639 289 724 354 38
814 286 1260 343 Commentarius
1290 287 1516 342 criticus
1545 289 1602 342 et
1630 286 1950 355 exegeticus
1977 285 2036 340 in
2066 284 2354 363 Apollonii
2382 284 2611 355 Dyscoli
2640 287 2850 356 scripta
2875 286 3107 342 minora.

637 458 785 517 latio
802 502 817 532 ,
888 476 1252 534 quamquam
1322 475 1440 516 non
1513 456 1707 514 minus
1778 474 1888 533 per
1950 454 2402 516 translationem
2466 457 2749 533 imposita
2811 476 2993 534 quam
3055 452 3248 531 πρός-

638 540 862 609 ωπον.’
974 540 1157 607 Εἶδος
1215 546 1403 623 igitur
1461 548 1552 605 est
1609 545 1802 604 forma
1864 545 2124 605 nominis
2189 548 2481 621 quatenus
2547 549 2655 605 aut
2710 547 3079 622 primitivum
3144 549 3252 606 aut

639 637 974 698 derivatmn
1021 638 1134 712 est3
1181 636 1250 694 cf.
1299 634 1493 693 DThr.
1545 636 1706 709 68,3
1757 629 1893 708 εἴδη
1940 630 2042 705 δέ,
2092 629 2190 694 ὅτι
2238 630 2303 694 αἱ
2349 630 2464 710 μέν
2512 629 2622 694 εἰςι
2669 633 3111 709 πρωτότυποι,
3158 632 3247 697 ὡς

640 722 771 799 ἐγώ
818 721 890 787 ςύ
935 720 976 797 ἵ,
1025 721 1089 785 αἱ
1136 722 1207 785 δὲ
1253 719 1655 798 παράγωγοι,
1719 719 1808 784 ὡς
1853 721 2045 784 πᾶςαι
2102 719 2166 785 αἱ
2221 719 2525 798 κτητικαί,
2587 719 2651 785 αἳ
2708 721 2811 785 καὶ
2856 721 3249 800 διπρόςωποι

640 813 983 876 καλοῦνται
1050 807 1116 898 (a
1169 813 1470 888 Dracone,
1532 832 1697 891 pron.
1751 815 1852 888 17,
1878 805 1972 895 1);
2036 814 2216 874 schol.
2280 813 2390 873 AG
2438 814 2587 888 847,
2610 815 2709 873 26.
2820 813 2998 873 Prisc.
3054 814 3170 873 XII
3214 818 3243 874 1

638 926 697 983 p.
738 906 885 980 577,
906 906 943 963 6
1011 898 1281 980 ‘Species
1342 904 1759 979 pronominum
1813 903 2103 979 bipertita
2156 906 2278 978 est,
2342 903 2465 962 alia
2519 901 2677 962 enim
2732 906 2872 964 sunt
2924 904 3251 980 primitiva,

643 995 765 1054 alia
827 987 1199 1054 derivativa’.
1312 991 1586 1052 Ceterum
1643 995 1713 1052 ut
1767 992 1932 1052 dicat
1975 991 2090 1071 Ap.
2134 988 2174 1066 ἡ
2223 988 2294 1052 ἐν
2340 992 2476 1053 τοῖς
2521 987 2785 1067 ὀνόμαςι
2833 1009 2980 1067 παρ
2993 991 3248 1067 αγωγή

643 1078 814 1145 εἶδος
860 1082 1156 1154 καλεῖται,
1204 1101 1338 1141 cum
1384 1084 1567 1141 etiam
1602 1084 1899 1156 prototypi
1943 1083 2023 1142 sit
2070 1075 2258 1153 εἶδος,
2304 1081 2368 1141 id
2411 1081 2546 1142 ideo
2591 1081 2721 1141 fieri
2764 1084 2967 1142 monet
3008 1081 3130 1142 Ska
3164 1082 3252 1140 VI

649 1175 757 1248 16,
816 1172 975 1248 quod
1029 1173 1211 1232 etiam
1263 1172 1326 1230 in
1382 1172 1467 1231 eis
1527 1190 1679 1248 quae
1726 1176 2056 1247 sequuntur
2101 1172 2173 1230 de
2217 1172 2636 1231 mutationibus
2680 1171 2743 1230 in
2788 1172 3137 1248 pronomine
3183 1191 3253 1232 ac

641 1263 821 1322 verbo
877 1261 1051 1321 factis
1106 1280 1296 1321 sermo
1352 1261 1458 1321 sit:
1522 1255 1855 1336 μετάβαςις
1901 1261 2060 1320 enim
2104 1261 2160 1319 h.
2208 1261 2247 1319 1.
2296 1263 2386 1320 est
2430 1262 2656 1319 formae
2703 1260 3074 1336 vicissitude,
3136 1280 3254 1337 qua

640 1352 940 1413 indicatur
997 1370 1310 1428 personam
1370 1350 1736 1410 commutari.
1838 1349 1957 1410 Sed
2016 1368 2150 1409 cum
2210 1345 2541 1425 μετάβαςις
2598 1350 2780 1409 etiam
2835 1350 3012 1409 aliter
3066 1351 3248 1429 accipi

642 1442 849 1519 possit,
895 1441 1023 1500 iure
1069 1441 1372 1517 vituperat
1407 1439 1732 1518 Dyscolum
1769 1438 1894 1498 Ska
1930 1440 1967 1499 l.
1999 1458 2043 1500 s.
2074 1458 2138 1515 s.,
2183 1439 2341 1516 quod
2382 1459 2561 1515 quam
2598 1439 2744 1498 velit
2789 1435 3128 1515 μετάβαςιν
3164 1439 3253 1499 in-

645 1531 848 1609 tellegi
897 1549 1014 1590 non
1060 1529 1207 1591 satis
1255 1532 1526 1589 accurate
1570 1529 1924 1607 patefaciat3
1986 1532 2295 1606 praeterea
2340 1548 2458 1588 non
2506 1523 2843 1604 μετάβαςιν
2886 1530 2925 1588 i.
2965 1549 3014 1589 e.
3062 1529 3254 1607 ipsam

641 1618 1061 1695 mutationem,
1115 1619 1218 1679 sed
1271 1620 1526 1692 formam
1577 1637 1685 1696 per
1735 1618 2071 1679 metabasin
2116 1619 2496 1678 immutatam
2542 1614 2893 1692 πρόςωπον
2940 1618 3248 1696 appellari.

644 1708 806 1779 Quae
853 1710 1134 1787 leguntur
1178 1709 1215 1767 l.
1260 1711 1340 1768 18
1378 1703 1418 1782 ἡ
1458 1704 1817 1783 διορίζουςα
1864 1704 2028 1769 λέξις
2073 1703 2154 1768 τὰ
2198 1703 2584 1782 προκείμενα
2628 1703 2979 1782 πρόςωπον
3018 1704 3249 1782 ἐκλήθη

645 1801 744 1859 vix
792 1817 938 1859 sana
984 1817 1108 1858 esse
1150 1800 1427 1875 possunt3
1474 1793 1639 1860 λέξις
1684 1796 1842 1857 enim
1888 1799 2081 1858 forma
2125 1798 2286 1858 vocis
2332 1800 2457 1856 sive
2502 1799 2738 1856 mutata
2774 1798 2899 1857 sive
2935 1798 3255 1857 immutata

644 1906 767 1949 esse
814 1890 1048 1965 nequit3
1096 1882 1428 1962 μετάβαςις
1473 1886 1786 1964 proposuit
1831 1885 1955 1947 ska
1999 1888 2038 1946 l.
2078 1906 2121 1946 s,
2159 1906 2224 1962 s.,
2269 1883 2433 1947 θέςις
2479 1886 2548 1945 cl.
2589 1889 2742 1962 synt.
2787 1889 2888 1961 12,
2911 1889 2990 1947 16
3039 1886 3250 1946 Matth.

643 1978 706 2036 II
746 1979 892 2038 633.
985 1976 1148 2047 Quae
1204 1976 1446 2053 quidem
1500 1977 1838 2036 coniectura
1892 1995 2011 2036 non
2057 1976 2358 2053 displicet,
2418 1994 2781 2052 quamquam
2825 1976 2988 2036 locus
3033 1976 3254 2036 allatus

646 2067 786 2128 huic
822 2066 860 2126 1.
900 2085 1019 2126 non
1065 2066 1345 2143 quadrat:
1390 2066 1474 2126 ibi
1514 2067 1671 2124 enim
1700 2062 1861 2126 θέςις
1892 2060 2213 2141 ὀνόματος
2255 2068 2346 2125 est
2390 2059 2764 2142 ‘appellatio'
2804 2091 2888 2113 ==
2927 2060 3253 2140 ὀνομαςία.

645 2156 763 2215 Sed
808 2152 973 2217 θέςις
1019 2156 1314 2235 significat
1359 2155 1541 2214 etiam
1585 2156 1839 2215 formam
1885 2156 1983 2214 vel
2027 2157 2151 2214 vim
2196 2155 2387 2214 forma
2433 2173 2786 2230 expressam,
2840 2159 2993 2230 synt.
3046 2157 3148 2229 20,
3172 2157 3254 2214 20

646 2241 1045 2320 ἀντωνυμικὴ
1075 2242 1256 2306 θέεις.
1311 2245 1387 2305 ib.
1412 2246 1610 2319 84,14
1649 2240 1730 2304 τὰ
1766 2241 1952 2319 κύρια
1979 2241 2086 2305 διὰ
2121 2244 2232 2318 τῆς
2271 2239 2433 2305 ἰδίας
2471 2240 2704 2305 θέςεως
2732 2239 3248 2318 ἀναπολούμενα.

645 2335 723 2394 ib.
759 2337 903 2410 103,
928 2337 1007 2394 19
1055 2330 1119 2394 αἱ
1165 2333 1656 2408 ςυνεμπεςοῦςαι
1694 2329 1908 2396 θέςεις.
1987 2334 2065 2394 ib.
2099 2335 2245 2409 184,
2269 2335 2347 2394 13
2388 2328 2854 2408 ἰςοδυναμοῦςα
2894 2328 3060 2394 θέςις
3107 2326 3253 2415 (vid.

647 2424 766 2484 ind.
816 2427 877 2484 et
923 2423 1044 2483 Ska
1089 2423 1151 2482 Π
1192 2416 1308 2505 7*).
1402 2422 1566 2493 Quae
1610 2425 1776 2483 notio
1821 2424 1878 2482 h.
1926 2425 1964 2483 1.
2013 2427 2158 2502 apta
2203 2427 2307 2484 est.

822 2513 907 2572 Ut
963 2512 1265 2589 hucusque
1322 2513 1385 2570 in
1448 2512 1796 2590 explicando
1850 2514 1907 2572 h.
1955 2515 1991 2572 1.
2041 2516 2188 2574 satis
2250 2513 2536 2590 impedito
2604 2512 2787 2571 Skam
2848 2513 3103 2572 maxime
3168 2530 3255 2572 se-

646 2604 770 2662 cuti
828 2620 1056 2677 sumus,
1112 2604 1202 2662 ita
1253 2603 1316 2661 in
1373 2603 1457 2663 eis
1523 2622 1674 2678 quae
1739 2603 1811 2662 de
1876 2598 2145 2664 διάθεςις
2210 2604 2368 2663 vocis
2432 2603 2672 2662 notione
2733 2601 3066 2678 disputavit
3130 2602 3256 2661 eius

646 2693 900 2772 vestigia
961 2711 1080 2752 non
1143 2693 1459 2770 sequimur.
1569 2691 1701 2762 Qua
1759 2693 1830 2752 de
1889 2712 1953 2752 re
2018 2712 2195 2770 quam
2259 2691 2475 2751 habuit
2534 2692 2997 2752 controversiam
3062 2709 3255 2769 perse-

648 2783 751 2859 qui
817 2782 1076 2842 alienum
1139 2785 1230 2841 est
1293 2775 1374 2863 (v.
1421 2783 1511 2841 Fl.
1563 2784 1732 2843 1869
1791 2784 2079 2858 13-—243
2147 2784 2426 2858 161,64;
2491 2774 2863 2863 390—92);
2936 2780 3038 2841 sed
3104 2799 3256 2858 quae

649 2871 1122 2932 GFSchoemann
1176 2876 1346 2930 acute
1406 2872 1478 2931 de
1532 2872 1644 2931 hae
1698 2892 1761 2932 re
1808 2872 2087 2933 disseruit
2132 2876 2426 2949 quatenus
2472 2870 2549 2929 ad
2594 2872 2650 2930 h.
2699 2873 2735 2929 l.
2783 2869 3258 2948 perspiciendum

643 2963 946 3038 pertinent
997 2980 1154 3020 nunc
1208 2961 1463 3021 su-ictim
1518 2964 1897 3040 attingemus.
1991 2961 2124 3021 Duo
2178 2961 2367 3039 igitur
2419 2963 2558 3020 sunt
2612 2956 2951 3021 διαθέςεως
3011 2979 3258 3039 genera3

648 3069 898 3127 quorum
952 3051 1146 3127 priuS,
1212 3049 1370 3125 quod
1423 3069 1543 3109 non
1596 3053 1791 3110 minus
1848 3054 1940 3111 est
1993 3050 2276 3110 infinitivi
2330 3069 2510 3126 quam
2565 3049 2900 3124 modorum,
2965 3053 3057 3111 est
3099 3050 3257 3110 ratio

648 3159 801 3216 quae
860 3138 1177 3198 intercedit
1233 3140 1388 3198 inter
1447 3138 1775 3199 subiectum
1837 3141 1932 3198 vel
1994 3139 2269 3216 obliquos
2329 3157 2498 3199 casus
2559 3144 2619 3198 et
2674 3141 2967 3199 actionem
3026 3158 3179 3216 quae
3226 3158 3258 3198 e

649 3229 831 3288 verbo
866 3231 1176 3304 tamquam
1212 3232 1452 3288 emanat
1497 3221 2034 3310 (Verbaldiathese‚
2064 3220 2762 3310 Thatigkeitsdiathese)3
2808 3229 3061 3288 alterum
3099 3228 3258 3305 quod

646 3318 956 3377 modorum
1003 3320 1111 3391 est,
1156 3336 1274 3376 non
1319 3317 1620 3392 infinitivi,
1659 3321 1751 3378 est
1795 3320 1980 3377 animi
2026 3317 2260 3377 affectio
2309 3338 2427 3394 qua
2474 3320 2606 3394 quis
2651 3337 2777 3377 rem
2822 3318 3086 3394 aliquam
3121 3336 3258 3395 pro-

645 3408 764 3467 fert
826 3408 919 3467 vel
981 3406 1289 3485 praedicat
1352 3400 1878 3489 (Modaldiathese,
1935 3399 2517 3488 Aussagediathese).
2608 3406 2793 3467 Vides
2856 3408 3045 3485 igitur
3104 3407 3259 3467 hanc

650 3496 890 3572 quidem
936 3491 1212 3556 διάθεςιν
1259 3489 1785 3578 (Modaldiathese)
1832 3497 2008 3557 unius
2055 3516 2179 3557 esse
2224 3498 2452 3574 primae
2498 3515 2813 3575 personae3
2857 3516 2997 3556 nam
3033 3515 3104 3556 ea
3140 3516 3259 3555 una

647 3588 930 3663 loquitur,
974 3605 1044 3645 ea
1089 3587 1275 3663 igitur
1320 3604 1441 3644 una
1484 3604 1620 3645 cum
1663 3586 1932 3663 loquitur
1976 3585 2234 3663 quodam
2270 3585 2444 3646 modo
2484 3585 2760 3660 afficitur,
2803 3587 3045 3662 eiusque
3082 3587 3257 3646 unius

646 3678 832 3735 animi
877 3675 1113 3737 affectio
1150 3673 1315 3734 verbi
1351 3675 1544 3735 forma
1580 3676 1783 3753 aliqua
1816 3678 2050 3736 ratione
2084 3679 2320 3735 mutata
2355 3678 2666 3752 tamquam
2704 3676 3067 3752 exprimitur.
3128 3674 3257 3734 Iam

649 3784 788 3825 vero
844 3765 1056 3824 harum
1110 3759 1455 3825 διαθέςεων
1511 3767 1649 3825 utra
1700 3767 1765 3824 in
1817 3766 1930 3825 hac
1984 3762 2334 3843 προςώπου
2390 3765 2645 3825 nominis
2699 3763 3041 3825 definitione
3084 3763 3259 3824 intel-

648 3855 898 3932 legenda
953 3855 1060 3929 sit,
1113 3872 1232 3913 non
1287 3852 1618 3929 dubitabis3
1681 3873 1822 3916 nam
1881 3874 2014 3914 cum
2071 3855 2365 3932 posterior
2410 3854 2735 3914 infinitivos
2782 3853 3054 3914 excludat
3102 3853 3260 3930 quod

645 3946 850 4003 carent
893 3945 1195 4018 personis:
1241 3943 1528 4019 quoniam
1571 3944 1625 4002 h.
1673 3945 1711 4004 l.
1761 3944 1832 4005 de
1878 3946 2025 4022 ipsis
2069 3945 2337 4021 personis
2384 3946 2610 4024 agitur,
2672 3943 2826 4003 hanc
2870 3943 3259 4021 posteriorem

644 4030 984 4094 διαθέςεως
1038 4034 1340 4093 notionem
1395 4033 1795 4110 accipiendam
1852 4052 1978 4095 esse
2036 4037 2299 4111 apparet.
2393 4033 2562 4104 Quod
2609 4032 2855 4093 adiectis
2901 4031 3089 4095 δεῖξις
3135 4048 3253 4093 cw-

645 4120 867 4198 ματικὴ
934 4123 1128 4183 verbis
1194 4122 1589 4182 confirmatur.
1699 4124 1857 4183 Nam
1912 4127 1981 4182 ut
2035 4118 2150 4184 ‘tu’
2206 4124 2303 4184 vel
2359 4117 2520 4183 ‘iste'
2583 4123 2933 4200 pronomine
2997 4123 3257 4199 aliquem

643 4213 980 4289 ostendam,
1033 4213 1299 4290 profecto
1355 4212 1714 4289 loquendum
1770 4217 1887 4289 est3
1951 4213 2138 4274 δεῖξις
2192 4215 2381 4291 igitur
2438 4232 2669 4290 semper
2713 4212 2838 4273 eius
2886 4214 2977 4272 est
3023 4214 3127 4288 qui
3171 4213 3259 4271 lo-

645 4305 873 4379 quitur,
937 4304 974 4361 i.
1025 4322 1074 4362 e.
1121 4302 1348 4379 primae
1392 4321 1694 4379 personae.
1787 4303 1877 4362 Ex
1940 4302 2032 4362 his
2098 4305 2298 4362 autem
2361 4303 2555 4361 elucet
2616 4301 2785 4360 illam
2849 4320 3134 4379 personae
3198 4305 3260 4361 et

642 4393 946 4453 notionem
1002 4394 1063 4451 et
1115 4391 1518 4451 definitionem
1574 4395 1780 4470 aptam
1835 4410 1961 4451 esse
2016 4394 2076 4451 et
2131 4392 2271 4452 solis
2337 4387 2649 4466 ἐμψύχοις
2713 4383 2867 4473 (ska
2911 4390 2999 4450 VI
3041 4383 3150 4472 18)
3199 4393 3260 4450 et

641 4483 747 4540 uni
792 4483 1038 4558 primae,
1084 4480 1239 4541 unde
1285 4484 1347 4541 et
1392 4481 1466 4540 ad
1510 4499 1606 4541 res
1652 4485 1714 4542 et
1760 4480 1834 4540 ad
1881 4483 2107 4541 ceteras
2151 4499 2433 4557 personas
2479 4481 2859 4556 transfertur,
2904 4475 3037 4553 εἴγε
3078 4476 3179 4541 καὶ
3215 4475 3255 4553 ἡ

644 4565 716 4631 ἐν
760 4569 895 4631 τοῖς
943 4567 1085 4645 ἑξῆς
1128 4566 1497 4646 προςώποις
1543 4565 1864 4647 ἀπόφαςις
1913 4566 1978 4631 ἐξ
2025 4565 2225 4630 αὐτοῦ
2271 4564 2511 4641 γίνεται
2557 4589 2724 4647 pron.
2778 4571 2881 4645 18,
2904 4572 3014 4645 2ος
3077 4568 3256 4628 schol.

642 4658 751 4719 AG
801 4660 948 4735 888,
970 4662 1049 4719 15
1109 4654 1241 4720 ἀπὸ
1300 4657 1372 4720 δὲ
1418 4656 1682 4735 πρώτου
1727 4655 2080 4735 προςώπου
2128 4653 2480 4733 ἀρχόμεθα,
2547 4654 2765 4733 ἐπειδὴ
2813 4655 2890 4719 τὸ
2952 4654 3259 4733 δεύτερον

644 4745 746 4807 καὶ
792 4745 868 4807 τὸ
914 4744 1130 4823 τρίτον
1178 4745 1243 4810 ἐξ
1291 4745 1491 4809 αὐτοῦ
1537 4745 1999 4825 προφέρονται.

822 4837 1116 4899 Personae
1161 4842 1301 4899 sunt
1345 4842 1484 4899 tres.
1573 4840 1782 4899 Prima
1828 4842 1911 4897 est
1954 4856 2084 4897 cum
2130 4855 2200 4899 ea
2238 4840 2373 4912 ipsa
2410 4855 2558 4912 quae
2594 4839 2849 4911 loquitur
2884 4838 2956 4897 de
2990 4855 3053 4897 se
3077 4854 3256 4911 prae-

644 4928 832 4998 dicem
888 4929 940 4987 ei
983 4930 1114 4988 iure
1145 4931 1383 5003 primus
1427 4930 1585 4988 locus
1632 4930 1983 4997 conceditur,
2048 4929 2190 5003 quia
2236 4930 2409 4989 ettam
2452 4929 2709 4988 secunda
2755 4931 2807 4988 et
2851 4930 3020 4987 tertia
3065 4927 3140 4986 ab
3189 4945 3260 4987 ea
