3738 5530
614 386 733 449 146
1526 388 1704 440 ΠΕΡΙ
1741 389 2299 443 ΕΠῙΡΡΗΜΑΤῼΝ.

1649 511 1693 547 ι).
1722 500 1812 548 556,
1842 501 1863 539 7
1891 521 1944 529 -
1968 500 2058 551 568,
2084 503 2109 541 c
2138 502 2168 540 b

775 594 1129 673 Ἐχομένως
1175 595 1479 659 ςκεπτέον
1526 595 1626 658 καὶ
1669 596 1812 674 περὶ
1856 602 1989 660 τῶν
2035 598 2107 662 ἐν
2151 601 2289 662 ταῖς
2335 600 2589 676 φωναῖς
2636 597 2986 676 ςχημάτων.

773 696 868 760 Τὰ
932 699 1008 774 δὴ
1067 696 1458 776 ἐπιρρήματα
1523 699 1623 761 καὶ
1687 698 2082 776 πρωτότυπά
2150 700 2272 765 ἐςτι
2337 701 2438 762 καὶ
2493 700 2870 779 παραγωγά.
2966 701 3066 763 καὶ
3120 701 3199 764 τὰ
3256 715 3308 755 ¹⁵

605 798 855 863 τούτων
899 801 1259 877 παραγωγὰ
1303 799 1344 862 ἃ
1388 800 1504 877 μὲν
1552 798 1682 862 ἀπὸ
1728 801 2190 879 ἐπιρρημάτων,
2240 802 2329 864 ὡς
2372 802 2547 878 παρὰ
2586 801 2662 865 τὸ
2696 799 2835 865 ἄνω
2866 801 3197 882 ἀνωτέρω,

606 900 643 976 ἢ
692 901 867 979 παρὰ
913 898 1236 983 ὀνόματα,
1291 901 1379 963 ὡς
1425 902 1601 980 παρὰ
1644 901 1722 965 τὸ
1780 903 2011 982 βότρυς
2068 905 2415 987 βοτρυδόν,
2472 905 2510 982 ἢ
2556 903 2731 982 παρὰ
2778 903 3053 986 ῥήματα,
3109 904 3200 966 ὡς

536 1013 567 1059 5
604 1004 780 1080 παρὰ
836 1002 912 1065 τὸ
974 1003 1226 1066 κλέπτω
1280 1003 1583 1085 κλέβδην,
1642 1004 1679 1080 ἢ
1738 1005 1915 1083 παρὰ
1971 1005 2406 1084 ἀντωνυμίαν,
2468 1006 2557 1069 ὡς
2610 1007 2786 1085 παρὰ
2828 1007 2905 1070 τὸ
2951 1006 3197 1070 ἐκεῖνος

602 1105 893 1181 ἐκείνως,
951 1102 1144 1168 οὗτος
1191 1105 1426 1182 οὕτως,
1484 1105 1678 1169 αὐτός
1723 1106 2029 1190 αὐτόθεν,
2086 1108 2124 1186 ἢ
2171 1108 2346 1187 παρὰ
2401 1107 2704 1189 μετοχάς,
2763 1108 2854 1172 ὡς
2899 1109 3074 1184 παρὰ
3119 1109 3195 1172 τὸ
3250 1120 3302 1157 2⁰

604 1206 1017 1283 ἐπιςτάμενος
1065 1206 1493 1285 ἐπιςταμένως
1538 1208 1640 1272 καὶ
1684 1207 2053 1287 ἐρρωμένος
2103 1210 2500 1289 ἐρρωμένως,
2547 1210 2585 1287 ἢ
2631 1209 2806 1288 παρὰ
2844 1211 3181 1289 προθέςεις

616 1307 723 1371 ὡς
777 1308 843 1371 ἔξ
891 1307 1117 1372 ἕξωκαὶ
1156 1309 1331 1386 παρὰ
1377 1309 1452 1372 τὸ
1499 1308 1570 1374 ἐν
1616 1308 1835 1375 ἔνδον.
1911 1312 2120 1375 καθὼς
2171 1310 2336 1375 ἔςτιν
2397 1311 2725 1390 ἐπινοῆςαι
2772 1313 2876 1375 καὶ
2917 1312 3031 1375 τὰς
3077 1316 3195 1376 τοῦ

601 1409 923 1490 ὀνόματος
966 1411 1359 1487 παραγωγὰς
1403 1411 1441 1489 ἢ
1486 1411 1585 1474 καὶ
1633 1410 1911 1490 ῥήματος
1956 1415 2132 1491 παρὰ
2175 1414 2289 1477 τὰς
2333 1413 2531 1477 αὐτὰς
2572 1412 2743 1477 ἰδέας
2782 1420 2912 1478 τῶν
2954 1413 3194 1479 λέξεων

502 1524 565 1572 10
600 1512 1051 1591 παραγομένας
1097 1512 1178 1593 <ῆ
1223 1513 1375 1591 παρ’
1419 1512 1700 1595 ἑτέρας),
1746 1513 1878 1589 εἴγε
1925 1513 2055 1578 ἀπὸ
2100 1516 2213 1592 μὲν
2259 1514 2582 1593 ὀνόματος
2617 1514 2847 1597 ὄνομα,
2892 1514 2981 1577 ὡς
3019 1515 3194 1579 λίθος

602 1614 871 1694 λίθινος,
919 1613 956 1690 ἢ
1002 1615 1104 1678 καὶ
1149 1613 1348 1695 ῥῆμα,
1406 1613 1494 1676 ὡς
1537 1615 1714 1693 παρὰ
1758 1617 1877 1692 τὴν
1922 1614 2304 1694 εὐδαίμονος
2349 1616 2747 1699 εὐδαιμονῶ,
2805 1617 2843 1695 ἢ
2890 1618 2992 1681 καὶ
3033 1618 3193 1695 παρ’
3246 1628 3296 1666 25

600 1717 937 1796 ἐπίρρημα,
987 1715 1076 1779 ὡς
1122 1714 1249 1793 ὀψέ
1295 1714 1534 1799 ὀψίζω,
1580 1716 1706 1780 αἰαί
1752 1717 1980 1800 αἰάζω,
2038 1719 2140 1781 καὶ
2184 1719 2359 1797 παρὰ
2402 1722 2733 1801 πρόθεςιν,
2791 1719 2953 1798 ὑπέρ
3000 1718 3192 1795 ὑπέρ-

597 1837 806 1900 τερος,
851 1817 980 1896 πρό
1025 1818 1364 1900 πρότερος,
1410 1819 1604 1882 πάλιν
1651 1820 1750 1882 καὶ
1795 1823 1905 1896 τῆς
1949 1824 2080 1883 τῶν
2126 1819 2425 1900 ῥημάτων
2457 1824 2869 1902 παραγωγῆς,
2915 1820 3004 1884 ὡς
3035 1821 3190 1897 πρό-

600 1940 827 1997 κειται,
873 1918 962 1984 εἰς
1005 1923 1204 1982 ταῦτα
1248 1920 1723 1999 παραγομένης.

502 2188 563 2235 15
769 2176 975 2255 Ἐχθέ
991 2197 1021 2240 ς
1066 2175 1104 2253 ἢ
1150 2175 1336 2253 χθές
1383 2175 1643 2254 ῥητέον;
1711 2175 1998 2257 Τρύφων
2025 2168 2121 2258 (p.
2153 2177 2236 2240 48
2267 2174 2534 2263 Velsen)
2577 2177 2768 2257 φηςὶν
2813 2176 2883 2241 ἐν
2924 2182 3014 2261 τῷ
3046 2178 3192 2255 περὶ
3242 2186 3294 2225 ²⁵⁰

598 2278 1046 2358 ἐπιρρημάτων
1070 2273 1147 2340 τὸ
1179 2276 1361 2356 ἐχθές
1392 2276 1837 2355 ἐντελέςτερον
1868 2275 2034 2343 εἶναι
2058 2283 2175 2342 τοῦ
2194 2279 2343 2357 χθές
2365 2279 2662 2356 Ἀττικοῦ,
2694 2279 3190 2358 παρατιθέμενος

595 2382 710 2459 τὴν
743 2380 815 2445 ἐν
846 2381 981 2444 τοῖς
1014 2378 1521 2458 μονοςυλλάβοις
1551 2378 1962 2457 ἐπιρρήμαςιν
1993 2379 2369 2461 ἀναλογίαν,
2402 2380 2492 2445 ὡς
2523 2379 2620 2460 εἴη
2649 2381 2719 2446 ἐν
2751 2383 3013 2460 μακραῖς
3044 2384 3188 2443 ςυλ-

597 2486 821 2562 λαβαῖς
864 2481 1191 2563 ἑκάςτοτε,
1237 2480 1368 2563 ναί,
1412 2481 1494 2559 μή
1509 2529 1527 2561 ,
1573 2485 1734 2562 ποῦ,
1782 2486 1954 2564 πῶς,
2003 2481 2115 2564 οὔ,
2162 2482 2265 2545 καὶ
2308 2483 2386 2545 τὰ
2431 2487 2725 2547 τοιαῦτα·
2786 2483 3188 2563 μηκυνόμενα
3225 2487 3325 2537 55⁷

598 2585 704 2650 διὰ
747 2587 860 2648 τοῦ
907 2586 1161 2666 διπλοῦ,
1207 2583 1381 2665 γνύξ,
1426 2583 1568 2650 πύξ.
1643 2589 1970 2647 πιςτοϋται
2016 2585 2086 2648 δὲ
2132 2585 2235 2647 καὶ
2279 2583 2574 2649 ἐντεῦθεν
2627 2586 2708 2665 μὴ
2753 2584 2975 2662 ἐντελῆ
3022 2583 3187 2648 εἶναι

494 2697 560 2743 20
592 2688 668 2751 τό
712 2707 781 2750 τε
837 2684 930 2749 δίς
975 2686 1073 2748 καὶ
1116 2684 1279 2763 τρίς,
1326 2684 1405 2770 ,ἐκ
1459 2686 1531 2748 δὲ
1575 2689 1692 2749 τοῦ
1750 2686 1966 2749 δυάκις
2011 2687 2114 2749 καὶ
2163 2685 2401 2765 τριάκις
2459 2687 2910 2770 ςυγκεκόφθαι,
2968 2686 3186 2764 ἐπειδὴ

594 2792 674 2854 τὰ
730 2786 817 2853 εἰς
869 2792 902 2850 “ς
957 2787 1240 2866 λήγοντα
1294 2788 1452 2864 μετὰ
1508 2788 1804 2868 βραχείας
1859 2787 2142 2867 ἐκφορᾶς
2197 2788 2366 2853 ἐςτιν
2425 2788 2586 2867 ὑπὲρ
2642 2789 2788 2867 μίαν
2847 2789 3185 2871 ςυλλαβήν,
3237 2799 3263 2838 ⁵

595 2891 796 2971 εἰκός,
843 2889 1065 2970 ἐγγύς,
1112 2887 1329 2970 ἐντός,
1373 2887 1544 2971 ἅλις,
1590 2887 1803 2972 ἄχρις,
1850 2889 2085 2968 πάρος·
2137 2891 2202 2954 ἐξ
2249 2888 2329 2954 οὗ
2373 2890 2567 2955 πάλιν
2612 2894 2841 2968 ςυνῆγε
2884 2890 2959 2953 τὸ
3005 2889 3187 2968 ἐχθές

596 2993 1134 3074 ἀναλογώτερον,
1192 2990 1551 3074 ἀφῃρῆςθαι
1596 2991 1667 3054 δὲ
1711 2991 1876 3070 πρὸς
1918 2995 2029 3070 τῆς
2075 2993 2352 3068 Ἀττικῆς
2408 2992 2687 3071 χρήςεως
2730 2994 2806 3056 τὸ
2851 2991 2901 3056 ἒ.
2953 3029 3035 3037 —-
3091 2991 3186 3055 Οὐ

593 3095 716 3173 γὰρ
774 3094 944 3158 πάνυ
998 3093 1207 3157 ἐκεῖνο
1268 3092 1471 3176 ὑγιές,
1536 3091 1611 3155 τὸ
1667 3093 1746 3156 τὰ
1801 3092 1891 3156 εἰς
1947 3098 2013 3156 ες
2079 3094 2360 3171 λήγοντα
2419 3094 2621 3173 φάναι
2681 3093 2957 3175 ῥήματα,
3023 3094 3185 3173 ςχές,

730 3313 944 3366 Aaovn.
1020 3318 1039 3364 1
1081 3310 1369 3364 Adverbia
1403 3310 1607 3378 quibus
1643 3310 1956 3365 rationibus
1991 3310 2317 3366 formentur.
2366 3342 2429 3350 -
2478 3318 2507 3364 2
2545 3310 2832 3366 Adverbia
2866 3313 2966 3365 aut
2995 3311 3185 3381 primi-

593 3398 714 3452 tiva
748 3398 848 3451 aut
889 3396 1146 3451 derivata
1181 3395 1326 3449 sunt.
1395 3393 1468 3448 Et
1504 3396 1759 3452 derivata
1795 3394 2022 3463 quidem
2062 3395 2133 3448 ab
2169 3395 2451 3449 adverbiis
2483 3394 2802 3449 nominibus
2838 3396 3025 3450 verbis
3059 3412 3185 3464 pro-

592 3481 909 3536 nominibus
953 3480 1267 3550 participiis
1310 3480 1822 3548 praepositionibus
1869 3479 2105 3533 oriunda
2149 3482 2292 3532 sunt.
2346 3510 2410 3519 —-
2469 3487 2531 3534 15
2577 3480 2862 3534 Nonnulla
2916 3479 3187 3534 adverbia

594 3567 899 3637 separatim
970 3566 1392 3635 percenseatur.
1497 3563 1726 3633 Trypho
1785 3566 1943 3631 ἐχθές
2002 3564 2311 3634 pleniorem
2379 3565 2617 3619 sormam
2676 3582 2793 3619 esse
2853 3567 3059 3620 censet.
3117 3595 3184 3603 —

590 3660 656 3708 23
694 3652 819 3706 Non
856 3651 990 3704 licet
1023 3650 1440 3719 argumentum,
1481 3665 1592 3717 quo
1629 3650 1753 3716 χθές
1790 3649 2023 3718 plenum
2061 3666 2179 3703 esse
2217 3650 2643 3719 comprobetur,
2690 3651 2884 3718 petere
2923 3665 2957 3701 a
2991 3648 3182 3702 simili-

590 3739 694 3790 bus
731 3737 1029 3790 verborum
1062 3734 1270 3788 formis.

725 3922 945 3979 Tasrm.
1023 3928 1046 3974 1
1087 3921 1155 3974 cf.
1186 3919 1368 3974 Schol.
1398 3919 1558 3974 Dion.
1585 3920 1715 3974 Thr.
1741 3920 1846 3974 BA
1872 3939 1928 3991 p.
1954 3928 2073 3988 936,
2099 3928 2283 3976 9—21.
2331 3921 2499 3975 Prisc.
2525 3919 2646 3988 XV,
2673 3927 2706 3977 5
2729 3939 2783 3991 p.
2809 3926 2899 3982 63,
2929 3927 2958 3975 7
2993 3920 3181 3974 Hertz.

727 4126 905 4180 Discn
964 4145 1170 4182 sempr.
1243 4132 1290 4178 1.
1336 4125 1627 4195 inscriptio
1672 4130 1906 4194 δευτερα
1961 4129 2200 4182 διαλυςις
2252 4129 2686 4193 διερμηνευουςα
2741 4142 2834 4180 και
2885 4129 3180 4180 διαλυουςα

592 4229 664 4267 τα
700 4229 821 4265 των
859 4229 1079 4279 φωνων
1118 4228 1370 4279 ςχηματα
1406 4228 1528 4264 των
1566 4228 1967 4280 επιρρηματων
2003 4231 2038 4279 η
2075 4226 2182 4279 γαρ
2219 4228 2419 4278 πρωτη
2459 4228 2590 4278 περι
2612 4228 2716 4280 της
2743 4227 2963 4266 εννοιας
2986 4226 3181 4264 αυτων

590 4300 853 4366 διηλεχθη
900 4296 1126 4353 maiusc.
1165 4299 1236 4360 Α,
1291 4298 1546 4364 διελεχθη
1590 4296 1662 4363 b,
1715 4297 1812 4365 qui
1858 4296 2007 4349 hunc
2050 4296 2280 4349 titulum
2326 4296 2612 4365 scriptoris
2664 4297 2850 4350 verbis
2895 4294 3133 4348 inseruit
3170 4297 3176 4360 ξ

589 4388 637 4441 8.
678 4380 838 4439 ‘Cod.
877 4398 967 4435 και
1005 4399 1109 4446 ως,
1149 4379 1298 4434 unde
1338 4379 1509 4433 facias
1547 4383 1755 4436 καθὼς’
1794 4381 1830 4433 b
1866 4381 1926 4432 in
1963 4397 2079 4433 var.
2115 4381 2266 4446 lect„
2304 4381 2382 4435 ὡς
2419 4380 2493 4433 id.
2529 4379 2587 4433 in
2624 4382 2784 4434 textu
2832 4383 2841 4449 Ι
2897 4386 2976 4437 10.
3017 4382 3049 4444 ἢ
3089 4376 3180 4431 vel

591 4468 950 4537 ἢ<καὶ>παρ’
984 4467 1179 4532 ἑτέρας
1214 4464 1305 4518 vel
1339 4467 1644 4534 διαφόρους
1679 4465 1891 4519 adiecit
1913 4463 2278 4518 RSkrzeczka
2306 4469 2316 4532 Ι
2362 4472 2440 4518 12.
2467 4482 2545 4519 ως
2572 4467 2644 4531 Α,
2682 4482 2790 4519 om.
2816 4464 2853 4517 b
2885 4471 2893 4524 Ι
2931 4471 3005 4517 15.
3031 4463 3179 4516 Ante

589 4553 747 4619 ἐχθές
793 4553 829 4617 ἢ
874 4551 999 4616 χθές
1047 4552 1250 4617 ῥητέον
1284 4550 1546 4603 lacunam
1582 4551 1810 4604 maioris
1848 4549 2094 4603 ambitus
2130 4550 2352 4616 statuit,
2401 4550 2460 4603 et
2495 4551 2624 4604 ante
2662 4551 2817 4615 ἐχθές
2853 4547 3020 4602 inseri
3056 4546 3181 4600 vult

588 4638 865 4703 <πρῶτον
892 4637 1018 4702 ‘aql
1043 4634 1189 4702 τοῦ)
1216 4633 1520 4698 GDronke;
1544 4633 1931 4704 interrogandi
1957 4633 2179 4702 signum
2205 4636 2332 4702 post
2354 4636 2562 4702 ῥητέον
2585 4633 2779 4702 posuit
2805 4631 3176 4696 RSchneider,

588 4721 856 4789 punctum
894 4720 930 4772 b
962 4724 970 4786 Ι
1002 4725 1049 4782 φ
1087 4737 1188 4790 pro
1225 4737 1395 4788 φηςιν
1430 4718 1587 4772 abbr.
1626 4721 1668 4773 Α
1702 4723 1710 4786 Ι
1746 4725 1823 4772 18.
1860 4736 2255 4786 μηκυνουμενα
2293 4721 2335 4773 Α
2369 4723 2378 4786 Ι
2424 4725 2497 4774 19.
2535 4721 2614 4773 δει
2652 4721 2799 4773 πλου
2834 4735 2936 4787 pro
2973 4720 3176 4770 διπλοῦ

590 4807 633 4860 Α
700 4808 709 4871 Ι
774 4812 855 4858 ⁶20.
902 4807 962 4859 ἐκ
1009 4807 1093 4874 δὲ]
1143 4805 1237 4859 fol.
1280 4811 1376 4858 125
1401 4821 1443 4857 r.
1514 4808 1522 4860 Ι
1582 4809 1662 4858 23.
1710 4805 1838 4873 post
1874 4805 2307 4873 ἀναλογώτερον
2355 4819 2571 4858 comma
2606 4818 2707 4873 pro
2745 4803 2954 4872 puncto
2989 4801 3179 4871 posuit

589 4889 953 4944 RSkrzeczka
979 4893 988 4956 Ι
1020 4896 1101 4949 24.
1135 4892 1383 4958 λήγοντα
1408 4891 1879 4959 <μονοςύλλαβα>
1907 4888 2129 4959 GUhlig
