3738 5530
494 308 935 364 Commentarius
963 307 1190 363 criticus
1219 309 1278 361 et
1306 305 1626 377 exegeticus
1653 305 1713 360 in
1742 304 2031 375 Apollonii
2058 304 2286 374 Dyscoli
2315 304 2527 374 script-a
2553 304 2787 359 minora.
2907 303 3027 369 121

601 479 985 553 95,17—19
1032 477 1174 537 Ahr.
1223 477 1385 537 diall.
1433 477 1464 535 Ι
1512 477 1667 550 1263
1727 475 1860 535 Mei.
1910 474 1939 532 I
1990 475 2132 535 168.

602 569 804 643 95,21
854 567 997 627 Ahr.
1045 566 1206 626 diall.
1255 567 1285 626 I
1335 567 1491 642 2083
1548 565 1683 625 Mei.
1730 565 1762 623 Ι
1809 566 1954 625 274.

600 666 664 756 β)
720 673 994 734 Genetivi
1040 674 1292 751 pluralis
1338 672 1629 734 secundae
1672 690 1976 749 personae.

596 760 674 824 Ὑ
685 763 840 837 μῶν
886 766 1123 842 praeter
1167 763 1488 823 dialectum
1534 763 1784 822 atticam
1821 764 1995 821 etiam
2028 764 2095 822 in
2130 762 2331 821 dorica
2367 765 2710 836 usurpatur,
2755 761 2857 820 ubi
2899 778 3034 820 rur-

421 872 524 914 sus
560 873 601 913 a
635 856 965 928 possessivo
1007 849 1213 928 ὑμῶν
1251 854 1326 914 ab
1371 849 1557 927 ὑμόε
1597 854 1883 912 declinato
1918 854 2006 911 ita
2040 853 2252 925 differt,
2299 854 2363 910 ut
2398 851 2507 910 illa
2541 851 2791 911 distrahi
2824 853 3031 925 possit.

419 944 725 1003 Distraota
768 944 964 1016 forma
1009 937 1259 1017 ὑμέων
1314 946 1488 1002 etiam
1532 942 1710 1002 Iones
1752 945 2016 1001 utuntur.
2107 942 2422 1001 Praeterea
2456 941 2804 1015 personalia
2848 944 2901 998 et
2942 943 3033 999 in-

420 1035 716 1093 clinantur
753 1037 805 1091 et
841 1036 1018 1091 erecto
1055 1036 1184 1091 tono
1215 1033 1624 1107 proferuntur,
1659 1033 1999 1107 possessiva
2033 1048 2259 1105 semper
2294 1033 2512 1090 rectum
2547 1034 2746 1090 tonum
2780 1033 3031 1089 servant.

417 1122 644 1181 Forma
697 1116 979 1195 ὑμείων
1021 1124 1258 1196 yemina
1303 1126 1398 1181 est.
1490 1119 1801 1181 Aeolenses
1846 1116 2176 1196 ὐμμέων,
2234 1120 2438 1180 Boeoti
2492 1114 2781 1193 οὐμίων
2827 1118 3035 1178 dicunt

423 1212 525 1287 95,
548 1212 827 1287 23—96,
848 1212 903 1270 6.

600 1302 701 1375 95,
726 1302 806 1360 23
852 1299 997 1359 Ahr.
1045 1299 1208 1360 dian.
1257 1300 1317 1360 11
1368 1301 1510 1360 258.

600 1391 704 1464 95,
725 1390 806 1449 28
857 1385 1273 1469 ἐγκλίνεεθαι]
1322 1389 1393 1450 de
1440 1385 1653 1465 ὕμεων
1701 1390 1894 1449 forma
1938 1389 2077 1449 Her.
2116 1388 2179 1447 Π
2227 1390 2469 1465 96,13;
2514 1389 2585 1448 cf.
2631 1407 2801 1466 pron.
2853 1388 2955 1461 17,
2975 1387 3030 1446 6.

419 1478 558 1539 Her.
603 1479 634 1537 1
682 1480 933 1554 554‚2s
964 1497 1049 1556 sq.

600 1570 763 1643 96‚4
811 1569 952 1627 Ahr.
1001 1568 1162 1628 dian.
1209 1569 1241 1628 1
1290 1570 1445 1643 1253
1504 1568 1639 1629 Mei.
1687 1569 1716 1627 1
1768 1570 1911 1628 167.

600 1659 761 1732 96,5
809 1657 951 1717 Ahr.
1000 1658 1162 1718 dian.
1210 1658 1240 1717 1
1290 1659 1446 1733 2083
1504 1659 1638 1718 Mei.
1686 1657 1716 1716 1
1764 1660 1911 1718 273.

597 1756 667 1844 γ)
727 1763 1002 1825 Genetivi
1046 1766 1298 1842 pluralis
1342 1767 1557 1826 tertiae
1599 1783 1901 1843 personae.

597 1852 826 1928 Σφῶν
874 1848 1152 1936 (atticum
1198 1858 1258 1915 et
1303 1847 1607 1937 ionicum).
1693 1853 1876 1929 Apud
1918 1855 2243 1915 Homerum
2289 1857 2463 1914 etiam
2508 1848 2792 1930 (φείων
2837 1870 3035 1913 occur·

417 1945 520 2012 rit,
574 1961 724 2017 quae
775 1945 972 2016 forma
1016 1946 1403 2005 Doriensibus
1458 1950 1510 2004 et
1554 1943 1936 2004 Aeolensibus
1989 1947 2310 2004 contmwnis
2355 1948 2451 2003 est.
2542 1943 2909 2020 Syracusani
2966 1945 3033 2001 in

418 2034 685 2092 omnibus
740 2034 950 2105 formis
1001 2036 1181 2094 unius
1233 2035 1494 2108 syllabae
1539 2032 1625 2109 Εῖῤ
1670 2037 1736 2093 in
1779 2031 1835 2107 ᾧ
1880 2038 2133 2103 mutant,
2188 2036 2255 2093 in
2309 2034 2610 2108 bisyllabis
2663 2033 2755 2091 vel
2805 2035 3038 2092 nmtant

417 2123 508 2180 vel
559 2119 612 2195 ’ᾧ
674 2123 965 2194 abiciunt,·
1013 2128 1322 2198 praeterea
1381 2118 1483 2184 ὧν
1545 2128 1628 2184 est
1683 2125 1786 2183 abi
1829 2139 1951 2198 ’pro
2012 2119 2264 2184 αὐτῶν
2314 2126 2559 2197 ponant.
2651 2117 3035 2181 Femimnam

420 2206 669 2272 αὐτῶν
716 2217 768 2271 et
807 2215 875 2272 in
920 2208 1214 2274 αὐτέων
1252 2218 1304 2272 et
1341 2216 1404 2272 in
1450 2208 1756 2274 αὐτάων
1792 2214 2156 2272 distrahitur.
2237 2213 2331 2271 De
2365 2213 2698 2285 formarum
2734 2207 3034 2271 ἐκεῖνος

408 2303 779 2374 pronominis
826 2307 877 2360 et
919 2305 1046 2362 sim.
1093 2306 1338 2375 flexione
1380 2304 1528 2362 nihil
1571 2304 1925 2363 monendam
1971 2305 2054 2362 est
2099 2303 2201 2377 96,
2226 2304 2457 2362 7—20.

600 2410 701 2484 96,
727 2413 802 2468 11
855 2409 996 2469 Ahr.
1037 2408 1197 2468 diall.
1237 2410 1267 2468 I
1308 2411 1433 2469 125
1483 2405 1724 2484 (φείων
1771 2408 2062 2470 aeolicum
2107 2428 2227 2468 non
2275 2408 2620 2483 addubitat3
2668 2409 2800 2467 Mei.
2831 2408 2862 2466 I
2905 2409 3030 2467 167

419 2490 686 2574 ἐφείων
716 2545 773 2557 ..
813 2498 867 2557 cl.
897 2500 934 2557 i.
983 2513 1213 2576 εφε-ι-
1229 2515 1322 2558 ων
1370 2518 1477 2559 aus
1524 2495 1759 2574 (φέων,
1806 2499 1920 2558 wie
1966 2495 2267 2574 πρέεβεια
2305 2543 2318 2557 .
2358 2545 2370 2557 .
2429 2517 2537 2557 aus
2583 2491 2900 2572 πρέεβεα’.
2945 2528 3034 2538 —-

417 2586 536 2647 Ubi
594 2586 667 2647 de
725 2587 941 2647 doricis
1001 2588 1207 2648 formis
1269 2590 1424 2667 agit,
1481 2588 1622 2647 Ahr.
1672 2581 1761 2670 (H
1810 2581 1970 2670 259)
2017 2580 2324 2663 ‘cveiwv',
2383 2587 2609 2663 inquit,
2670 2581 2845 2646 ‘teste
2901 2587 3035 2663 Ap.‚

418 2676 580 2753 quod
631 2679 694 2736 in
751 2673 968 2751 εφέων
1023 2678 1393 2738 mutaverim.
1495 2677 1663 2737 Idem
1721 2677 2020 2757 significat
2074 2676 2477 2754 Syracusanos
2537 2672 2722 2751 ψέων
2784 2679 2843 2735 et
2904 2671 3034 2736 ἕων

417 2765 653 2840 dixisse,
697 2770 996 2843 postremo
1044 2786 1076 2827 e
1124 2765 1429 2845 Sophrone
1476 2768 1545 2827 fr.
1597 2769 1681 2827 80
1728 2762 1823 2828 ὧν
1871 2769 2062 2843 affert,
2108 2767 2266 2845 quod
2309 2786 2443 2827 cum
2487 2787 2596 2844 pro
2645 2762 2861 2826 αὐτῶν
2909 2784 3033 2825 esse

417 2855 604 2931 dicat,
664 2856 824 2915 haud
869 2856 1047 2917 dubie
1108 2877 1176 2917 ex
1237 2853 1366 2917 ἕων
1425 2857 1826 2917 contrahendo
1886 2860 2095 2916 natum
2155 2851 2284 2917 est'.
2380 2856 2601 2916 Contra
2663 2854 3031 2916 GFSchoem.

418 2948 527 3004 art.
562 2947 639 3005 31
684 2941 778 3006 ὧν
814 2947 1157 3024 geneffivum
1192 2947 1434 3007 relativi
1470 2966 1595 3008 esse
1631 2950 1830 3008 censet
1868 2947 2338 3006 demonstrativa
2384 2945 2818 3025 significatione
2865 2964 3034 3005 usur-

416 3038 658 3111 patum3
704 3055 857 3112 quae
903 3037 1106 3114 opinio
1152 3057 1358 3097 vereor
1402 3057 1476 3097 ne
1522 3037 1803 3097 fefellerit
1848 3035 2338 3096 Schoemannum.

597 3144 700 3216 96,
723 3144 802 3202 17
853 3139 1306 3223 ζυγαετροφεῑ]
1354 3138 1662 3204 ‘obscurae
1702 3143 2157 3222 significationis
2193 3138 2462 3204 verbum'
2508 3143 2686 3203 Dind.
2724 3143 2789 3202 in
2834 3142 3034 3217 Thes.3

418 3230 812 3305 ζυγοετοιχεῑ
856 3232 1132 3293 FVReitz
1180 3234 1255 3295 ad
1303 3233 1597 3310 Excerpta
1645 3235 1790 3295 561.

598 3322 801 3395 96‚19
854 3317 1104 3382 αὐτέων
1151 3320 1531 3384 ChALobeck
1576 3323 1640 3383 in
1686 3322 1902 3383 Philol.
1930 3322 2082 3383 VIII
2120 3325 2223 3384 46.

595 3429 650 3487 e.
711 3427 920 3487 nativi
965 3429 1218 3506 pluralis

594 3510 663 3597 α)
709 3519 938 3594 primae
983 3535 1286 3594 personae.

593 3602 801 3681 Ἡμῖν
849 3612 902 3668 et
944 3610 1120 3668 attica
1167 3612 1220 3667 et
1263 3611 1456 3669 ionica
1499 3610 1695 3682 forma
1741 3614 1836 3668 est.
1922 3610 2193 3671 Notabile
2238 3615 2320 3669 est
2364 3611 2529 3684 apud
2563 3611 2739 3670 Iones
2786 3611 3033 3670 inclina-

415 3699 539 3755 tum
595 3690 770 3770 ἦμῑν
827 3697 1095 3756 ultimam
1155 3700 1467 3772 compere,
1529 3716 1659 3759 oum
1712 3701 1998 3760 inclinata
2058 3702 2300 3760 eandem
2357 3702 2737 3774 quantitatem
2793 3717 3030 3759 servare

413 3785 636 3845 soleant
689 3789 860 3861 atque
915 3790 1096 3846 erecto
1152 3791 1390 3847 accentu
1432 3788 1688 3862 prolata.
1780 3784 1849 3849 ‘A
1860 3785 1983 3863 μίν
2038 3791 2300 3850 dev-ioum
2354 3790 2579 3849 brevem
2633 3787 2655 3849 ἰ
2698 3790 2909 3849 habere
2963 3807 3032 3848 ex

416 3892 478 3934 eo
524 3879 788 3948 apparet,
835 3876 990 3949 qaod
1033 3877 1136 3935 abi
1175 3878 1496 3937 inclinatur
1529 3880 2089 3953 propmspomenon
2126 3883 2235 3938 est:
2280 3897 2431 3953 quae
2465 3879 2698 3953 quidem
2733 3881 3031 3953 quantitas

414 3966 805 4023 terminationi
850 3963 872 4025 ἰ
917 3965 1104 4024 dativi
1137 3967 1402 4040 pluralis
1434 3970 1688 4042 propria
1726 3972 1821 4027 est.
1898 3965 2106 4028 Aeoles
2153 3963 2331 4042 ἄμμι
2376 3970 2608 4039 dimam·
2652 3985 2802 4043 quae
2836 3968 3033 4042 forma

414 4055 588 4111 etiam
652 4053 968 4113 Homerica
1036 4058 1133 4113 est.
1240 4055 1479 4131 Semper
1552 4075 1679 4116 eam
1739 4062 2151 4132 parooeytonon
2223 4076 2345 4118 esse
2415 4076 2610 4117 omnes
2673 4060 3033 4118 consentiunt

415 4143 896 4217 96,21—97‚8.
974 4142 1060 4202 Of.
1100 4144 1207 4204 AO
1245 4145 1275 4203 I
1314 4146 1351 4203 5
1400 4140 1615 4225 Ἄμμι]
1663 4141 2063 4220 Ἀντωνυμία
2108 4144 2326 4221 δοτικὴ
2375 4146 2508 4207 τῶν
2555 4146 3029 4220 πληθυντικῶν·

412 4227 589 4305 παρὰ
627 4228 782 4305 muci
820 4229 1173 4294 διαλέκτοις
1211 4230 1477 4305 γίνεται·
1527 4230 1588 4296 οἱ
1625 4230 1840 4296 Ἴωνε(
1879 4232 2280 4297 cocu-{Mouet
2315 4233 2393 4297 τὸ
2430 4234 2468 4308 i,
2509 4233 2610 4296 καὶ
2636 4231 3027 4314 (προ>περι-

413 4319 634 4392 (mbo,
689 4316 839 4396 ἡμῖν
886 4314 1020 4403 (scr.
1068 4315 1261 4403 ἧμιν).
1338 4319 1400 4383 οἱ
1446 4320 1520 4384 δὲ
1573 4318 1821 4385 Αἰολεῖς
1878 4321 2277 4386 ευετὲλλουει
2324 4322 2402 4386 τὸ
2448 4325 2471 4386 ἰ
2516 4322 2619 4385 καὶ
2668 4321 3028 4401 βαρύνουει,

413 4406 516 4470 καὶ
580 4406 1003 4473 πλεονάζουει
1043 4409 1171 4472 ,καὶ
1235 4408 1460 4487 ἕτερον
1526 4408 1909 4488 εύμφωνον,
1976 4411 2078 4475 καὶ
2142 4412 2542 4477 (υετέλλουει
2607 4412 2725 4489 τὴν
2791 4410 3025 4489 ἄρχου·-

413 4513 545 4569 cuv,
586 4495 687 4558 καὶ
735 4498 1030 4574 ψιλοῦειν
1069 4497 1287 4575 αὐτήν,
1337 4499 1426 4562 ὡ(
1462 4499 1540 4562 τὸ
1579 4496 1782 4577 τεὀίμμι
1819 4500 1894 4564 δὲ
1930 4498 2174 4579 ἔργον”
2213 4497 2293 4585 (Β
2319 4497 2491 4586 137),
2532 4500 2593 4565 οἱ
2631 4502 2704 4565 δὲ
2751 4500 3029 4579 Δωριεῖ(

411 4583 811 4649 ευετέλλουει
867 4586 943 4650 τὸ
999 4588 1022 4650 ἰ
1075 4587 1179 4650 καὶ
1234 4586 1568 4652 ὀξύνουειν
1621 4587 1770 4665 ἡμίν
1827 4586 1963 4675 (scr.
2013 4584 2216 4674 ἁμίν);
2276 4594 2352 4653 ib.
2406 4594 2549 4669 188,
2573 4595 2853 4652 20—-24,
2945 4592 3029 4652 Hi

411 4675 939 4752 Epimerismorum
976 4679 1092 4739 loci
1126 4681 1495 4740 transierunt
1529 4680 1595 4739 in
1630 4681 1744 4740 ΕΜ
1776 4683 1881 4756 84,
1904 4683 1985 4742 15
2026 4684 2086 4740 et
2122 4684 2520 4759 corruptiores
2560 4683 2626 4741 in
2662 4680 2769 4742 EG
2800 4683 2904 4757 59,
2925 4685 3026 4743 23.

413 4767 681 4841 243,18.
722 4768 834 4841 353
870 4767 1071 4828 01.Αο
1101 4769 1163 4827 11
1194 4770 1340 4844 216,
1364 4771 1475 4845 123
1513 4768 1718 4830 choer.
1745 4772 2177 4846 217,12-—14
2198 4798 2282 4820 =
2303 4772 2534 4832 Her.11
2564 4772 3028 4849 517,19—22;

411 4853 575 4914 Eunt.
618 4857 1105 4928 1112‚34—40.

590 4945 793 5018 96,21
844 4941 899 5025 ᾧ
947 4944 1048 5007 καὶ
1095 4942 1363 5007 Ἀττικοί
1409 4966 1486 5006 sc.
1527 4948 1832 5021 χρῶνται;
1881 4949 1958 5008 ad
2009 4952 2065 5024 7,
2089 4951 2187 5009 28.
