3738 5530
577 352 681 407 XII
1660 356 2086 411 PRAEFATIO.

577 524 898 607 tulissem,
960 544 1371 607 quaecunque
1443 546 1558 609 per
1614 523 1920 609 ambages
1975 524 2056 588 ad
2113 524 2568 589 Graeculorum
2632 526 2890 590 infimae
2945 528 3176 592 aetatis

574 604 812 709 scripta
856 628 1279 710 grammatica
1324 648 1401 690 ex
1441 626 1787 710 Apollonio
1829 631 2315 710 permanarunt.
2405 626 2544 701 Qua
2589 626 2665 691 de
2712 649 2904 691 causa
2949 651 3025 692 ea
3068 651 3170 713 ap·

570 749 807 812 ponere
851 728 1005 793 satis
1050 727 1268 811 habui,
1319 750 1395 792 ox
1438 729 1668 813 quibus
1716 728 1955 812 aliquid
1989 731 2203 793 tamen
2235 729 2313 793 ad
2345 727 2515 792 illius
2547 729 2741 793 verba
2773 729 3174 794 emendanda

500 841 513 854 '
572 832 636 893 et
678 830 1155 913 interpretanda
1200 829 1623 915 redundaret3
1669 829 1914 913 reliqua
1957 831 2026 894 in
2074 831 2533 895 commentario
2578 832 3104 896 commemorabO.

739 930 1192 997 Perdifficilem
1251 954 1387 996 esse
1446 931 1676 995 horum
1731 932 2039 996 librorum
2094 932 2432 997 lectionem
2478 955 2700 998 omnes
2744 935 3174 1017 consentiunt,

578 1033 688 1116 qui
748 1033 827 1098 ad
885 1055 992 1097 eos
1046 1036 1481 1098 accesserunt:
1548 1055 1699 1097 nam
1743 1032 2126 1117 Apollonius
2184 1037 2255 1098 ut
2311 1020 2517 1099 «more
2574 1036 2848 1120 quodam
2891 1035 3173 1120 loquitur

577 1156 746 1218 suo»,
793 1156 980 1218 quem
1013 1157 1252 1200 morem
1298 1138 1369 1198 ut
1413 1156 1490 1198 ex
1522 1134 1741 1200 lexicis
1787 1156 2134 1220 cognoscas
2179 1136 2419 1200 frustra
2463 1159 2725 1221 operam
2756 1138 3034 1202 dederis:
3080 1140 3174 1202 ita

577 1233 749 1300 haud
803 1258 946 1300 raro
1002 1258 1133 1301 non
1180 1237 1402 1301 ordine
1459 1240 1524 1300 et
1565 1237 1812 1301 ratione
1858 1236 2172 1320 disputat,
2240 1238 2351 1302 sed
2417 1238 2768 1303 contortius
2812 1239 3170 1323 concludit3

569 1338 963 1403 adversarios
1009 1360 1196 1422 saepe
1226 1338 1558 1422 loquentes
1603 1337 1883 1417 inducit,
1928 1339 2107 1403 nullo
2136 1342 2330 1405 verbo
2361 1340 2612 1423 addito,
2657 1363 2735 1405 ex
2764 1364 2889 1426 quo
2919 1344 3173 1426 pateret

570 1461 699 1504 non
749 1441 1103 1524 Apollonii,
1161 1440 1272 1505 scd
1327 1439 1490 1504 alius
1542 1441 1950 1525 grammatici
2006 1443 2404 1507 sententiam
2448 1443 2752 1527 proferri3
2814 1465 3002 1528 saepe
3059 1444 3173 1507 ob-

569 1543 788 1627 iurgat
830 1542 990 1607 alios
1036 1542 1398 1626 technieos,
1444 1543 1780 1607 sententiis
1826 1565 2043 1607 eorum
2086 1545 2372 1608 nondum
2403 1545 2559 1609 satis
2590 1545 2915 1630 expositis,
3001 1545 3171 1620 Quas

572 1643 654 1707 ob
700 1665 921 1709 causas
969 1644 1324 1709 studuimus
1378 1645 1559 1708 omni
1603 1644 1855 1708 ratione
1902 1645 2190 1728 legentes
2235 1647 2565 1712 adiuvare:
2621 1650 2836 1729 partes
2893 1648 3171 1730 disputa-

573 1746 771 1809 tionis
817 1745 1068 1810 lineolis
1124 1746 1523 1829 interpositis
1567 1746 1927 1810 accuratius
1974 1747 2412 1830 distinximus3
2471 1771 2633 1833 quae
2679 1749 2840 1812 alios
2887 1749 3170 1813 dicentes

564 1847 724 1911 facit
774 1847 916 1929 ille,
974 1846 1075 1911 his
1129 1848 1333 1932 signis
1380 1878 1406 1908 «
1454 1874 1516 1930 ι»,
1576 1869 1738 1931 quae
1795 1849 1932 1931 ipse
1985 1871 2102 1932 per
2157 1851 2568 1933 parenthesin
2629 1850 2857 1935 adicit,
2923 1850 3023 1914 his
3068 1852 3094 1935 (
3141 1852 3168 1936 )

534 1949 970 2033 'inclusimu83
1023 1950 1407 2014 subiecimus
1453 1949 1670 2014 brevia
1714 1955 2124 2034 argumenta,
2183 1973 2260 2015 ex
2304 1952 2565 2036 quibus,
2622 1974 2747 2036 quo
2794 1953 2981 2016 modo
3024 1974 3169 2037 pro-

502 2107 507 2113 .
566 2049 820 2114 cederet
864 2050 1248 2134 disputatio,
1310 2051 1561 2115 facilius
1604 2051 1883 2136 perspici
1929 2056 2164 2136 posset.
2264 2051 2439 2128 Quae
2484 2054 2737 2137 quidem
2784 2059 3166 2139 argumenta

563 2153 617 2215 si
674 2152 776 2215 cui
819 2152 985 2216 forte
1042 2152 1232 2216 nimis
1290 2153 1545 2217 concisa
1601 2156 1667 2216 et
1710 2157 1985 2238 angusta
2030 2154 2394 2235 videantur,
2451 2178 2594 2219 eum
2656 2156 2736 2220 ad
2782 2161 3167 2221 commenta-

564 2254 729 2317 rium
774 2253 1165 2339 relegamus:
1226 2254 1317 2318 ibi
1362 2254 1533 2318 enim
1579 2275 1841 2338 operam
1888 2255 2214 2341 dabimuS,
2262 2261 2333 2320 ut
2376 2259 2443 2321 et
2486 2258 2899 2323 defendamus
2944 2280 3050 2342 ea,
3097 2261 3168 2324 in

562 2352 791 2438 quibus
848 2359 959 2419 aut
1012 2356 1338 2420 mutandis
1393 2359 1506 2420 aut
1548 2357 1880 2421 servandis
1937 2359 2018 2422 ab
2074 2357 2216 2422 aliis
2278 2359 2721 2445 dissentimus,
2786 2365 2852 2426 et
2896 2366 2968 2427 ut
3012 2362 3164 2426 scri-

562 2457 764 2540 ptoris
808 2457 1003 2522 verba
1046 2458 1356 2523 continua
1400 2458 1939 2542 interpretatione
1986 2459 2394 2526 illustremus.

734 2558 966 2623 Restat
1011 2565 1112 2642 ut,
1173 2581 1298 2643 qua
1342 2560 1594 2625 ratione
1649 2561 1716 2624 in
1761 2562 2119 2626 scribendis
2166 2563 2493 2647 Apollonii
2543 2566 2751 2630 verbis
2798 2567 2893 2630 usi
2940 2567 3160 2647 simus,

564 2660 839 2723 breviter
884 2674 1303 2744 exponamus.
1412 2666 1626 2747 Atque
1670 2663 1738 2726 in
1784 2664 2154 2729 accentibus
2199 2666 2535 2750 signandis
2591 2668 2645 2730 si
2689 2669 2921 2751 ubique
2964 2669 3166 2751 ipsius

564 2759 821 2844 Dyscoli
879 2764 1355 2846 ceterorumque
1407 2772 1689 2829 veterum
1743 2769 2310 2851 grammaticorum
2355 2773 2696 2853 praecepta
2753 2770 2957 2834 secuti
3001 2792 3165 2833 esse-

563 2884 735 2944 mus,
789 2867 984 2927 atona
1039 2864 1423 2929 removenda
1477 2870 1682 2930 erant.
1794 2867 1936 2932 Hoc
1981 2876 2196 2932 tamen
2240 2869 2426 2934 modo
2471 2892 2612 2933 eam
2659 2863 2932 2954 legem,'
2972 2892 3165 2953 quam

561 2964 745 3028 n'obis
800 2966 1125 3029 sanximus
1168 2987 1563 3050 supremam:
1628 2972 1701 3032 ut
1753 2968 2110 3033 faciliorem
2165 2969 2569 3034 redderemus
2613 2971 2979 3054 lectionem,
3038 2971 3163 3055 ipsi

564 3065 1115 3150 perfregissemuS.
1204 3068 1344 3144 Qua
1386 3069 1463 3131 de
1509 3089 1701 3132 causa
1746 3070 2020 3134 mediam
2051 3070 2373 3154 quandam
2405 3073 2573 3135 viam
2617 3073 2892 3157 ingressi
2925 3096 3161 3157 sumus,

564 3171 656 3250 ut,
714 3167 822 3231 ubi
878 3171 1115 3232 omissa
1168 3170 1413 3233 tonosis
1459 3171 1648 3254 signa
1691 3177 2059 3253 pugnarent
2117 3193 2259 3236 cum
2319 3172 2516 3237 totius
2560 3173 2686 3237 loci
2730 3176 3055 3240 sententia
3098 3182 3164 3240 et

563 3274 944 3354 argumento
1001 3273 1099 3349 (ut
1142 3293 1202 3354 p.
1248 3271 1390 3348 203,
1421 3271 1505 3335 33
1547 3269 1628 3338 al.
1676 3271 1787 3356 1.)‚
1832 3294 2244 3355 poneremus,
2303 3274 2372 3338 in
2430 3276 2656 3339 ceteris
2712 3281 2904 3340 atona
2948 3299 3161 3342 serva-

562 3393 794 3435 remuS.
885 3371 1120 3435 Atonis
1176 3375 1387 3436 autem
1445 3374 1726 3455 exceptis
1781 3374 2014 3458 ubique
2072 3376 2430 3441 studuimus
2478 3377 2801 3461 Apollonii
2847 3382 2913 3442 et
2955 3378 3158 3444 Hero-

562 3472 738 3536 diani
785 3472 1145 3536 doctrinam
1190 3474 1331 3556 ipsa
1371 3476 1686 3558 scriptura
1730 3478 2105 3560 exprimere.
2197 3477 2493 3543 Ceterum
2538 3480 2616 3543 de
2646 3484 2786 3545 tota
2814 3480 2936 3545 hac
2967 3503 3158 3564 quae-

561 3575 806 3653 stione,
864 3595 1028 3658 quae
1081 3578 1180 3638 est
1236 3575 1313 3639 de
1355 3598 1424 3640 re
1469 3577 2000 3662 orthographica,
2070 3580 2428 3644 accuratius
2486 3580 2551 3645 in
2608 3581 3036 3665 disputatione
3082 3584 3159 3648 de

566 3674 892 3760 Apollonii
939 3678 1399 3742 consuetudine
1443 3678 1843 3745 disseremus

736 3775 876 3852 Qua
918 3799 986 3841 re
1031 3779 1193 3841 moti
1222 3779 1551 3863 Apollonii
1596 3783 1835 3865 scripta
1877 3783 2125 3847 minora
2168 3784 2261 3847 ita
2305 3783 2685 3850 ediderimus
2697 3833 2716 3866 ,
2763 3791 2836 3850 ut
2878 3788 3158 3871 primum

560 3879 772 3942 locum
836 3884 1174 3962 occuparet
1227 3903 1619 3965 pronomen,
1677 3885 1945 3948 alterum
1990 3885 2387 3968 adverbium,
2453 3887 2714 3950 tertium
2771 3889 3156 3972 coniunctiO,

567 3982 834 4064 apparet
891 4002 968 4044 ex
1025 3982 1146 4064 eis,
1205 4003 1365 4065 quae
1412 3984 1735 4049 GDronke
1781 3985 1971 4071 (Mus.
2021 3985 2228 4050 Rhen.
2275 3987 2403 4051 XII
2445 4011 2509 4072 p.
2556 3989 2711 4075 585)
2770 3994 2835 4054 et
2892 3989 3157 4076 GUhlig

567 4082 760 4166 (Mus.
806 4081 1010 4147 Rhen.
1057 4083 1240 4148 XXV
1285 4108 1346 4169 p.
1392 4087 1505 4172 68)
1552 4086 1629 4150 de
1674 4085 1795 4152 hac
1838 4109 1908 4151 re
1952 4090 2371 4170 protulerunt.

731 4182 1075 4269 Siglorum‘
1104 4187 1332 4270 igitur,
1380 4188 1457 4252 de
1502 4188 1732 4272 quibus
1776 4211 1970 4273 supra
2015 4189 2321 4270 diximus,
2368 4190 2526 4256 haec
2573 4198 2672 4257 est
2711 4195 2961 4261 tabula:

729 4287 789 4349 A
847 4290 944 4350 est
999 4288 1237 4352 codicis
1282 4288 1559 4356 Parisini
1605 4292 1775 4355 2584
1819 4313 2047 4356 manus
2091 4292 2332 4378 prima3
2400 4316 2561 4378 quae
2617 4295 2726 4360 ubi
2773 4301 3000 4364 ceteris
3044 4322 3153 4385 op-

562 4387 858 4471 ponitur,
907 4391 1006 4452 est
1052 4389 1155 4453 A1.

729 4488 818 4550 Α2
874 4488 1157 4555 eiusdem
1211 4491 1357 4556 libri
1415 4515 1641 4558 manus
1684 4496 1997 4581 secunda,
2056 4496 2166 4561 ubi
2213 4498 2443 4563 litteris
2486 4500 2752 4584 minutis
2797 4503 3154 4587 scripturae

558 4590 1051 4674 discrepantiam
1097 4594 1361 4680 adiecit3

727 4694 840 4756 A11
885 4715 1112 4759 manus
1176 4698 1480 4777 secunda,
1542 4699 1651 4763 ubi
1722 4700 1955 4765 litteris
2013 4702 2357 4767 maioribus
2415 4704 2987 4789 interpretamenta
3054 4709 3153 4772 vel

558 4798 937 4878 argumenta
977 4796 1238 4860 addidit.
