3738 5530
603 360 686 425 86
1541 358 1721 409 ΠΕΡι
1757 357 2262 410 ΑΝΤΩΝΤΜΙΔΣ.

1453 478 1501 515 p.
1528 468 1605 507 110
1632 468 1744 515 (370)
1771 466 1815 505 A
1832 468 1859 506 4
1884 487 1936 496 —-
1962 467 2038 506 112
2066 467 2175 516 (872)
2205 468 2238 507 C
2264 467 2291 505 4
2316 467 2347 505 b

1011 561 1090 627 οὐ
1136 562 1260 639 γὰρ
1306 566 1489 645 ςφῷν
1535 580 1604 625 τε
1649 560 1839 636 γένος
1886 559 2190 625 ἀπόλωλε
2233 561 2487 639 τοκήων
2533 561 2599 641 (δ
2643 558 2776 641 62),

607 667 769 746 ὅπερ
814 666 1023 731 ἐδόκει
1068 663 1458 743 ἐπίμεμπτον
1505 662 1703 742 εἶναι,
1762 662 1852 726 ὡς
1904 662 2117 740 τρίτον
2163 663 2588 739 πληθυντικὸν
2634 662 2778 739 δίχα
2821 666 2937 725 τοῦ
2981 665 3002 726 ἰ
3043 682 3194 739 γρα·

610 768 933 848 φόμενον,
1000 771 1117 832 τοῦ
1186 765 1388 841 λόγου
1446 764 1877 829 ἀπαιτοῦντος
1930 764 2262 842 δεύτερον·
2328 765 2492 842 πρὸς
2544 765 2669 842 γὰρ
2736 763 2974 828 αὐτοὺς
3031 764 3195 843 ὑπὲρ

610 869 854 934 αὐτῶν·
1750 926 1765 939 .

542 988 574 1036 ε)
863 969 1005 1033 ἀλλ’
1049 968 1308 1048 ἀνδρῶν
1353 967 1548 1044 γένος
1593 967 1731 1032 ἐςτέ
1774 966 1843 1051 (δ
1889 964 2018 1052 63).

607 1072 647 1150 ἡ
713 1071 1041 1151 πρόςθεςις
1095 1070 1215 1135 οὖν
1268 1074 1387 1135 τοῦ
1441 1072 1491 1145 i,
1560 1072 1833 1133 ποιοῡςα
1890 1071 1964 1134 τὸ
2010 1070 2317 1145 Ἀττικόν,
2383 1071 2487 1134 καὶ
2551 1068 2638 1135 εἰς
2705 1068 3025 1150 ἀκρίβειαν
3081 1071 3196 1135 τὸν
3235 1081 3278 1133 Β

610 1174 809 1248 λόγον
879 1172 1254 1236 καθιςτάνει.
1363 1171 1465 1233 καὶ
1500 1169 1605 1248 ’ἦν
1660 1170 1845 1249 ἱκανὴ
1906 1171 2221 1235 ἀπόδειξις
2275 1175 2392 1235 τοῦ
2456 1170 2622 1236 εἶναι
2689 1171 2887 1250 αὐτὴν
2942 1173 3198 1250 γενικὴν

610 1275 916 1353 δευτέρου
961 1273 1241 1351 Ἀττικὴν
1294 1271 1371 1336 τὸ
1419 1272 1518 1336 καὶ
1572 1274 1707 1336 ταῖς
1752 1271 2021 1336 εὐθείαις
2080 1274 2530 1351 ςυνεχέςτερον
2586 1272 2786 1337 αὐτὸν
2843 1276 3196 1352 κεχρῆςθαι.

611 1377 775 1454 πρὸς
820 1374 918 1440 οἶς
964 1374 1221 1454 ἀκριβὴς
1264 1373 1542 1439 πάντοτε
1588 1375 1735 1451 περὶ
1778 1374 1895 1439 τὰς
1939 1372 2338 1453 ἀντωνυμία(
2385 1374 2572 1438 ἐςτίν.

513 1493 577 1540 10
780 1476 853 1541 Αἱ
908 1476 1173 1540 Ἀττικαὶ
1240 1474 1396 1539 κατὰ
1462 1476 1576 1551 τὴν
1632 1473 1890 1539 εὐθεῖαν
1946 1475 2269 1543 ὀξυτόνως
2325 1476 2812 1554 ἀνεγνώςθηςαν
2878 1477 3052 1556 παρὰ
3108 1483 3200 1559 τῷ

611 1584 845 1660 ποιητῇ
903 1578 1004 1641 καὶ
1059 1576 1251 1641 ἅπαςι
1303 1579 1621 1655 τραγικοῖς
1676 1596 1745 1641 τε
1790 1577 1893 1642 καὶ
1933 1581 2262 1660 κωμικοῖς,
2318 1576 2384 1641 αἵ
2427 1597 2496 1641 τε
2538 1579 2784 1658 γραφαζι
2828 1578 2946 1641 οὐκ
2989 1575 3230 1657 ἔχουςι’

611 1682 687 1745 τὸ
733 1684 754 1745 i
797 1677 1286 1761 προςκείμενον,
1345 1677 1542 1743 οἰκεία
1596 1697 1664 1742 τε
1709 1685 2005 1763 πτωτικῷ
2048 1664 2230 1763 <τῶ>’
2273 1680 2379 1744 διὰ
2419 1681 2539 1744 τοῦ
2585 1683 2640 1743 ῶ
2698 1679 2737 1757 ἡ
2797 1678 2973 1745 ὀξεῖα
3013 1680 3201 1744 τάςις.

442 1812 470 1825 -
616 1783 747 1847 «καὶ
804 1783 911 1846 διὰ
963 1784 1159 1845 τοῦτο
1214 1778 1611 1855 ἑπαινετέα»,
1679 1779 1904 1861 φαςίν,
1976 1782 2044 1864 «ᾖ
2103 1782 2207 1845 καὶ
2259 1781 2298 1859 ἡ
2353 1783 2570 1861 γραφὴ
2631 1780 2955 1857 ἀνάλογος
3010 1782 3112 1845 καὶ
3167 1781 3205 1845 ὁ
3242 1792 3283 1848 C

615 1884 843 1966 τόνος,
888 1880 1014 1964 <ή>

519 1997 586 2046 15
879 1983 1028 2063 πρίν
1072 1983 1143 2059 γ’
1188 1981 1293 2045 ἐπὶ
1334 1983 1429 2046 νὼ
1474 1983 1624 2071 τῶδ’
1668 1982 1851 2062 ἀνδρί
1898 1984 1970 2067 (Ε
2012 1983 2184 2065 219).

612 2086 652 2164 ἡ
698 2086 917 2165 μέντοι
972 2089 1088 2150 νῶι
1135 2084 1237 2147 καὶ
1283 2089 1449 2163 ςφῶι
1492 2083 1686 2148 πάλιν
1732 2083 1851 2149 οὐκ
1897 2085 2267 2161 ἀκόλουθοι,
2324 2089 2482 2153 καθὸ
2539 2087 2732 2151 οὐδὲν
2791 2088 3012 2151 δυῖκόν
3058 2086 3144 2151 εἰς
3188 2090 3209 2151 ῑ

617 2188 849 2266 λήγει».
900 2223 974 2233 -
1024 2187 1190 2250 Ἀλλ’
1235 2185 1444 2250 οὕτως
1489 2185 1775 2264 ἐχόντων
1818 2191 1950 2251 τῶν
1996 2188 2361 2271 ςχημὰτων,
2407 2187 2495 2253 εἰς
2538 2188 2795 2268 ἄπορον
2824 2188 3208 2267 περιίςταται

617 2289 657 2354 ὁ
701 2289 920 2364 λόγος.
1010 2286 1161 2352 οὔτε
1204 2288 1328 2366 γὰρ
1374 2286 1504 2351 ἀπὸ
1550 2290 1680 2351 τῶν
1724 2294 1966 2352 κοινῶν
2012 2287 2073 2351 αἱ
2109 2289 2375 2354 Ἀττικαὶ
2419 2291 3011 2372 καταςταθήςονται,
3058 2289 3206 2354 οὔτε

619 2391 751 2456 ἀπὸ
809 2395 940 2455 τῶν
985 2389 1285 2453 Ἀττικῶν
1344 2387 1408 2453 αἱ
1451 2387 1680 2453 κοιναί.
1743 2425 1818 2434 ——
1879 2389 1942 2453 Εἰ
1996 2390 2119 2468 γὰρ
2163 2390 2239 2454 τὸ
2283 2394 2305 2455 ῐ
2347 2394 2668 2470 προςῆλθε
2711 2398 2787 2473 τῇ
2833 2392 3070 2473 Ἀττικῇ
3118 2393 3208 2456 ὡς
3249 2407 3338 2457 ιιι
3367 2402 3412 2451 Α

522 2505 589 2553 20
625 2491 1136 2573 ὁλοκληροτέρᾳ,
1178 2488 1461 2568 καθάπερ
1492 2489 1706 2569 φίλοις
1735 2491 1836 2554 καὶ
1864 2492 2129 2571 φίλοιςι,
2176 2495 2315 2556 πῶς
2346 2497 2717 2573 ςυλλαβικῆς
2749 2496 2962 2573 χώρας
2993 2492 3211 2575 ἔτυχες

618 2594 901 2685 πάντοτε
943 2590 1066 2671 γὰρ
1112 2592 1268 2670 μετὰ
1312 2592 1694 2671 φωνήεντος
1739 2592 2241 2672 προςτιθέμενον
2297 2593 2676 2659 ἀδιάςτατόν
2726 2596 2883 2674 ἑςτι,
2942 2594 3099 2676 μετὰ
3143 2595 3214 2659 δὲ

624 2694 983 2777 ςυμφώνου
1053 2695 1365 2773 ςυλλαβῆς
1441 2691 1770 2772 τυγχάνει·
1848 2699 1967 2758 τοῦ
2030 2696 2352 2774 προτέρου
2419 2697 2601 2775 κενή
2670 2699 2919 2780 κεινή,
2986 2697 3213 2761 δέους

620 2796 928 2878 δείους,
973 2800 1090 2859 τοῦ
1136 2795 1443 2873 δευτέρου
1488 2795 1827 2878 φίλοιςι,
1885 2796 2183 2880 οὑτοςί,
2231 2797 2597 2863 ἑκεινοςί.
2645 2834 2728 2845 -
2773 2803 2913 2864 πῶς
2957 2801 3027 2865 δὲ
3073 2799 3218 2877 οὐχὶ

621 2898 809 2964 ἐντὸς
841 2901 957 2962 τοῦ
987 2900 1009 2962 ἰ
1036 2896 1075 2974 ἡ
1108 2897 1299 2962 κλίςις
1328 2895 1548 2974 ἔπεςε,
1580 2896 1862 2976 καθάπερ
1897 2897 2001 2961 ἐπὶ
2029 2903 2147 2963 τοῦ
2177 2902 2536 2980 τουτουῖ,
2579 2900 2955 2976 ἐκεινουῖ;
3000 2902 3213 2980 φαμὲν

521 3010 589 3058 25
627 3002 700 3065 δὲ
744 2999 981 3066 ἔξωθεν
1026 2998 1471 3076 προςτιθέντες
1513 2999 1589 3062 τὸ
1635 3001 1703 3078 ν,
1752 2998 1841 3062 ὡς
1888 2998 1965 3064 ἂν
2012 3004 2128 3065 τοῦ
2173 3003 2194 3064 ῑ
2238 3003 2319 3080 μὴ
2363 3004 2952 3080 προςεληλυθότος,
3000 3008 3213 3066 νῶιν.

758 3203 978 3254 Anava.
1053 3205 1079 3253 1
1126 3198 1190 3252 In
1237 3198 1355 3268 hoo⁴
1387 3215 1554 3253 versu
1601 3202 1894 3254 contracta
1929 3206 2093 3268 ςφῷν
2129 3200 2309 3255 forma
2344 3201 2588 3272 legenda
2622 3204 2742 3270 θείη
2789 3208 2951 3270 ςφῶν
2987 3201 3132 3256 enim
3170 3201 3219 3254 ei

624 3287 865 3355 legerem
901 3285 1073 3339 tertia
1107 3285 1280 3348 esset,
1317 3284 1624 3354 requiritur
1658 3285 1848 3338 autem
1886 3285 2146 3339 secunda.
2196 3317 2250 3328 —
2304 3293 2361 3338 11
2403 3287 2603 3356 Neque
2640 3287 2847 3341 atticae
2882 3288 3094 3340 formae
3130 3288 3214 3339 νώ

625 3371 751 3437 ςφώ
806 3385 842 3423 a
896 3369 1089 3423 formis
1145 3369 1396 3422 omnium
1448 3385 1552 3422 usu
1604 3368 1848 3437 receptis
1901 3370 2146 3423 derivari
2192 3373 2457 3439 possunt,
2516 3388 2703 3439 neque
2759 3372 2880 3425 vice
2927 3388 3105 3425 versa.
3155 3401 3216 3409 -

627 3460 691 3510 18
737 3453 884 3507 Nam
930 3456 977 3508 si
1021 3456 1225 3510 atticas
1270 3454 1476 3508 formas
1511 3452 1708 3522 plenas
1744 3470 1864 3508 esee
1903 3454 2229 3508 statuimus:
2281 3459 2330 3523 1)
2375 3456 2578 3509 mirum
2624 3458 2711 3510 eat
2744 3458 2764 3510 ἰ
2799 3455 3215 3525 Ροειῐῑ,νοοιι,1οιτι

626 3537 876 3593 additam
913 3555 1015 3607 per
1050 3556 1109 3593 se
1148 3555 1267 3594 esse
1305 3536 1594 3608 syllabam.
1633 3567 1695 3577 -
1735 3544 1800 3593 23
1837 3539 1884 3606 2)
1923 3537 2042 3593 Nec
2079 3556 2179 3607 per
2215 3541 2500 3609 epectasin
2534 3541 2557 3595 ῑ
2600 3540 2823 3595 adiecta
2857 3557 2978 3595 esse
3012 3541 3217 3609 potest.

762 3709 984 3763 Tss‘rm.
1055 3715 1086 3761 6
1131 3708 1301 3763 schol.
1348 3708 1417 3762 H.
1456 3707 1531 3761 M.
1569 3707 1641 3761 ad
1685 3710 1716 3761 δ
1760 3715 1825 3762 62
1873 3708 2041 3777 χωρὶς
2086 3708 2188 3763 τοῦ
2237 3704 2325 3778 ἰή
2366 3711 2558 3778 σφῶν,
2604 3707 2682 3772 ὥς
2714 3704 3071 3778 Ἀρίσταρχος
3120 3709 3219 3763 καὶ

619 3790 997 3861 Ἡρωδιανός.
1053 3787 1420 3856 Ἀπολλώνιος
1466 3789 1533 3847 δὲ
1580 3788 1642 3847 ἐν
1690 3795 1764 3865 τῷ
1803 3794 1936 3858 περὶ
1973 3790 2351 3863 οἷντωνυμιῶν
2385 3792 2599 3863 γράφει
2635 3786 2822 3862 αὖτὴν
2860 3787 3003 3862 μετὰ
3042 3793 3142 3847 τοῦ
3182 3804 3223 3858 ῖ,

626 3874 707 3933 ἵν’
752 3867 785 3949 ᾖ
823 3876 1105 3947 δευτέρου
1140 3873 1447 3946 προσώπου
1484 3871 1633 3931 κατὰ
1672 3880 2023 3945 συναίρεσιν.
2079 3875 2203 3932 ἀλλ’
2241 3872 2346 3931 mix
2385 3876 2502 3932 ἔστι
2538 3882 2659 3931 κτλ..
2715 3876 2968 3932 Eustath.
3002 3884 3113 3942 153,
3137 3883 3220 3933 42.

627 3961 717 4016 Et.
753 3961 828 4020 M.
867 3968 983 4026 610,
1020 3967 1066 4015 5.
1104 3992 1168 4001 —
1211 3967 1271 4014 12
1309 3961 1478 4015 schol.
1504 3960 1636 4014 A.B
1664 3961 1735 4015 ad
1760 3963 1797 4016 Ε
1826 3968 1927 4015 219
1961 3962 2092 4027 περὶ
2131 3959 2196 4016 δὲ
2236 3964 2338 4030 τῆς
2375 3958 2591 4025 τάσεως
2629 3963 2729 4015 τοῦ
2769 3956 3222 4030 μονοσυλλάβου,

629 4042 733 4102 διὰ
771 4048 829 4100 τί
865 4040 933 4100 οὗ
970 4046 1398 4116 περιεσποῐσθη,
1438 4042 1499 4100 ἐν
1535 4048 1613 4118 τῷ
1651 4046 1783 4113 περὶ
1821 4041 2198 4114 ἀντωνυμιῶν
2238 4048 2543 4115 δηλοῦται·
2581 4046 2681 4101 καὶ
2718 4044 2863 4115 τάχα
2898 4040 3020 4101 ἐπεὶ
3043 4042 3223 4103 ,οὐδὲν

629 4125 836 4186 δυϊιιὸν
875 4130 960 4194 εἰς
996 4137 1047 4185 (ἶ
1090 4132 1264 4201 λῆγον
1300 4128 1676 4199 περισπᾶται·
1718 4124 1898 4192 οὕτως
1933 4126 2044 4200 γᾰρ
2081 4128 2200 4200 ἔχει
2237 4131 2331 4185 καὶ
2373 4126 2437 4185 τὸ
2475 4131 2603 4199 σφώ
2634 4134 2756 4185 κτλ.

764 4316 947 4372 Βιεοιι.
988 4336 1188 4372 semma
1263 4323 1308 4369 1.
1344 4333 1407 4370 τε
1444 4318 1607 4382 γένος
1644 4316 1765 4384 Α1),
1803 4334 1869 4382 γε
1905 4317 2071 4382 γένος
2109 4315 2384 4372 Homerus
2423 4319 2433 4386 Ι
2485 4320 2810 4371 απωλωλεν
2847 4321 2890 4372 Α
2931 4321 2940 4382 Ι
2978 4323 3027 4374 3.
3065 4319 3212 4383 ὑπὲρ

632 4403 757 4471 Α1),
804 4405 875 4458 οὐ
914 4406 1041 4474 περὶ
1078 4400 1323 4456 ANauck
1365 4403 1374 4469 Ι
1417 4405 1464 4459 6.
1500 4417 1535 4453 τ
1570 4399 1628 4453 in
1663 4418 1731 4455 το
1768 4417 1837 4454 ex
1877 4420 1916 4455 π
1953 4401 2168 4455 factum
2205 4402 2262 4454 in
2300 4402 2343 4455 Α
2385 4404 2395 4468 Ι
2437 4409 2517 4456 11.
2559 4418 2776 4469 εχουςιν
2812 4403 2855 4456 Α
2887 4407 2898 4468 Ι
2932 4407 3008 4455 12.
3048 4401 3226 4455 οἰκεία

630 4489 695 4555 1),
733 4504 933 4543 οικειαι
958 4490 1001 4543 Α
1033 4489 1045 4556 1
1073 4505 1135 4542 τε
1173 4486 1293 4553 Α1),
1330 4503 1395 4541 τε
1430 4486 1600 4555 (τῷ)
1626 4484 1988 4540 RSkrzeozka
2017 4493 2026 4552 ι
2056 4487 2224 4555 (τῷ)
2247 4488 2337 4540 διὰ
2373 4490 2475 4541 τοῦ
2515 4493 2562 4539 ω
2601 4489 2634 4550 ἡ
2663 4488 2816 4542 ὀξεῖα
2838 4485 3218 4550 RSkrzeozka‚

634 4575 668 4637 ἡ
716 4574 807 4628 διὰ
848 4577 952 4627 τοῦ
998 4579 1047 4625 ὤ
1094 4573 1248 4628 ὀξεῖα
1297 4571 1414 4639 Αἱ),
1471 4570 1710 4640 (οἰκεῖοί
1763 4586 1825 4623 τε
1881 4573 2196 4640 πτωτικῷ)
2249 4575 2284 4638 ἡ
2342 4574 2434 4626 διὰ
2477 4576 2581 4626 τοῦ
2637 4580 2685 4633 ὦ
2731 4572 2964 4638 (γραφὴ
3013 4573 3102 4624 καὶ
3148 4573 3226 4637 ἡ)

638 4660 790 4713 ὀξεῖα
827 4656 1053 4726 GUhlig
1104 4661 1115 4724 Ι
1171 4662 1249 4709 14.
1290 4657 1486 4722 τόνος,
1526 4656 1647 4724 (ἡ)
1681 4656 1746 4720 b,
1783 4672 1952 4709 τονος
1990 4658 2033 4711 Α
2088 4660 2096 4720 Ι
2157 4661 2234 4709 19.
2272 4660 2590 4723 προςηλθεν
2627 4657 2670 4710 Α
2718 4659 2727 4722 Ι
2777 4662 2857 4710 20.
2894 4671 3094 4721 ετυχεν
3130 4656 3173 4709 Α
3217 4657 3222 4720 ἰ

636 4746 719 4797 21.
759 4758 906 4796 εςτιν
944 4745 985 4797 Α
1053 4751 1062 4809 Ι
1126 4747 1207 4798 22.
1246 4740 1409 4794 δέους
1444 4738 1828 4806 RSchneider‚
1865 4740 1993 4796 δέος
2021 4740 2111 4796 Α1)
2179 4749 2187 4802 Ι
2250 4746 2333 4793 24.
2366 4745 2471 4794 τοῦ
2504 4742 2527 4794 ἰ
2563 4743 2596 4804 ἠ
2638 4738 2829 4806 κλίςις]
2865 4738 2960 4795 fol.
3002 4744 3096 4793 176
3124 4756 3173 4791 v.
3216 4745 3222 4806 Ι

636 4841 863 4881 επαιςεν
899 4827 942 4880 Α
980 4840 1085 4894 pro
1120 4826 1284 4880 ἔπεςε
1322 4827 1608 4893 Ιτουτουῑ,
1642 4826 1911 4891 ἐκεινουΐ;
1949 4827 2137 4894 φαμὲν
2172 4825 2236 4893 1),
2274 4841 2483 4881 τουτου
2520 4840 2738 4879 εκεινου
2776 4838 2993 4892 εφαμεν
3031 4824 3074 4877 Α
