3738 5530
1046 415 1569 470 PERSONALIVM
1607 412 2050 469 NOMINATIVI
2088 410 2534 466 SINGVLARIS.
2997 410 3084 475 49

498 622 559 687 οἱ
611 622 681 685 δὲ
738 621 828 685 εἰς
882 624 996 701 τὴν
1059 620 1126 685 οἷ
1166 621 1598 701 πρωτότυπον
1644 619 1978 698 μετάγουςι
2022 620 2137 697 τὴν
2180 617 2472 698 γραφήν,
2526 615 2637 681 ἵνα
2680 618 2895 695 δοτικὴ
2941 614 3084 680 ἀντὶ

496 727 747 801 γενικῆς
792 722 1126 802 ἀκούηται,
1174 724 1410 802 ὁμοίω(
1454 730 1547 805 τῷ

419 838 459 892 C
800 824 1036 903 Ἀχιλῆι
1081 823 1413 905 δαμαςθείς
1459 825 1536 905 (Χ
1580 823 1711 909 55).

499 928 630 1006 Χρὴ
678 925 797 991 οὖν
840 928 1362 1008 προςανέχοντας
1416 934 1507 1010 τῷ
1562 925 1963 1007 προκειμένῳ
2023 924 2201 1007 λόγῳ
2254 924 2755 1004 μεταλαμβάνειν
2799 925 2911 988 τὰς
2953 943 3082 986 τοι-

497 1029 691 1093 αὐτας
746 1034 877 1092 τῶν
935 1026 1357 1108 ἀντωνυμιῶν
1415 1027 1506 1093 εἴς
1558 1048 1629 1092 τε
1674 1027 1882 1092 ἁπλᾶς
1927 1026 2025 1091 καὶ
2072 1026 2444 1108 ςυνθέτους,
2500 1026 2579 1089 τὰ
2622 1031 2740 1090 νῦν
2784 1044 3083 1102 περιγρα-
3121 1043 3152 1091 5

499 1130 785 1209 φομένης
828 1132 939 1206 τῆς
983 1131 1230 1208 πολλῆς
1275 1129 1684 1207 παραθέςεως
1729 1128 1892 1207 ὑπὲρ
1935 1133 2052 1193 τοῦ
2097 1129 2175 1207 μὴ
2224 1127 2329 1191 ἐπὶ
2371 1127 2576 1193 πλέον
2622 1126 2933 1207 προάγειν
2964 1127 3084 1191 τὸν

499 1230 716 1307 λόγον.
1348 1236 1351 1243 '

666 1432 837 1511 Ἑξῆς
883 1433 988 1498 ἐπὶ
1031 1435 1144 1499 τὰς
1189 1435 1349 1500 κατὰ
1393 1436 1585 1514 μέρος
1632 1435 1983 1514 χωρητέον.

658 1532 737 1600 Ἠ
798 1535 948 1612 ἐγώ
1005 1539 1117 1613 τῆς
1172 1536 1422 1613 ἔγωγε
1466 1537 1740 1614 Ἀττικῆς
1798 1537 2088 1616 διαφέρει
2144 1534 2440 1600 ςυντάξει.
2539 1535 2579 1613 ἡ
2635 1536 2749 1613 μὲν
2802 1537 2927 1613 γὰρ
2984 1535 3087 1599 καὶ

325 1651 465 1706 62A
502 1638 645 1702 κατ’
709 1636 912 1716 ἀρχὴν
977 1641 1096 1700 τοῦ
1163 1638 1364 1715 λόγου
1419 1636 1681 1713 τίθεται,
1750 1639 1869 1702 καὶ·
1908 1639 2055 1702 καθ’
2109 1636 2444 1712 ὑπόταξιν,
2510 1636 2550 1714 ἡ
2611 1639 2682 1701 δὲ
2740 1635 2944 1712 ἔγωγε
3005 1635 3085 1699 οὐ
3125 1624 3204 1702 10’

501 1739 768 1817 ςυνήθης
832 1739 918 1803 εἰς
980 1735 1186 1817 ἀρχὴν
1253 1739 1455 1814 λόγου
1510 1739 2138 1819 παραλαμβάνεςθαι,
2204 1739 2361 1803 καθὸ
2427 1739 2992 1819 καταφατικωτέρα
3044 1738 3084 1816 ἡ

501 1839 739 1916 ἔγωγε·
785 1840 1058 1904 πολλάκι
1098 1845 1261 1917 γοῦν
1307 1842 1409 1904 καὶ
1451 1839 1612 1904 κατά
1652 1860 1828 1905 τινας
1875 1840 2207 1919 ἐρωτήςεις
2251 1840 2841 1919 ςυγκατατιθὲμενοί
2871 1858 3084 1921 φαμεν

502 1944 704 2018 ἔγωγε
762 1941 831 2005 ἐν
887 1935 1003 2024 ἷςῳ
1060 1947 1153 2024 τῷ
1201 1942 1348 2016 ἐγώ.
1407 1979 1489 1988 -
1548 1942 1876 2021 Μεμπτέοι
1922 1941 2041 2006 οὖν
2090 1942 2151 2005 οἱ
2198 1941 2786 2020 ὑπολαμβάνοντες·
2807 1941 2925 2018 τὴν
2970 1941 3085 2018 μὲν

503 2043 1028 2117 ἀντιδιεςτάλθαι,
1075 2043 1246 2120 λέγω
1292 2045 1363 2108 δὲ
1406 2045 1524 2122 τὴν
1570 2043 1980 2123 διςύλλαβον,
2042 2043 2158 2120 τὴν
2217 2044 2289 2107 δὲ
2334 2042 2719 2117 ἐγκεκλίςθαι
2766 2040 2896 2125 (καὶ
2936 2040 3087 2105 ἴςως

502 2144 542 2222 ἡ
586 2143 844 2224 ἀφορμὴ
901 2143 972 2207 ἐκ
1024 2134 1141 2208 τὀῦ
1200 2144 1681 2225 ἀναβεβιβάςθαι
1735 2146 1852 2223 τὴν
1908 2143 2115 2226 τάςιν,
2169 2147 2286 2208 τοῦ
2341 2164 2409 2208 τε
2465 2145 2545 2223 μὴ
2593 2142 2816 2222 ἄρχειν
2863 2142 3081 2218 λόγου,
3127 2158 3187 2207 15

425 2254 471 2308 B
508 2244 668 2324 ἅπερ
713 2245 1184 2323 ἐγκλινομέναις
1227 2244 1755 2331 παρηκολούθει)·
1790 2232 2062 2324 ’ἐδείχθη
2106 2247 2230 2325 γὰρ
2275 2244 2553 2310 ἐντελῶς
2597 2244 2689 2307 ὡς
2732 2244 3085 2308 ἀδυνατοῦ-

507 2366 597 2421 ςιν
640 2345 704 2409 αἱ
747 2350 857 2423 τῆς
902 2346 1149 2411 εὐθείας
1193 2347 1605 2423 ἐγκλίνεςθαι·
1653 2347 1754 2411 διὸ
1800 2347 1900 2411 καὶ
1943 2349 2018 2411 τὸ

1146 2448 1201 2512 τί
1248 2449 1319 2512 ςὺ
1363 2448 1589 2515 τόςςον
1634 2448 1861 2527 ὁμίλου
1907 2446 1995 2532 (Υ
2044 2446 2192 2532 178)

504 2549 716 2628 μόνως
770 2549 1261 2629 ὀρθοτονητέον.
1324 2586 1407 2596 —
1472 2548 1689 2615 ἄλλως
1743 2570 1811 2614 τε
1866 2549 1933 2613 αἱ
1988 2549 2425 2628 ἐγκλινόμεναι
2480 2557 2611 2615 τῶν
2667 2549 3087 2626 ἀντωνυμιῶν

508 2650 816 2716 οὐδέποτε
873 2651 1205 2730 προοιςταί
1272 2650 1381 2716 εἰςι
1436 2651 1580 2716 κατ’
1636 2651 1829 2727 ἰδίαν,
1886 2651 2169 2729 καθάπερ
2225 2652 2288 2715 αἱ
2343 2650 2920 2732 ὸρθοτονούμεναι,
2978 2647 3086 2711 ἀλ-
3123 2665 3191 2714 20

508 2751 664 2818 λ’ἀεὶ
717 2753 872 2834 μετά
914 2775 1089 2820 τινος
1134 2753 1366 2833 μέρους
1413 2753 1615 2831 λόγου
1658 2753 2136 2833 παρατίθενται,
2193 2754 2329 2820 δός
2383 2775 2544 2836 μοι,
2601 2752 2922 2834 τίμηςόν
2980 2772 3086 2834 με,

506 2853 787 2933 καθάπερ
842 2855 944 2919 καὶ
999 2855 1166 2919 ἄλλα
1220 2855 1364 2920 τινὰ
1418 2855 1574 2934 μέρη
1629 2856 1859 2932 λόγου,
1929 2854 2019 2920 ὡς
2071 2854 2135 2920 αἱ
2188 2856 2549 2938 προθέςεις,
2618 2855 2681 2919 οἱ
2734 2854 3087 2932 ςύνδεςμοι,

431 2965 471 3020 c
506 2956 583 3019 τὰ
624 2954 843 3035 ἄρθρα.
942 2961 1080 3021 πῶς
1139 2956 1258 3022 οὖν
1302 2958 1467 3034 πρὸς
1511 2957 1623 3021 τὰς
1671 2957 2005 3036 ἐρωτήςεις
2048 2958 2263 3037 φαμὲν
2308 2957 2454 3022 κατ’
2507 2955 2671 3022 ἰδίαν
2717 2955 2948 3034 ἔγωγε;
3007 2988 3087 2999 -

508 3054 603 3120 ὅτι
648 3059 719 3121 δὲ
762 3057 864 3122 καὶ
909 3060 1352 3123 διαςταλτικῶς
1395 3058 1990 3142 παραλαμβάνεται,
2036 3062 2238 3137 δῆλον
2284 3059 2352 3123 ἐκ
2394 3058 2678 3136 τούτων,

758 3159 981 3237 οὕνεχ’
1027 3158 1064 3224 ὁ
1109 3162 1223 3240 μὲν
1267 3160 1461 3224 καλός
1503 3180 1573 3223 τε
1616 3162 1718 3225 καὶ
1763 3159 2062 3243 ἄρτιπος,
2107 3159 2309 3239 αὐτὰρ
2354 3159 2560 3237 ἔγωγε
2606 3159 2670 3245 (θ
2713 3158 2866 3243 310)
3124 3172 3191 3221 25

509 3261 609 3323 καὶ

758 3362 957 3442 μήτηρ
1003 3363 1117 3443 μέν
1159 3361 1229 3426 τέ
1274 3363 1350 3442 μέ
1395 3383 1544 3443 φηςι
1588 3366 1704 3427 τοῦ
1751 3361 2044 3447 ἔμμεναι,
2089 3362 2293 3442 αὐτὰρ
2339 3362 2547 3440 ἔγωγε
2591 3364 2663 3445 (α
2706 3360 2875 3448 215).

508 3462 571 3525 αἱ
615 3462 1050 3541 ἐγκλινόμεναι
1089 3469 1166 3548 τῇ
1197 3463 1355 3549 αὐτῇ
1386 3465 1717 3542 καταλήξει
1746 3469 2054 3545 χρῶνται,
2100 3465 2265 3548 ᾖπερ
2295 3466 2399 3528 καὶ
2428 3463 2491 3528 αἱ
2521 3463 3086 3543 ὀρθοτονούμεναι.

330 3579 471 3632 63A
511 3598 584 3608 -
632 3569 774 3629 πῶς
820 3563 938 3630 οὖν
983 3565 1023 3643 ἡ
1068 3567 1183 3646 μὲν
1230 3565 1434 3642 ἔγωγε
1479 3565 1567 3629 εἰς
1611 3570 1684 3642 γῖε
1729 3567 1935 3644 λήγει,
1982 3566 2020 3644 ἡ
2067 3568 2139 3630 δὲ
2184 3566 2313 3642 ἐγώ
2369 3565 2456 3630 εἰς
2508 3568 2634 3641 γ’·ῖῡ;
2694 3604 2768 3614 -
2833 3566 2964 3645 Χρὴ
3019 3567 3090 3629 δὲ

507 3667 684 3730 νοεῖν
743 3664 842 3731 ὅτι
899 3666 1103 3746 μόνον
1160 3671 1473 3745 παρῆκται
1530 3669 1634 3732 διὰ
1688 3670 1799 3745 τῆς
1853 3672 1927 3743 rs}
1983 3670 2324 3747 ςυλλαβῆς·
2382 3666 2461 3730 οὐ
2513 3668 2638 3746 γὰρ
2695 3669 2889 3731 κεῖται
2935 3666 2973 3729 ὁ
3016 3668 3091 3744 γέ
3127 3677 3192 3726 30

507 3769 1160 3847 παραπληρωματικὸς
1216 3767 1366 3832 οὔτε
1434 3768 1505 3833 ἐν
1561 3768 1872 3846 ςυνθέςει,
1942 3769 2081 3834 ἐπεὶ
2146 3768 2469 3835 ἀδύνατον
2526 3768 2876 3844 ἐγκλιτικόν
2946 3789 3088 3833 ςυν-

640 4004 858 4060 Anovu.
919 4009 951 4057 9
989 4002 1128 4069 Ἐγώ
1166 4003 1236 4056 ab
1273 4005 1453 4068 ἔγωγε
1479 4005 1651 4057 attico
1677 4001 1866 4057 differt
1889 4003 2328 4057 constructione:
2366 4003 2482 4067 ἐγώ
2510 4004 2570 4056 et
2601 4003 2659 4055 in
2684 4001 2847 4057 initio
2871 4003 3093 4056 senten·

506 4087 619 4141 tiae
672 4086 903 4156 ponitur
945 4089 1007 4140 et
1048 4087 1172 4141 aliis
1217 4087 1505 4142 vocabulis
1548 4086 1935 4156 postponitur3
1980 4089 2163 4153 ἔγωγε
2206 4102 2320 4141 non
2365 4088 2511 4142 solet
2551 4088 2610 4140 in
2655 4085 2817 4140 initio
2863 4085 2998 4155 poni
3033 4087 3094 4140 et

504 4170 824 4225 affirmandi
858 4170 976 4224 vim
1009 4170 1198 4225 habet.
1236 4201 1300 4211 —
1336 4172 1552 4237 Ἔγωγε
1589 4171 1922 4225 inclinatum
1957 4187 2071 4226 non
2108 4172 2219 4237 οεὺς
2257 4172 2469 4226 factum
2508 4172 2594 4226 est
2617 4187 2721 4239 per
2743 4186 3089 4240 paragogen,

502 4270 638 4309 nam
672 4272 737 4321 γε
772 4254 1092 4310 coniunctio
1129 4256 1418 4325 expletiva
1449 4272 1553 4310 nee
1577 4272 1680 4325 per
1703 4256 2166 4325 compositionem
2190 4255 2393 4310 suffixa
2416 4272 2534 4311 osse
2558 4255 2751 4324 pot-est
2774 4254 3091 4323 (enclitieae

505 4338 659 4393 enim
692 4356 805 4393 non
842 4341 1304 4409 componuntur),
1340 4357 1445 4394 nec
1480 4356 1584 4408 per
1618 4340 2031 4410 appositionem
2067 4341 2274 4407 (ἐγώγε
2311 4339 2461 4395 enim
2500 4341 2683 4409 esset).

641 4558 831 4613 Dtscn.
871 4578 1072 4615 sempr.
1148 4567 1192 4614 1.
1231 4577 1562 4628 μεταγουςιν
1604 4578 1713 4628 την
1755 4577 1985 4629 γραφήν
2020 4562 2090 4628 Α,
2139 4562 2471 4629 μετάγουςιν
2504 4561 2542 4614 b
2596 4561 2605 4627 Ι
2657 4567 2706 4619 3.
2740 4562 2960 4629 αχιλληι
2996 4562 3038 4615 Α
3080 4561 3088 4629 ί

503 4648 553 4699 9.
589 4642 882 4712 inscriptio
920 4661 1046 4711 περι
1081 4661 1183 4712 της
1220 4662 1335 4711 εγω
1372 4662 1462 4700 και
1498 4662 1679 4711 εγωγε
1715 4648 1945 4699 maiusc.
1983 4647 2025 4700 Α
2066 4649 2075 4714 Ι
2119 4651 2196 4700 13.
2235 4646 2528 4712 Μεμπτέοι
2563 4644 2628 4710 b,
2662 4661 2960 4710 μεμπταιοι
2994 4647 3039 4700 Α
3080 4646 3090 4714 Ι

506 4732 588 4781 15.
630 4728 1051 4794 ἀναβεβιβάςθαι
1083 4728 1122 4781 b
1157 4729 1215 4782 in
1250 4730 1437 4797 textu,
1472 4731 1838 4797 ἀναβεβάςθαι
1874 4729 1950 4782 id.
1989 4728 2050 4782 in
2083 4729 2198 4784 ind.
2234 4729 2593 4796 mendorum,
2632 4731 2985 4796 αναβιβαςθαι
3012 4729 3089 4797 ΑΙ

504 4816 611 4865 τοῦ
634 4828 699 4866 τε
737 4813 838 4882 μὴ]
878 4811 973 4866 fol.
1017 4818 1112 4867 162
1135 4832 1188 4871 v,
1254 4816 1264 4883 Ι
1327 4816 1516 4884 ἄρχειν
1552 4815 1616 4881 b,
1653 4831 1832 4882 αρχην
1869 4816 1912 4869 Α
1980 4816 1989 4882 Ι
2059 4820 2136 4869 18.
2171 4817 2387 4883 ομηλου
2424 4815 2466 4868 Α
2523 4817 2532 4879 Ι
2584 4819 2666 4872 20.
2705 4814 2996 4881 προοιςταί
3029 4813 3094 4879 b,

506 4912 768 4964 προοιςτε
807 4897 849 4951 Α
881 4901 892 4965 Ι
923 4914 1055 4952 ειςιν
1091 4900 1133 4952 Α
1163 4904 1173 4964 Ι
1204 4903 1289 4953 25.
1327 4904 1407 4956 27.
1444 4900 1560 4966 ἐγώ
1596 4916 1661 4965 γε
1698 4898 1779 4953 La
1810 4898 2000 4953 Roche
2031 4904 2041 4969 Ι
2070 4906 2153 4955 27.
2191 4915 2360 4967 φηςιν
2397 4900 2439 4953 Α

608 4990 889 5040 Apollonius
916 4992 1156 5042 Dyscolus.
1194 4994 1233 5033 1.
2656 4990 2690 5038 4
