3738 5530
1539 398 1911 453 Anvnssssu
1950 402 2026 453 m
2071 380 2118 455 ῑ.
3009 397 3122 463 161

402 620 500 670 571
536 604 784 684 ἀτρεμῶ
840 604 1081 683 ἀτρέμα
1133 606 1237 669 καὶ
1304 589 1610 687 ἀτρέμας,
1674 605 1823 669 καθ’
1890 606 1969 672 ὃν
2035 606 2234 681 λόγον
2302 604 2427 669 ἔςτι
2481 605 2788 670 πολλάκις
2842 608 2942 669 καὶ
2998 603 3126 687 [ἐν]

535 707 746 772 ἔνδεια
789 710 908 771 τοῦ
951 711 987 771 ἰ
1031 706 1102 771 ἐν
1149 707 1579 790 ἐπιρρήμαςιν,
1625 706 1755 783 εἴγε
1802 707 2169 787 ἀδιάφορον
2215 707 2316 771 καὶ
2360 708 2435 771 τὸ
2480 706 2787 771 πολλάκις
2833 707 2935 770 καὶ
2966 709 3127 770 πολ-

535 809 707 890 λάκι,
749 810 1043 873 τουτάκις
1087 808 1359 881 τουτάκι.
2291 792 2304 805 ’

696 911 792 975 Τὰ
849 910 937 975 εἰς
1006 932 1023 973 ι
1090 911 1374 988 λήγοντα
1440 910 1863 993 ἐπιρρήματα,
1930 913 2290 988 παραγωγὰ
2355 909 2546 993 ὄντα,
2613 909 2925 976 ὀξύνεται.
3015 911 3125 974 Καὶ

530 1011 660 1075 ἀπὸ
705 1010 1049 1090 ὀνομάτων
1093 1013 1209 1091 μὲν
1253 1013 1701 1094 παραγόμενα,
1746 1014 1885 1076 ταῖς
1928 1012 2184 1076 τούτων
2228 1015 2504 1088 γενικαῖς
2551 1013 2979 1093 ἰςοςυλλαβεῖ,
3024 1014 3124 1075 καὶ

530 1111 696 1177 ἔςτιν
755 1113 826 1178 ἐν
881 1112 1121 1178 ἐκτάςει
1176 1116 1294 1177 τοῦ
1340 1118 1395 1176 ἶ.
1468 1113 1645 1192 παρὰ
1700 1115 1817 1192 τὴν
1872 1113 2238 1193 ἀθεώρητος
2296 1114 2397 1177 καὶ
2450 1114 2565 1191 τὴν
2622 1112 2994 1192 ἀθεωρήτου
3046 1116 3122 1177 τὸ

529 1213 871 1295 άθεωρητί,
928 1214 1205 1296 ἀκονιτί,
1265 1213 1562 1297 ἀμογητί,
1620 1213 1913 1296 ἀκλαυτί,
1966 1214 2279 1279 πανθοινί.
2370 1217 2468 1278 καὶ
2513 1216 2712 1294 ςαφές
2769 1216 2866 1280 ὅτι
2918 1215 2994 1279 τὸ
3051 1216 3121 1279 ἐν

426 1343 476 1382 ιο
529 1315 768 1380 ἐκτάςει
810 1319 928 1380 τοῦ
974 1321 1009 1380 ἶ
1061 1315 1329 1395 ἀμηνυτί
1379 1315 1899 1395 ἀναλογώτερον.
1975 1316 2073 1381 ὅτι
2130 1319 2252 1395 γάρ
2297 1318 2375 1380 τὰ
2419 1321 2686 1381 τοιαῦτα
2709 1304 2848 1381 ’διὰ
2901 1320 3017 1380 τοῦ
3063 1315 3119 1399 ἶ,

528 1419 725 1497 ςαφὲς
769 1420 884 1495 μὲν
928 1419 1027 1481 καὶ
1072 1418 1143 1482 ἐκ
1184 1424 1317 1483 τῶν
1362 1418 1736 1499 διαλέκτων,
1788 1418 1987 1497 ςαφὲς
2032 1420 2104 1483 δὲ
2148 1419 2249 1482 καὶ
2293 1418 2361 1481 ἐκ
2405 1421 2517 1495 τῆς
2561 1419 2975 1497 παραδόςεως
3021 1418 3123 1482 καὶ

528 1518 620 1582 ἔτι
660 1522 773 1597 τῆς
815 1519 1271 1599 παρεπομένης
1314 1519 1452 1583 ἔςθ’
1495 1519 1604 1583 ὅτε
1651 1521 1987 1601 ςυςτολῆς,
2039 1520 2203 1598 ὅπερ
2246 1518 2412 1584 ἴδιον
2458 1525 2589 1584 τῶν
2633 1519 2983 1598 διχρόνων·
3045 1521 3120 1583 τὸ

524 1623 690 1695 γοῦν
736 1619 1170 1700 Ἀρχιλόχειον
1223 1620 1595 1698 ςυνεςτάλη,

779 1721 985 1800 ἀμιςθὶ
1025 1723 1149 1801 γάρ
1195 1743 1259 1787 (ε
1304 1721 1570 1800 πάμπαν
1616 1721 1696 1785 οὐ
1743 1721 2040 1801 διάξομεν
2088 1721 2194 1805 (fr.
2240 1722 2318 1784 41
2372 1719 2672 1805 Bergk³).

423 1847 477 1886 15
697 1823 884 1888 Πάνυ
948 1824 1209 1900 γέλοιόν
1275 1825 1399 1889 ἐςτι
1456 1825 1532 1887 τὸ
1588 1825 1704 1902 τὴν
1761 1822 1964 1901 αὐτὴν
2022 1826 2321 1902 ςημαςίαν
2380 1823 2670 1888 ἀπαιτεῖν
2731 1823 2803 1889 ἔν
2859 1846 2924 1889 τε
2982 1828 3119 1890 τοῖς

528 1923 898 2004 ἐπιρρήμαςι
943 1927 1046 1989 καὶ
1089 1929 1227 1989 τοῖς
1270 1924 1598 2003 ὀνόμαςιν·
1657 1925 1712 1989 εἰ
1754 1924 1879 2003 γάρ
1925 1926 2295 2003 ἀθεώρητον
2347 1927 2423 1990 τὸ
2480 1926 2559 1990 οὐ
2613 1928 3117 2010 τεθεωρημένον,

526 2029 664 2091 πῶς
719 2026 795 2090 τὸ
839 2024 1153 2105 ἀθεωρητί
1208 2026 1486 2105 ςημαίνει
1530 2027 1604 2091 τὸ
1662 2026 1744 2105 μὴ
1804 2030 2150 2107 θεωρῆςαις
2207 2028 2309 2091 καὶ
2351 2032 2523 2111 πῶς,
2577 2028 2631 2091 εἰ
2675 2026 2995 2093 ἄκλαυτον
3041 2030 3117 2093 τὸ

421 2154 481 2194 20
532 2128 613 2205 μὴ
658 2128 1144 2211 κεκλαυςμένον,
1188 2131 1330 2192 πῶς
1372 2130 1448 2193 τὸ
1493 2127 1754 2193 ἀκλαυτί
1796 2129 1873 2191 τὸ
1918 2129 1999 2206 μὴ
2044 2129 2304 2192 κλαῦςαι
2350 2128 2654 2206 ςημαίνει;
2704 2128 2827 2193 ἔςτι
2862 2131 2985 2208 γὰρ
3017 2131 3120 2193 καὶ

526 2227 598 2292 ἐν
644 2227 864 2291 ἄλλοις
907 2230 1116 2309 μέρεςι
1160 2230 1363 2306 λόγου
1406 2229 1777 2311 πάμπολλα,
1825 2226 1923 2294 οἷς
1967 2228 2006 2306 ἡ
2051 2231 2311 2308 τοιαύτη
2359 2231 2662 2310 διαφορά.
2742 2231 2873 2295 ἀπὸ
2919 2250 3117 2309 παρα-

456 2314 473 2329 *
527 2331 835 2409 κειμένων
880 2334 1244 2409 παθητικῶν
1289 2330 1661 2409 ἐνεργητικὰ
1705 2328 1994 2409 ὀνόματα
2036 2329 2307 2406 γίνεται·
2351 2334 2526 2411 παρὰ
2570 2333 2693 2410 γὰρ
2732 2332 2807 2395 τὸ
2842 2331 3118 2409 ἔψαλται

525 2433 600 2494 τὸ
656 2432 941 2515 ψάλτης,
996 2432 1248 2497 λέλυται
1307 2432 1527 2515 λύτης,
1594 2432 1972 2510 κεκάθαρται
2026 2434 2358 2511 καθαρτὴς.
2433 2434 2608 2512 παρὰ
2665 2434 2780 2512 τὴν
2837 2433 2903 2498 ἔξ
2958 2434 3114 2511 πρό·

420 2557 473 2596 ε’»
526 2538 725 2616 θεςιν,
783 2534 1207 2613 ςημαίνουςαν
1251 2535 1328 2598 τὸ
1372 2534 1443 2597 ἐκ
1484 2533 1722 2615 τόπου,
1781 2534 1899 2614 <τὸ
1945 2533 2111 2613 ἔξ>ω
2156 2533 2470 2613 ἐπίρρημα
2515 2535 2615 2599 καὶ
2668 2535 2743 2599 τὸ
2804 2535 2875 2597 ἐν
2931 2534 3114 2618 τόπῳ

528 2636 624 2699 καὶ
669 2635 758 2699 εἰς
802 2635 1008 2700 τόπον
1052 2638 1258 2713 δηλοῖ.
1319 2637 1495 2714 παρὰ
1538 2636 1655 2713 τὴν
1699 2633 1863 2713 πρός
1903 2634 2222 2718 πρόθεςιν,
2267 2637 2658 2713 πληςιαςμόν
2690 2636 3114 2714 ςημαίνουςαν

525 2735 932 2822 (προςελθεῖν
987 2734 1108 2816 γάρ
1165 2757 1377 2818 φαμεν
1430 2738 1505 2803 τὸ
1561 2736 1782 2814 ἔγγιον
1841 2735 2082 2820 ἐλθεῖν)
2126 2738 2347 2817 πρόςω
2403 2737 2568 2804 ἐςτίν
2626 2738 2974 2818 ἐπίρρημα,
3034 2739 3114 2803 οὐ

528 2841 833 2918 ςημαῖνον
876 2841 995 2917 τὴν
1039 2839 1438 2917 πληςιότητα.
1512 2838 1675 2917 παρ’
1717 2838 2124 2917 ἐνεργητικὸν
2168 2841 2244 2903 τὸ
2290 2841 2499 2919 τέμνω
2544 2839 2895 2918 παθητικὸν
2946 2840 3112 2916 γίνε-

417 2964 475 3004 ω
523 2961 625 3005 ται
667 2940 742 3004 τὸ
786 2940 1005 3023 τόμος,
1050 2940 1121 3006 ἐν
1154 2940 1385 3024 ,βαρείᾳ
1430 2940 1631 3006 τάςει·
1681 2938 1760 3003 οὐ
1801 2941 1930 3018 γὰρ
1974 2941 2247 3005 πιθανόν
2293 2942 2419 3006 ἐςτι
2463 2943 2638 3020 παρὰ
2681 2943 2755 3006 τὸ
2788 2943 3113 3024 τέμνομαι,

527 3043 665 3107 ἐπεὶ
710 3042 829 3107 οὐκ
872 3042 1184 3117 ἀναλογεῖ
1224 3041 1263 3119 ἡ
1309 3043 1516 3121 φωνή.
1595 3042 1721 3105 ἔςτι
1774 3041 2126 3119 πάμπολλα
2170 3042 2256 3106 εἰς
2301 3045 2375 3106 τὸ
2432 3048 2729 3108 τοιοῦτον
2785 3044 3106 3108 ἐπιδεῖξαι.

690 3145 786 3211 Τὰ
840 3145 1056 3222 μέντοι
1112 3144 1217 3208 διὰ
1261 3146 1379 3206 τοῦ
1425 3146 1513 3206 {fu
1559 3143 1959 3222 ἐκφερόμενα
2003 3142 2264 3221 ἄμεινον
2308 3145 2582 3223 ἡγητέον
2627 3144 2758 3209 ἀπὸ
2816 3144 3113 3223 ῥημάτων

382 3267 489 3317 572
525 3250 873 3325 παρῆχθαι,
942 3245 996 3309 εἰ
1056 3245 1159 3308 καὶ
1223 3244 1607 3324 ςυνυπάρχει
1671 3245 1752 3307 τὰ
1816 3243 2091 3327 ῥήματα,
2168 3247 2270 3310 καὶ
2332 3251 2530 3311 ταῦτα
2594 3246 2803 3338 πάντα
2868 3245 2958 3310 εἰς
3022 3234 3111 3313 ὶιῖι

521 3346 983 3427 περατούμενα.
1058 3346 1157 3411 καὶ
1202 3348 1412 3410 καθὼς
1467 3346 1598 3411 ἀπὸ
1651 3348 1792 3426 μιᾶς
1838 3347 2125 3422 ςυζυγίας
2180 3354 2311 3412 τῶν
2366 3347 2666 3427 ῥημάτων
2724 3347 2831 3427 μία
2882 3350 3112 3428 ςχεδὸν

522 3450 623 3514 καὶ
664 3448 703 3528 ἡ
750 3448 1001 3523 ςυζυγία
1046 3453 1178 3513 τῶν
1235 3447 1695 3527 ἐπιρρημάτων.
1770 3446 2047 3524 εὔλογόν
2089 3469 2158 3512 τε
2204 3450 2307 3513 καὶ
2350 3449 2426 3512 τὸ
2484 3451 2950 3530 διηλλαγμένον
2994 3454 3111 3514 τοῦ

656 3619 872 3671 Ancum.
911 3622 942 3670 3
970 3615 1258 3671 Adverbia.
1279 3615 1337 3668 in
1361 3615 1383 3668 ῐ
1407 3614 1665 3669 derivata
1687 3617 1937 3683 oxytona
1960 3618 2104 3670 sunt.
2145 3616 2300 3681 Quae
2326 3632 2361 3669 a
2394 3618 2712 3671 nominibus
2738 3617 3105 3685 descendunt,

521 3701 765 3756 totidem
811 3700 1059 3771 syllabas
1103 3699 1331 3766 habent,
1376 3700 1516 3766 quot
1557 3700 1809 3768 genetivi
1854 3716 2078 3768 eorum,
2124 3702 2237 3755 cti
2280 3700 2534 3770 longam3
2591 3734 2651 3741 -
2714 3709 2772 3756 13
2818 3702 2918 3756 sed
2952 3704 3108 3756 notio

518 3803 686 3855 saepe
726 3787 990 3840 variatur.
1029 3816 1095 3844 r-
1131 3792 1197 3838 26
1234 3782 1388 3849 Quae
1423 3785 1477 3836 in
1516 3789 1599 3838 ῖτἾ
1636 3783 1867 3851 finiunt,
1906 3802 1941 3839 a
1978 3785 2160 3839 verbis
2195 3785 2252 3838 in
2277 3776 2356 3842 ζῶ
2383 3787 2629 3841 derivari
2653 3786 2938 3841 credenda
2959 3790 3106 3853 sunt,

516 3871 563 3925 si
598 3870 829 3940 quidem
866 3870 982 3924 eius
1016 3868 1171 3923 modi
1204 3869 1381 3923 verba
1416 3871 1651 3923 exstant.

522 3979 591 3986 ...ο
616 3979 689 3985 --—
716 3979 923 3985 .-...-ι.--

653 4038 850 4099 Dmcn.
878 4058 1083 4094 sempr.
1157 4046 1199 4092 1.
1233 4039 1339 4108 [ἐν]
1370 4036 1582 4091 delevit
1606 4039 1642 4092 b
1666 4038 1727 4091 in
1752 4055 1869 4093 var.
1897 4038 2043 4107 lect„
2080 4041 2141 4094 ἐν
2167 4040 2349 4109 ἐνδείᾳ
2372 4042 2416 4095 Α
2443 4040 2480 4094 b
2513 4040 2571 4093 in
2597 4042 2756 4095 textu
2788 4046 2797 4106 Ι
2828 4047 2976 4098 2-3.
3004 4059 3104 4095 πο-

519 4128 645 4179 λακι
673 4125 684 4193 Ι
713 4130 761 4180 6.
798 4142 866 4179 το
901 4141 1073 4194 supra
1105 4123 1203 4177 lin.
1242 4123 1369 4176 add.
1398 4125 1477 4177 Ατ
1518 4127 1526 4185 Ι
1575 4128 1621 4175 7.
1659 4140 1891 4187 ακονητι
1916 4126 1957 4177 Α
1988 4126 1998 4192 Ι
2029 4126 2158 4194 post
2182 4130 2436 4179 πανθοινι
2472 4125 2529 4176 in
2557 4127 2598 4178 Α
2637 4124 2740 4179 hoc
2776 4124 2996 4194 signum
3033 4126 3107 4192 ·l.,

517 4224 629 4277 quo
676 4208 955 4263 indicetur
999 4206 1353 4263 intercidisse
1397 4207 1703 4273 quaedam,
1752 4209 1810 4261 in
1848 4225 2023 4278 marg.
2073 4209 2354 4263 adduntur
2390 4225 2479 4264 και
2517 4224 2686 4276 ςαφες
2725 4241 2787 4249 -
2834 4210 2867 4262 l.
2906 4215 2937 4264 8
2972 4226 3106 4264 ανα-

517 4298 860 4362 λογωτερον,
896 4309 1042 4360 quae
1067 4292 1335 4347 omiserat
1358 4295 1444 4357 A',
1481 4292 1554 4346 ab
1579 4294 1649 4346 Α*
1678 4293 1688 4358 Ι
1717 4297 1766 4350 8.
1803 4293 2043 4361 ἀμηνυτί
2068 4293 2159 4348 vel
2192 4295 2470 4360 ἀναιμωτί
2493 4292 2734 4357 KLchrs‚
2770 4311 2992 4359 αμυνιτι
3016 4297 3103 4361 A‘,

516 4379 758 4447 ἀμυνητί
794 4379 831 4432 b
872 4382 881 4445 Ι
926 4384 1002 4432 12.
1042 4378 1340 4442 διδάξομεν
1374 4375 1661 4445 PElmslcy
1703 4378 1712 4445 Ι
1754 4382 1831 4431 15.
1872 4382 2185 4434 ακλαυςτον
2223 4382 2265 4432 Α
2306 4382 2316 4446 1
2369 4383 2446 4431 16.
2483 4381 2748 4433 ακλαυςτι
2784 4381 2828 4433 Α
2869 4383 2877 4445 Ι
2916 4386 2996 4433 20.
3033 4383 3104 4436 τὸ

515 4465 623 4518 ἔξω
659 4464 723 4532 b,
771 4463 871 4518 sed
908 4479 1021 4517 una
1065 4479 1113 4516 ω
1160 4460 1351 4515 littera
1391 4461 1508 4530 legi
1552 4463 1743 4531 potest
1786 4461 1841 4514 in
1883 4465 1952 4527 Ας
1989 4479 2057 4517 το
2101 4467 2210 4518 εξω
2246 4463 2474 4517 fuerunt
2515 4464 2730 4531 primae
2775 4463 3000 4517 litterae
3045 4464 3105 4516 in

515 4547 606 4602 fol.
636 4554 726 4602 131
754 4565 799 4606 r.
832 4552 840 4614 Ι
872 4546 1026 4614 Quae
1052 4564 1087 4601 a
1108 4546 1207 4602 lin.
1236 4553 1358 4601 17-
1376 4550 1433 4600 18
1459 4546 1572 4600 ἀπὸ
1599 4547 2034 4614 παρακειμένων
2057 4564 2232 4616 usquc
2260 4547 2329 4601 ad
2367 4546 2400 4605 1.
2427 4555 2493 4602 25
2530 4549 2794 4602 ἐπιδεῖξαι
2820 4549 3104 4617 leguntur,

516 4631 793 4687 GDronkc
837 4633 924 4686 ita
962 4630 1254 4700 transponi
1302 4630 1505 4695 voluit,
1560 4633 1625 4682 ut
1669 4632 1913 4700 primum
1958 4631 2143 4685 locum
2190 4633 2530 4701 occuparent
2573 4630 2713 4685 hacc
2755 4632 2932 4686 verba
2964 4632 2998 4686 l.
3041 4639 3102 4687 19

516 4719 665 4785 παρὰ
707 4719 818 4785 τὴν
863 4745 929 4756 -
976 4715 1011 4769 l.
1057 4723 1123 4770 23
1171 4717 1546 4783 πληςιότητα,
1590 4715 1833 4769 alterum
1880 4716 2019 4770 haec
2063 4717 2099 4767 l.
2154 4722 2350 4770 17-18
2393 4719 2506 4771 ἀπὸ
2553 4718 2983 4782 παρακειμένων
3039 4748 3103 4758 -

519 4806 581 4853 19
614 4803 919 4869 καθαρτὴς,
956 4801 1186 4855 tertium
1224 4799 1364 4853 haec
1401 4806 1466 4852 23
1503 4802 1647 4870 παρ’
1683 4801 2048 4868 ἐνεργητικὸν
2082 4831 2147 4840 -
2184 4806 2249 4853 25
2286 4802 2549 4856 ἐπιδεῖξαι
2579 4807 2589 4866 ι
2620 4807 2702 4855 24.
2728 4805 2998 4857 πειθανον
3019 4804 3060 4856 Α
3095 4807 3100 4870 ἶ

516 4890 595 4939 27.
633 4888 680 4940 εί
716 4888 807 4941 καὶ
846 4886 1182 4952 ςυνυπὰρχει
1219 4883 1694 4952 GFSchoemann,
1732 4889 1767 4952 ἢ
1806 4889 1898 4939 καὶ
1934 4887 2304 4952 ςυνυπάρχειν
2341 4885 2433 4939 Ab

611 4981 903 5032 Apollonius
932 4980 1170 5031 Dyscolun.
1208 4979 1243 5019 L
2635 4977 2694 5025 11

3160 1536 3223 1584 10

3163 2047 3220 2091 15

3151 2550 3218 2598 20

3148 3065 3234 3128 25,
