3738 5530
578 324 1018 383 Commentarius
1047 325 1274 382 criticus
1304 328 1362 382 et
1389 326 1709 398 exegeticus
1737 327 1797 382 in
1825 327 2114 398 Apollonii
2143 327 2371 398 Dyscoli
2400 328 2615 400 scripta
2638 327 2872 384 minora.
2948 328 3076 394 207

645 490 698 579 t)
754 493 870 558 Τώ
916 499 1041 557 voci
1093 500 1525 572 circumflemmz
1574 500 1991 573 imponendum
2046 502 2099 558 ct
2141 496 2164 559 ἰ
2208 499 2615 559 ascribendam
2670 514 2791 558 csse
2844 500 3086 573 quidam

467 589 827 648 contendunt.
909 587 1026 647 Sed
1068 604 1252 661 neque
1296 589 1759 660 circumflectitur
1801 605 1985 663 neque
2028 585 2052 648 ἰ
2097 590 2443 660 αεσνὶὸίὺιιη
2490 590 2807 648 testimonio
2852 592 2991 647 sunt
3034 592 3087 648 et

462 680 618 737 notio
655 676 1007 752 (nmquam
1052 679 1206 736 enim
1240 678 1474 737 dativus
1510 677 1805 737 causalem
1838 679 2085 751 praebet
2125 676 2493 751 sententiam)
2534 682 2587 737 et
2630 678 2913 737 bibrorum
2949 696 3087 737 auc-

464 770 682 826 toritas.
754 766 854 826 Sic
897 770 1091 825 autem
1126 769 1317 825 ortum
1362 770 1471 825 est:
1513 783 1831 841 suppressa
1877 771 1961 826 est
2003 767 2072 826 δι
2085 762 2127 826 ά
2162 770 2519 842 praepositio
2559 785 2719 827 more
2753 771 3083 841 poctarwm,

463 857 671 917 deinde
715 852 802 917 τό
836 857 1121 931 producte
1165 857 1380 916 dicitur
1424 852 1525 916 τώ
1578 858 2026 932 199,1-200,
2051 857 2150 914 16.

647 947 793 1021 199,
815 947 848 1004 1
903 943 1275 1005 GFSchoem.
1305 945 1368 1003 H
1400 946 1479 1004 15
1503 971 1588 993 =
1610 964 1806 1022 opusc.
1837 945 1925 1005 IV
1957 947 2085 1006 260
2133 940 2444 1005 ‘Maiorem
2488 945 2600 1005 hoc
2637 946 2766 1005 loco
2814 947 3090 1005 lacunam

464 1053 617 1111 esse,
671 1053 1117 1110 sermonemque
1174 1035 1247 1094 ab
1294 1034 1616 1111 Apollonio
1673 1036 1902 1094 factum
1957 1034 2142 1094 fuisse
2190 1034 2261 1094 de
2318 1035 2598 1095 adverbio
2645 1031 2737 1095 τώ
2786 1037 3090 1095 verissime

462 1126 696 1184 monuit
722 1124 1000 1184 Lehrsius
1036 1125 1100 1182 in
1127 1123 1201 1182 N.
1230 1123 1379 1183 Mus.
1408 1124 1594 1183 Rhen.
1623 1124 1687 1183 Π
1721 1145 1779 1201 p.
1812 1126 1957 1184 340.
2019 1124 2178 1183 Nam
2213 1126 2408 1183 minus
2437 1126 2595 1184 recte
2624 1123 3086 1201 OSchneideruS,

463 1214 541 1272 ib.
578 1214 672 1273 III
716 1234 772 1291 p.
807 1215 957 1289 453,
1003 1214 1076 1272 de
1122 1209 1282 1273 καθό
1328 1215 1631 1292 cogitavit.
1724 1214 2059 1273 Dronln'um
2105 1216 2335 1289 autem,
2380 1215 2433 1273 si
2477 1213 2836 1274 Lehrsianae
2885 1214 3088 1292 dispu-

464 1306 709 1363 tationis
753 1322 981 1363 memor
1027 1302 1260 1377 fuisset,
1317 1303 1494 1362 aliter
1539 1302 1611 1362 de
1655 1303 1767 1362 hoc
1813 1305 1942 1363 loco
1987 1303 2389 1363 iudicaturum
2434 1304 2616 1363 fuisse
2662 1304 2852 1381 credo,
2901 1324 3084 1380 quam

464 1392 607 1452 fecit
640 1392 759 1451 XII
793 1414 850 1470 p.
882 1393 1009 1452 322
1033 1410 1186 1468 sqq.:
1231 1410 1372 1451 nam
1410 1394 1627 1468 omnia,
1674 1412 1828 1468 quae
1864 1393 2004 1452 inde
2042 1413 2078 1452 a
2115 1414 2168 1453 v.
2208 1395 2284 1452 21
2314 1387 2411 1472 [1]
2450 1411 2637 1469 usque
2676 1393 2754 1453 ad
2789 1414 2844 1470 p.
2878 1394 3026 1468 614,
3050 1395 3086 1452 6

468 1476 646 1560 [200,
668 1477 778 1562 16]
827 1485 1173 1558 sequuntur,
1218 1485 1377 1541 recte
1423 1482 1754 1557 cohaerent,
1802 1484 1854 1541 si
1901 1482 1973 1542 de
2021 1482 2153 1542 adv.
2192 1478 2284 1541 τώ
2333 1484 2706 1560 accipiuntur
2752 1475 2866 1565 (sic
2912 1484 3087 1559 enim,

463 1591 583 1630 non
627 1572 737 1652 τῷ,
782 1571 1171 1648 Apollonium
1216 1574 1516 1648 scripsisse
1563 1575 1789 1631 certum
1835 1564 1997 1653 est)'.
2072 1571 2256 1631 Lehrs
2302 1572 2340 1629 l.
2372 1590 2416 1631 s.
2447 1590 2490 1630 s.
2539 1575 2677 1648 post
2722 1568 2949 1647 μόριον
2995 1574 3085 1631 in-

466 1663 651 1720 seruit
687 1656 779 1720 Τό
816 1656 935 1732 τώ;
983 1659 1086 1720 sed
1122 1664 1324 1719 utrum
1359 1661 1505 1721 haec
1542 1681 1619 1721 an
1654 1662 1830 1738 plura
1869 1660 2209 1737 exciderint,
2256 1663 2549 1721 incertum
2595 1664 2700 1721 est.
2771 1660 2864 1728 Cf.
2901 1660 3087 1721 Lentz

467 1750 543 1811 ad
587 1750 725 1809 Her.
763 1751 796 1808 I
841 1751 1095 1824 492,19
1144 1752 1205 1809 et
1248 1748 1433 1810 Lehrs
1481 1750 1556 1810 ad
1602 1750 1742 1810 Her.
1782 1751 1845 1810 Π
1895 1751 2165 1825 595,12.

647 1841 851 1916 199,3
914 1833 1270 1913 μετάληψιν
1330 1836 1403 1900 δὲ
1463 1835 1594 1915 ἔχει
1655 1835 1744 1900 εἰ(
1803 1835 1925 1900 δύο
1987 1835 2144 1915 μέρη
2205 1835 2435 1918 λόγου]
2492 1842 2529 1898 i.
2570 1860 2625 1916 q.
2687 1836 3087 1917 μεταλαμβά-

465 1944 642 1989 νεται
698 1923 789 1990 εἰ(
816 1920 1146 2100 >(substitui
1200 1930 1400 2005 potest
1450 1931 1514 1988 in
1567 1920 1790 2011 locum)
1839 1924 1960 1990 δύο
2007 1925 2163 2004 μέρη
2223 1925 2425 2001 λόγου
2474 1922 2626 2011 (scil.
2675 1926 2782 1990 διὰ
2827 1926 2903 1989 τό
2949 1933 2987 1988 i.
3029 1950 3085 2006 q.

466 2014 572 2079 διὰ
616 2017 814 2079 τοῦτο
849 2063 863 2077 .

647 2109 988 2184 199,6-7
1038 2101 1172 2167 κατ’
1213 2100 1560 2181 αἰτιατικὴν
1589 2154 1603 2167 .
1634 2155 1647 2167 .
1689 2102 1793 2184 ἐφ’
1831 2102 1907 2181 ἦ(
1950 2104 2058 2167 καὶ
2103 2102 2369 2182 μάλιετα
2402 2103 2443 2181 ἡ
2484 2103 2871 2181 αἰτιολογικὴ
2922 2103 3087 2184 φρά-

467 2214 556 2259 oc
614 2192 884 2275 γίνεται]
945 2197 1018 2255 of.
1064 2196 1197 2256 adv.
1241 2197 1386 2272 182,
1410 2198 1509 2255 23.
1561 2198 1797 2273 200,1;
1856 2200 2005 2257 coni.
2047 2198 2464 2273 242,6-—10;
2521 2200 2676 2273 synt.
2720 2199 3092 2273 9‚16—20;

467 2286 671 2347 Choer.
720 2289 867 2363 111,
891 2287 974 2346 20
1010 2286 1172 2365 Hilg.
1221 2278 1320 2367 (ex
1356 2278 1500 2364 Ap.)
1555 2282 1596 2360 ἡ
1644 2284 1717 2346 δὲ
1773 2280 2078 2360 αἰτιατική
2135 2282 2271 2347 κατ’
2320 2281 2542 2360 αἰτίαν,
2602 2282 2819 2361 ἐπειδὴ
2881 2282 3088 2347 αἰτίαν

467 2373 772 2452 εημαίνει,
835 2368 978 2436 οἷον
1034 2371 1140 2435 διὰ
1193 2371 1310 2435 τὸν
1356 2370 1767 2450 Ἀρίεταρχον
1825 2371 2125 2451 ἐτιμήθην
2180 2372 2284 2436 καὶ
2339 2371 2445 2436 διὰ
2498 2373 2617 2436 τὸν
2672 2372 3087 2450 Ἀρίεταρχον

466 2463 782 2542 ὑβρίεθην.
858 2464 1054 2524 DThr.
1095 2466 1179 2523 32
1227 2483 1361 2523 cum
1407 2464 1605 2524 adnot.
1644 2464 1906 2543 Uhlig113
1952 2454 2230 2543 Egenolff
2269 2465 2325 2522 V
2376 2467 2651 2525 122—3.

647 2556 793 2630 199,
816 2558 852 2615 9
905 2549 1009 2613 ἐπὶ
1056 2551 1170 2629 μὲν
1201 2601 1214 2614 .
1245 2601 1258 2613 .
1297 2550 1375 2614 τὸ
1412 2551 1485 2614 δὲ
1533 2549 1663 2633 ἐπὶ]
1703 2548 1866 2634 <τό>
1905 2551 2021 2629 μὲν
2060 2550 2165 2615 ἐπὶ
2194 2601 2207 2613 .
2238 2601 2252 2614 .
2290 2551 2367 2614 τὸ
2405 2552 2478 2615 δὲ
2517 2550 2623 2615 ἐπὶ
2657 2554 2871 2614 Matth.
2902 2555 2932 2613 Ι
2971 2556 3089 2630 32;

467 2645 542 2705 ad
587 2664 754 2722 pron.
791 2645 849 2719 7,
872 2644 971 2702 28.

647 2736 794 2809 199,
826 2735 1080 2793 10-11
1143 2727 1222 2794 δι’
1278 2727 1476 2796 Ἀλεξ.
1523 2765 1611 2777 -
1666 2728 2170 2813 Ἑλληεπόντου]
2229 2734 2389 2795 delet
2441 2734 2653 2796 Matth.
2700 2733 2731 2794 Ι
2779 2735 2897 2810 32,
2963 2736 3089 2794 sine

466 2828 627 2885 iusta
673 2842 872 2885 causa.

649 2917 795 2989 199,
819 2916 896 2972 11
940 2909 1608 2990 παραλαμβανόμενον
1643 2907 1937 2993 <μόνον>
1970 2913 2182 2972 Matth.
2213 2913 2245 2972 Ι
2276 2915 2388 2989 65;
2432 2932 2672 2991 prorsus
2710 2913 3088 2990 superfluum.

651 3006 798 3079 199,
823 3003 1081 3062 15-16
1145 2999 1362 3077 δοτικὴ
1420 2999 1543 3078 γὰρ
1600 3000 1919 3064 οὐδέποτε
1974 2998 2405 3078 αἰτιολογικὴν
2453 2998 2688 3079 φράειν
2732 2999 3085 3083 παρίετηει]

464 3096 790 3172 permirum
836 3095 925 3152 est
941 3138 956 3168 ,
1001 3092 1389 3168 Apollonium
1435 3093 1732 3152 causalem
1777 3092 1970 3153 dativi
2013 3095 2317 3153 notionem
2361 3112 2482 3152 non
2528 3111 2862 3171 agnoscere,
2909 3112 3089 3169 quam

467 3184 640 3244 hodie
687 3200 888 3242 omnes
936 3184 1313 3260 grammatici
1357 3201 1476 3241 uno
1522 3201 1623 3242 ore
1670 3185 1724 3241 ei
1772 3181 2123 3242 attribuunt.

648 3274 794 3348 199,
819 3273 897 3330 16
956 3267 1165 3331 καθὼς
1221 3266 1498 3349 ἔφαμεν]
1558 3274 1832 3348 spectant
1886 3272 2032 3332 haec
2090 3271 2167 3332 ad
2212 3271 2251 3329 l.
2294 3273 2331 3330 5
2378 3267 2417 3345 ἡ
2466 3266 2753 3333 εύνταξιε
2811 3266 3086 3333 αἰτιολο-

467 3359 636 3438 γική;
693 3361 852 3438 quod
898 3378 1033 3420 cum
1077 3380 1249 3420 nemo
1294 3379 1514 3439 negare
1558 3363 1773 3438 possit,
1820 3364 2090 3438 sequitur
2134 3361 2443 3438 Apollonii
2489 3361 2729 3438 quidem
2776 3365 3089 3437 sententia,

469 3455 539 3511 ut
582 3447 675 3513 τώ
723 3451 960 3511 dativus
1006 3468 1132 3510 esse
1176 3470 1296 3510 non
1341 3452 1545 3527 possit.

649 3542 793 3616 199,
818 3541 1076 3598 18—19
1126 3535 1206 3600 οὐ
1252 3535 1376 3615 γὰρ
1415 3586 1429 3599 .
1469 3586 1482 3599 .
1521 3587 1534 3600 .
1585 3536 1978 3620 ευνδέεμοιε]
2036 3542 2141 3616 qui
2192 3540 2322 3599 fieri
2375 3542 2575 3616 potest
2637 3543 2708 3600 ut
2770 3542 3091 3601 contendat

470 3631 604 3707 Ap,
650 3631 1091 3690 coniunctiones
1129 3629 1412 3705 causaleS,
1450 3630 1616 3689 velut
1653 3625 1742 3690 ὡ(
1779 3633 1840 3688 et
1878 3625 1994 3701 ὅτι,
2040 3632 2198 3688 inter
2234 3648 2296 3690 se
2333 3632 2685 3690 commutari
2721 3649 2841 3689 non
2877 3628 3089 3707 posse?

466 3721 571 3796 Et,
626 3723 678 3780 si
733 3721 846 3778 hoc
898 3738 1105 3778 verum
1160 3721 1337 3793 esset,
1396 3719 1542 3794 quid
1596 3718 1734 3779 inde
1790 3719 1994 3797 colligi
2048 3720 2250 3795 posset
2301 3722 2375 3778 ut
2418 3718 2939 3794 demonstraretur,
2994 3715 3085 3779 τώ

465 3829 586 3869 non
632 3827 758 3869 esse
804 3809 1278 3868 coniunctionem
1324 3806 1662 3869 causalem?
1734 3807 1901 3869 Haec
1945 3808 2182 3868 videtur
2227 3826 2352 3868 esse
2399 3808 2854 3887 argumentandi
2900 3811 3088 3868 ratio:

468 3900 909 3959 coniunctiones
955 3898 1222 3958 causales
1268 3900 1426 3957 inter
1470 3916 1532 3958 se
1569 3900 1924 3958 commutari
1968 3918 2087 3958 non
2131 3900 2408 3976 possunt3
2452 3894 2545 3957 τώ
2591 3901 2792 3975 potest
2827 3917 3087 3957 commu-

465 3991 584 4048 tari
643 4007 778 4047 cum
832 3983 957 4047 ὅτι;
1018 4007 1159 4066 ergo
1216 4006 1335 4047 non
1395 3991 1487 4048 est
1544 3989 1881 4048 coniunctio
1943 3988 2225 4063 causalis,
2283 3987 2386 4048 sed
2447 3987 2793 4047 adverbium
2847 4007 3090 4048 causam

469 4078 752 4138 indicans

651 4168 1077 4242 199,22-26
1141 4165 1284 4226 Lob.
1333 4166 1448 4225 Ell.
1495 4166 1527 4225 I
1576 4168 1734 4226 146:
1801 4161 1999 4228 ‘verae
2059 4166 2286 4245 ellipsis
2343 4186 2523 4242 quam
2580 4185 2688 4226 nos
2749 4168 3087 4243 quaerimus

466 4257 530 4315 in
573 4256 667 4316 his
713 4255 985 4316 omnibus
1030 4256 1263 4314 nullum
1308 4258 1642 4332 exemplum
1688 4252 1820 4316 est'.
1898 4255 1985 4314 Of.
2024 4259 2177 4333 synt.
2210 4259 2357 4331 289,
2381 4259 2464 4316 10
2511 4249 2641 4338 (ubi
2685 4257 3087 4333 reponendum

473 4349 563 4406 est
599 4341 816 4425 <ἴθυεε
854 4340 1022 4516 μιζχη
1068 4340 1377 4424 achimo),
1422 4344 1540 4406 τοῦ
1583 4342 1883 4406 ἐντελοῦς
1929 4340 2121 4407 ὄντος
2158 4342 2391 4406 διίθυεε
2429 4364 2485 4421 μ.
2516 4363 2597 4418 π.,
2645 4346 2855 4405 deletis
2892 4344 3086 4406 verbis

466 4436 542 4515 τῇ
589 4431 695 4495 διά
740 4435 778 4493 1.
822 4436 899 4493 11
941 4480 952 4491 .

649 4526 794 4600 199,
817 4525 898 4582 25
946 4519 1049 4583 καί
1095 4523 1253 4583 delet
1296 4523 1508 4584 Matth.
1547 4524 1578 4582 I
1629 4527 1740 4599 793
1786 4524 1862 4583 ad
1907 4543 2074 4600 pron.
2118 4526 2297 4599 7,28.

648 4615 898 4689 199,27
946 4609 1050 4673 καὶ
1105 4608 1211 4673 ἐπί
1264 4628 1339 4684 γε
1396 4610 1662 4687 μάλιετα
1714 4612 1832 4674 τοῦ
1888 4609 2312 4688 προκειμένου
2370 4609 2623 4692 μορίου]
2672 4609 2776 4673 καὶ
2822 4609 3087 4687 μάλιετα

468 4697 572 4762 ἐπί
626 4719 700 4775 γε
745 4702 876 4764 κτλ.
921 4701 1135 4762 Matth.
1183 4703 1214 4761 I
1263 4705 1363 4763 79.
1455 4703 1739 4762 Insolitae
1796 4702 2201 4761 collocationis
2257 4702 2571 4762 verborum
2627 4703 2896 4778 exempla
2950 4721 3085 4761 con-

468 4794 624 4871 gessi
669 4793 744 4852 ad
790 4811 956 4869 pron.
997 4794 1100 4867 42,
1126 4793 1224 4851 25.

648 4884 793 4958 200,
826 4886 859 4940 1
930 4877 1032 4941 καί
1095 4881 1409 4941 delendum
1473 4881 1718 4941 Lehrsio
1783 4874 1875 4964 (in
1934 4880 2088 4939 Ann.
2136 4880 2253 4940 litt.
2302 4880 2432 4939 Jen.
2486 4882 2655 4940 1879
2704 4901 2760 4957 p.
2804 4873 2959 4962 224)
3026 4885 3087 4939 et

465 4970 798 5050 Egenolffio
846 4964 903 5054 (1
944 4963 1101 5053 844)
1151 4971 1508 5031 auctoribus
