3738 5530
1466 393 1842 445 onssnssu
1875 394 1951 445 m
1988 379 2104 444 ἓξὲξ
2958 391 3073 455 171

387 615 438 657 1⁵
487 599 910 684 προκείμενον
955 599 1266 677 ἐπίρρημα
1321 596 1716 673 εὐθύνεςθαι,
1769 595 1825 659 εἰ
1881 596 2211 675 ἐλέγχοιτο
2267 597 2399 662 ἀπὸ
2452 600 2704 675 γενικῆς
2759 617 3075 675 περιςπω-

490 700 712 783 μένης,
768 702 806 783 ᾖ
863 701 1144 778 ὤφειλεν
1200 698 1472 764 ἕπεςθαι.
1559 699 1639 763 οὐ
1696 697 1772 775 δὴ
1830 696 1961 776 ἔχει
2005 701 2290 778 γενικήν·
2349 700 2386 778 ἡ
2444 700 2567 778 γὰρ
2622 698 3075 779 παρεκκειμένη

486 803 699 881 γενικὴ
743 806 920 867 τῶν.
967 837 1044 847 -
1093 802 1206 865 Καὶ
1246 799 1395 865 ἰ’ςως
1439 800 1756 878 ὑπολάβοι
1801 821 1912 877 τις,
1960 799 2057 865 ὅτι
2105 802 2250 864 «καὶ
2293 802 2369 866 τὸ
2414 803 2562 866 τώς
2606 800 2851 876 ἄλογὸν
2885 800 3072 881 ἐςτιν,
3169 811 3179 820 ’

490 902 651 981 ὅπερ
698 903 888 968 πάλιν
934 903 1053 982 χρὴ
1098 905 1409 981 περιςπᾶν
1426 926 1472 963 ».
1520 938 1604 949 —
1649 902 1802 966 ἀλλ’
1848 901 1939 966 ὡς
1983 899 2290 980 δεύτερόν
2336 903 2460 968 ἐςτι
2503 904 2579 968 τὸ
2622 903 2752 966 τώς
2795 904 2914 965 τοῦ
2963 899 3073 978 ὥς,

386 1024 438 1062 ιιο
488 1004 679 1069 παντί
719 1026 812 1088 τῳ
858 1008 1077 1082 δῆλον.
1153 1003 1232 1067 οὐ
1277 1005 1400 1082 γάρ
1442 1007 1554 1080 τῆς
1597 1006 1845 1080 γενικῆς
1892 1005 1967 1068 τὸ
2011 1009 2047 1086 {r‘
2091 1003 2258 1086 ἔχει,
2307 1009 2418 1080 τῆς
2464 1005 2534 1068 δὲ
2579 1003 3076 1069 ἀνταποδόςεως
3111 1020 3144 1066 z>

488 1111 605 1171 τοῦ
651 1106 862 1188 <ὥς>,
919 1107 973 1187 ᾧ
1033 1107 1209 1190 λόγῳ
1254 1106 1359 1169 καὶ
1399 1111 1491 1185 τῷ
1537 1105 1660 1170 ἕως
1702 1106 1777 1169 τὸ
1832 1104 1998 1168 τέως
2042 1106 2415 1182 παράκειται
2458 1106 2562 1169 καὶ
2618 1112 2709 1186 τῷ
2763 1104 2945 1181 ἡνίκα
2999 1104 3076 1167 τὸ

487 1208 737 1288 τηνίκα,
782 1214 874 1291 τῷ
919 1227 988 1272 τε
1033 1206 1212 1287 ὄφρα
1253 1208 1328 1270 τὸ
1372 1205 1603 1285 τόφρα.
1679 1205 1915 1284 μάρτυς
1960 1206 1997 1284 ἡ
2044 1210 2257 1286 χρῆςις
2302 1207 2425 1288 <ἡ>
2468 1208 2626 1284 παρ’
2669 1206 2937 1282 ιἜλληςι.
2966 1237 2972 1242 -
2998 1209 3071 1250 -“

490 1308 595 1374 Τίς
639 1308 760 1373 οὖν
806 1307 971 1374 αἰτία
1013 1313 1133 1373 τοῦ
1178 1307 1517 1385 ὀξυνθῆναι
1563 1307 1638 1370 τὸ
1683 1307 1803 1388 ὥς;
1850 1308 1925 1371 τό
1964 1307 2388 1386 προκείμενον
2419 1307 2619 1372 αὐτοῦ
2651 1307 2875 1386 μόριον
2907 1327 3075 1370 πτω-

388 1428 437 1468 2⁵
489 1413 665 1475 τικόν
721 1410 814 1476 ὅς.
901 1412 1196 1476 ἐντεῦθεν
1253 1410 1376 1489 γάρ
1433 1409 1598 1475 ἔςτιν
1654 1409 2016 1485 ἐπινοῆςαι,
2086 1409 2177 1474 ὡς
2233 1410 2392 1487 παρ’
2451 1409 2706 1473 εὐθεῖαν
2763 1408 3077 1488 παρήχθη,
3186 1413 3192 1418 “

488 1511 619 1587 εἴγε
674 1513 740 1576 αἱ
796 1513 909 1590 μὲν
965 1510 1153 1575 ἄλλαι
1209 1515 1339 1575 τῶν
1397 1510 1688 1587 πλαγίων
1746 1512 1903 1587 μετὰ
1957 1515 2073 1575 τοῦ
2117 1515 2154 1575 i·
2209 1511 2533 1585 λέγονται,
2591 1510 2654 1574 αἱ
2711 1511 2782 1575 δὲ
2839 1509 3079 1574 εὐθεῖαι
3121 1526 3181 1572 10

489 1614 675 1693 μόναι
731 1613 877 1693 δίχα
917 1616 1037 1677 τοῦ
1078 1616 1135 1677 ³?-
1210 1612 1284 1678 ὅς
1339 1613 1462 1690 γὰρ
1518 1612 1618 1676 καὶ
1671 1616 1788 1676 τοῦ
1832 1613 1935 1676 καὶ
1977 1618 2068 1697 τῷ
2113 1613 2214 1676 καὶ
2257 1614 2390 1678 τόν.
2467 1613 2636 1688 λέγω
2693 1615 2812 1676 νῦν
2867 1612 2945 1675 τὸ
3005 1610 3079 1675 ὅς

491 1718 801 1795 ςημαῑνον
848 1716 923 1779 τὸ
971 1713 1189 1791 οὗτος,
1237 1713 1327 1779 ὡς
1373 1714 1444 1778 ἐν
1487 1718 1579 1796 τῷ

1589 1815 1663 1879 ὅς
1710 1814 1791 1893 ῥα
1834 1815 2097 1893 μάλιςτα
2145 1815 2224 1902 (Λ
2278 1816 2438 1896 123).

387 1938 439 1978 ³0
494 1917 642 1983 οὔτε
686 1917 811 1996 γὰρ
855 1919 987 1983 ἀπὸ
1030 1922 1146 1982 τοῦ
1190 1916 1489 1996 ἀορίςτου
1535 1917 1795 2000 μορίου,
1853 1917 2004 1983 οὔτε
2056 1919 2187 1983 ἀπὸ
2232 1922 2343 1996 τῆς
2387 1918 2745 1996 ςυνάρθρου
2790 1917 3078 1982 ἀντωνυ-

489 2018 658 2099 μίας,
705 2019 853 2083 οὔτε
899 2019 1030 2084 ἀπὸ
1074 2024 1192 2084 τοῦ
1238 2020 1661 2084 ὑποτακτικοῦ
1705 2018 1983 2097 ἄρθρου·
2032 2021 2200 2095 λέγω
2249 2021 2318 2084 δὲ
2363 2019 2803 2099 ἀντωνυμικοῦ
2836 2023 2953 2083 τοῦ
2984 2019 3075 2081 ὅς.
3123 2033 3179 2078 ιῡ

488 2122 590 2186 διὸ
635 2122 738 2184 καὶ
778 2121 853 2185 τὸ
909 2120 1218 2201 ἐπίρρημα
1272 2124 1385 2198 τῆς
1437 2119 1692 2184 δείξεώς
1735 2140 1801 2183 τε
1859 2121 1959 2183 καὶ
2014 2120 2353 2200 ἀναφορᾶς
2410 2121 2537 2188 ἐςτι
2595 2120 3075 2198 παραςτατικόν.

356 2239 454 2291 583
488 2224 563 2287 τὸ
629 2226 792 2299 γοῦν
853 2221 1265 2303 ἑτερόζυγον,
1330 2222 1498 2297 λέγω
1563 2224 1638 2286 τὸ
1704 2221 2237 2303 ἐπεκτεταμένον,
2307 2222 2501 2287 πάλιν
2567 2222 2892 2303 μεμίμηται
2963 2223 3079 2300 τὴν

491 2324 745 2388 εὐθεῖαν
812 2328 1079 2388 πτῶςιν·
1146 2323 1340 2388 πάλιν
1402 2324 1526 2402 γὰρ
1589 2324 1664 2388 τὸ
1723 2322 1933 2388 οὕτως
1990 2324 2070 2387 οὐ
2126 2324 2302 2401 παρὰ
2366 2326 2622 2402 γενικὴν
2681 2323 2836 2388 οὐδὲ
2904 2323 3080 2401 παρὰ

491 2425 779 2506 δοτικήν,
845 2425 1049 2502 μόνην
1114 2427 1186 2489 δὲ
1251 2424 1506 2489 εὐθεῖαν
1569 2425 1689 2503 τὴν
1757 2424 1902 2502 δίχα
1957 2428 2074 2488 τοῦ
2127 2428 2163 2489 ἶ
2229 2425 2601 2505 λεγομένην.
2688 2424 3079 2505 ἀμφοτέροις

412 2551 438 2590 ⁵
495 2530 658 2602 γοῦν
703 2527 779 2589 τὸ
824 2525 1032 2590 πάθος
1076 2526 1349 2602 ςύνεςτι,
1394 2525 1716 2590 τουτέςτιν
1759 2526 1799 2603 ἡ
1845 2524 2142 2605 ἀποβολὴ
2186 2530 2304 2591 τοῦ
2348 2530 2409 2601 Ε,
2458 2525 2699 2608 οὕτω,
2745 2526 2844 2588 καὶ
3114 2539 3180 2587 ‘20

747 2625 801 2690 ὥ
846 2647 924 2691 τε
970 2629 1337 2706 χερνᾶτις
1382 2628 1573 2705 γυνή
1621 2626 1767 2709 (lyr.
1811 2648 1902 2709 gr.
1949 2625 2091 2690 111³
2135 2650 2197 2711 p.
2249 2627 2411 2691 1359
2457 2625 2729 2712 Bergk),

491 2728 752 2808 ςημαςία
793 2749 863 2795 τε
907 2730 947 2808 ἡ
992 2729 1173 2809 αὐτή.
1225 2765 1301 2775 —-
1358 2728 1534 2794 Ἀλλ’
1591 2728 1800 2794 ἐκεῖνό
1856 2748 1949 2793 τις
2004 2729 2220 2809 φήςει·
2280 2730 2483 2794 «κατὰ
2525 2728 2720 2794 τοῦτό
2774 2748 2848 2804 γε
2907 2748 3076 2807 ςεςη-

491 2832 850 2913 μειώςεται,
908 2832 1006 2896 ὅτι
1058 2833 1140 2911 μὴ
1186 2830 1318 2896 ἀπὸ
1363 2833 1613 2909 γενικῆς
1657 2829 2064 2910 ἐςχηματίςθη
2080 2858 2127 2894 ».
2178 2869 2256 2878 —-
2313 2832 2494 2910 Πρὸς
2549 2832 2627 2896 ὃν
2684 2831 2808 2896 ἔςτι
2853 2830 3076 2912 φάναι,

491 2933 589 2997 ὅτι
654 2933 756 2997 καὶ
820 2932 1007 2997 ἄλλαι
1073 2934 1446 3010 πάμπολλοι
1510 2932 1915 3009 παραγωγαί,
1992 2932 2124 2997 ἀπὸ
2192 2939 2466 3010 γενικῶν
2533 2932 3076 3013 ςχηματιζόμεναι,

394 3063 444 3101 ιο
494 3033 707 3112 ἔχουςί
761 3055 904 3098 τινα
957 3033 1599 3112 παρεκδεοραμηκὸτα
1642 3033 1817 3112 παρὰ
1868 3035 1983 3099 τὰς
2028 3034 2306 3099 εὐθείας·
2362 3035 2444 3100 τὰ
2501 3036 2754 3112 κτητικὰ
2805 3040 2938 3101 τῶν
2994 3032 3082 3097 εἰς
3117 3052 3182 3099 25

497 3142 606 3209 ι’ῑός
671 3137 1002 3214 ληγόντων
1071 3136 1245 3213 παρὰ
1321 3134 1576 3211 γενικὰς
1644 3133 2102 3213 ςχηματίζεται,
2176 3137 2573 3214 ποιμενικὸν,
2647 3136 3080 3201 Ἀτλαντικὸν·

498 3235 665 3301 ἀλλὰ
708 3237 784 3301 τὸ
829 3237 1107 3315 θηλυκόν
1151 3237 1313 3315 παρ’
1355 3235 1645 3317 εὐθεῖαν,
1690 3237 1767 3300 τὸ
1811 3229 2265 3317 πανηγυρικὸς.
2339 3238 2516 3316 παρὰ
2559 3238 2673 3315 τὴν
2718 3236 2961 3315 ἔρωτος
3005 3237 3079 3299 τὸ

629 3438 847 3490 Anava.
897 3445 930 3490 4
954 3436 1020 3490 Ei
1044 3439 1110 3490 ut
1133 3436 1487 3506 respondeat,
1521 3438 1637 3492 τώς
1663 3436 1863 3506 postea
1888 3435 2097 3490 factum
2123 3438 2226 3492 est.
2252 3466 2318 3477 -—
2362 3443 2393 3491 9
2416 3435 2721 3491 Derivatur
2744 3436 2919 3508 igitur
2943 3439 3021 3490 ὥς
3048 3452 3083 3489 a

497 3520 844 3575 nominativo
870 3521 1170 3591 singularis
1204 3524 1266 3577 ὸς
1291 3522 1461 3581 vocis,
1499 3537 1644 3590 quae
1678 3519 2083 3589 pronominalis
2118 3523 2205 3574 est
2237 3520 2501 3589 idemque
2528 3520 2679 3575 valet
2706 3521 2858 3590 quod
2881 3521 3073 3583 οὗτοςς

497 3633 563 3643 -
600 3610 663 3658 18
706 3604 779 3659 ab
815 3603 946 3671 hoo,
994 3606 1146 3674 quod
1182 3610 1269 3659 est
1302 3606 1495 3671 οὗτος,
1536 3605 1825 3659 derivatur
1869 3606 2073 3659 οὕτως.
2126 3636 2179 3643 -
2229 3612 2293 3659 22
2337 3605 2423 3659 Ne
2468 3605 2575 3659 hoc
2611 3605 2839 3673 quidem
2876 3605 3079 3657 mirum

498 3690 607 3753 est,
644 3691 723 3743 ὥς
759 3691 946 3744 οὕτως
984 3706 1020 3743 a
1051 3689 1440 3756 nominativis,
1477 3691 1669 3743 cetera
1701 3690 1761 3742 in
1798 3691 1878 3745 ιῑῖς
1915 3688 2182 3744 adverbia.
2215 3706 2250 3744 a
2283 3690 2560 3760 genetivis
2594 3688 2854 3743 derivari.

631 3857 861 3912 sz'rm.
941 3863 974 3912 8
1009 3857 1096 3916 Et.
1134 3857 1210 3912 M.
1251 3864 1374 3923 643,
1411 3865 1478 3914 34
1523 3860 1620 3927 (ex
1655 3858 1837 3927 Epim.
1879 3858 1965 3913 Cr.
2002 3865 2126 3923 307,
2162 3861 2217 3926 4)
2265 3858 2452 3913 εἰπεῖν
2499 3858 2599 3912 καὶ
2645 3853 2746 3912 τὸν
2782 3850 3077 3926 τεχνικὸν·

500 3936 587 3997 ’τὸ
630 3941 696 3997 δὲ
734 3933 809 4004 ὥς
846 3934 1144 4009 ὀξύνεται,
1192 3937 1322 3997 ἐπεὶ
1359 3936 1474 3997 ἀπὸ
1511 3942 1614 3998 τοῦ
1647 3933 1710 4005 ὅς
1745 3941 1977 4011 γέγονε,
2024 3943 2123 3997 καὶ
2169 3938 2241 3997 τὰ
2286 3934 2501 4011 ὅμοια’.
2573 3941 2709 3996 ibid.
2746 3947 2874 4007 820,
2910 3948 2974 3995 51
3011 3933 3080 3994 ὃν

500 4028 563 4081 δὲ
601 4023 815 4094 τρόπον
849 4021 914 4079 τὸ
950 4015 1012 4088 ὅς
1048 4022 1301 4082 &masth
1338 4024 1565 4095 ἐγένετο
1600 4024 1674 4088 ὡς
1711 4028 1835 4094 (ner.
1873 4019 1970 4095 ὥς)
2007 4027 2107 4081 καὶ
2144 4022 2209 4081 τὸ
2247 4016 2416 4088 οὗτος
2452 4017 2659 4093 οὕτως,
2701 4017 2847 4081 οὕτω
2883 4025 2981 4079 καὶ
3016 4020 3083 4078 τὸ

498 4102 598 4165 ὅδε
627 4101 756 4165 ὦδε.
787 4141 846 4150 -
878 4116 942 4166 18
967 4110 1048 4166 cf.
1075 4111 1162 4167 Et.
1190 4110 1332 4170 Gud.
1359 4118 1570 4177 443‚‘21.
1595 4141 1656 4151 -
1689 4118 1750 4165 21
1782 4110 1865 4166 Cf.
1892 4111 2076 4180 Apoll.
2105 4111 2174 4166 de
2198 4127 2358 4181 pron.
2381 4115 2629 4180 p.48‚28.
2657 4110 3078 4179 synt.156,22b.

631 4277 828 4337 Dtscn.
864 4299 1069 4337 sempr.
1132 4287 1180 4336 2.
1216 4281 1642 4348 προεκκειμένη,
1678 4283 1743 4333 ut
1774 4282 1861 4335 est
1891 4298 1945 4350 p.
1992 4287 2102 4343 170,
2139 4285 2231 4346 26,
2276 4294 2379 4349 pro
2422 4280 2828 4348 παρεκκειμένη
2864 4279 3085 4348 scripsit

499 4363 807 4428 GDronke,
843 4364 1221 4432 παρακειμένη
1260 4362 1484 4434 GUhlig
1522 4369 1531 4431 Ι
1570 4372 1617 4418 3.
1658 4367 1916 4434 υπολαβη
1956 4368 1998 4420 Α
2039 4366 2047 4432 Ι
2086 4365 2298 4429 ἄλογον
2335 4363 2398 4431 b,
2444 4367 2729 4430 αναλογον
2765 4366 2807 4419 Α
2857 4366 2867 4430 Ι
2914 4370 2962 4417 4.
3000 4362 3085 4421 ‘R

500 4450 657 4516 χρῆν’
695 4448 733 4501 b
767 4449 825 4502 in
861 4465 979 4503 var.
1014 4448 1144 4502 lect.
1199 4454 1207 4514 Ι
1262 4457 1306 4506 5.
1343 4448 1453 4506 τῶι
1490 4452 1530 4503 Α
1586 4452 1596 4518 1
1649 4451 1718 4503 οὐ
1754 4450 1887 4518 γάρ]
1925 4449 2021 4505 fol.
2064 4456 2158 4503 135
2182 4466 2234 4503 v,
2289 4450 2300 4514 Ι
2353 4449 2536 4513 ἔχεται
2582 4464 2684 4516 pro
2720 4449 2834 4515 ἔχει
2879 4448 3085 4501 conicit

498 4531 855 4588 RSchneider
891 4537 900 4599 Ι
938 4538 987 4586 6.
1027 4537 1105 4589 ὥς
1141 4533 1269 4586 add.
1304 4533 1341 4586 b
1380 4538 1391 4602 ι
1431 4540 1478 4586 7.
1516 4532 1718 4601 τηνίκα
1753 4533 1808 4597 b,
1847 4550 2056 4600 πηνικα
2094 4535 2136 4588 Α
2178 4540 2186 4597 Ι
2226 4548 2332 4587 τωι
2371 4534 2413 4586 Α
2451 4534 2460 4599 Ι
2499 4534 2534 4596 ἡ
2574 4532 2703 4585 add.
2742 4532 2778 4584 b
2817 4533 2829 4595 Ι
2882 4537 2959 4584 12.
3000 4529 3081 4587 ‘R

498 4619 567 4671 τὸ
612 4619 673 4672 ὅς
719 4618 870 4685 (τὸ)
915 4622 1208 4685 ςημαῖνον’
1252 4617 1289 4670 b
1334 4617 1392 4670 in
1439 4634 1551 4670 var.
1594 4618 1726 4671 lect.
1761 4621 1770 4684 Ι
1810 4624 1891 4673 21.
1929 4620 1976 4672 ὥ
2010 4634 2074 4671 τε
2109 4616 2488 4680 RSohneider,
2526 4618 2641 4670 ὥτε
2676 4615 2714 4670 b
2748 4614 3081 4675 HLAhrenS.

500 4700 612 4755 ὧτε
649 4700 951 4770 ThBergk,
986 4719 1080 4756 οτε
1119 4705 1162 4756 Α
1221 4705 1231 4764 Ι
1288 4707 1539 4771 χερνᾶτις
1577 4702 1640 4769 b,
1679 4718 1952 4771 χερνατης
1990 4704 2032 4757 Α
2099 4704 2108 4769 Ι
2172 4708 2254 4754 22.
2289 4703 2453 4769 φήςει
2490 4701 2554 4766 b,
2594 4717 2728 4769 φηςι
2763 4701 2805 4754 Α
2852 4702 2859 4768 Ι
2905 4701 3083 4754 τοῦτό

498 4800 562 4848 γε
608 4782 1083 4851 GFSchoemann,
1129 4791 1234 4840 τοῦ
1279 4802 1344 4853 γε
1380 4786 1472 4841 Ab
1520 4789 1530 4856 Ι
1578 4792 1798 4841 2-2-23.
1831 4802 2194 4855 ςημειωςεται
2220 4790 2262 4842 Α
2304 4791 2312 4854 Ι
2361 4793 2444 4841 25.
2478 4786 3028 4853 παρεκδραμηκοταΑ
3073 4788 3079 4851 Ι

499 4872 580 4927 26.
617 4886 968 4938 ποιμαινικον
1005 4872 1047 4925 Α
