3738 5530
628 353 754 417 206
1528 351 1727 421 [ΠΕΡΙ
1767 352 2338 421 ΕΠῙΡΡΗΜΔΤΩΝ]

1651 475 1695 513 1».
1724 463 1815 514 820,
1841 463 1895 505 25
1922 485 1970 494 —
1997 465 2086 514 623,
2114 466 2137 504 1
2165 465 2195 504 b

627 557 822 636 αὐτῆς
865 559 1105 624 τὰςεως
1151 558 1489 637 ςυνούςης,
1543 564 1799 639 γραφῆς
1843 580 1914 625 τε
1957 563 2070 637 τῆς
2116 559 2221 624 διὰ
2261 564 2379 625 τοῦ
2420 545 2494 640 θ,
2551 558 2605 623 εἰ
2662 560 2871 639 ςυνείη
2928 562 3089 625 κατὰ
3141 562 3216 626 τὸ

625 660 831 725 πλέον
875 662 978 725 καὶ
1021 661 1060 739 ἡ
1105 662 1209 725 διὰ
1251 664 1368 726 τοῦ
1414 663 1452 724 ὃ
1506 661 1726 742 γραφὴ
1772 662 2283 742 παρεδρεύουςα·
2340 661 2397 726 εἰ
2451 663 2523 726 δὲ
2575 662 2658 741 μή
2713 681 2786 738 γε
2841 663 2881 742 ἡ
2938 665 3045 728 διὰ
3098 666 3217 728 τοῦ

629 766 704 826 ὄέ
757 764 976 843 γραφὴ
1033 763 1376 844 ἐγγίνεται,
1436 763 1526 828 ὡς
1583 764 1712 843 ἔχει
1755 764 1835 828 τὰ
1888 767 2184 844 τοιαῦτα,
2244 763 2363 828 οὐκ
2420 763 2491 829 ἐν
2545 771 2710 847 μονῇ
2767 767 2881 844 μὲν
2933 770 3050 830 τοῦ
3092 754 3216 848 <θ>

629 865 854 942 Ἀθήνη
900 866 1243 944 Ἀθήνηθεν
1287 864 1638 948 Ἀθήνηςιν,
1684 865 1859 944 Θήβη
1906 863 2194 946 Θήβηθεν
2241 866 2498 947 Θήβηςι,
2545 866 2855 932 ςυνόντος
2899 869 2971 931 δὲ
3015 872 3132 933 τοῦ
3177 870 3215 932 ὃ
3268 881 3319 921 ³0

558 983 590 1031 5
626 966 983 1045 οὐρανόθεν
1029 964 1357 1047 οὐρανόθι,
1405 966 1751 1046 Ἀβυδόθεν
1796 967 2103 1047 Ἀβυδόθι,
2151 966 2405 1032 οἴκοθεν
2453 967 2674 1033 οἴκοθι.
2725 1004 2823 1066 -Ι
2858 970 3215 1047 πρόςκειται

626 1068 699 1132 δέ
754 1066 912 1132 κατὰ
964 1067 1040 1131 τὸ
1095 1068 1300 1133 πλέον
1355 1067 1460 1132 διὰ
1517 1069 1594 1132 τὸ
1651 1071 1858 1133 κεῖθεν
1913 1069 2017 1134 καὶ
2072 1071 2261 1149 κεῖθι,
2329 1069 2492 1149 ὅπερ
2547 1067 2698 1135 ἷςως
2760 1075 2878 1135 τοῦ
2946 1071 3215 1137 ἐκεινόθι

626 1170 889 1235 δύναται
933 1171 1217 1249 ςυγκοπὴ
1263 1167 1460 1235 εἶναι·
1520 1169 1688 1234 ἀλλὰ
1731 1170 1831 1234 καὶ
1876 1171 2070 1235 πάλιν
2123 1170 2228 1234 διὰ
2271 1172 2347 1235 τὸ
2393 1171 2659 1247 ἐγγύθεν
2705 1172 2804 1236 καὶ
2848 1172 3082 1249 ἐγγύθι.
3134 1210 3208 1218 —-
3251 1185 3342 1233 621

622 1273 727 1335 καὶ
757 1273 956 1352 ςαφές
987 1270 1084 1335 ὅτι
1125 1271 1404 1336 δεόντως
1437 1271 1510 1336 ἐν
1553 1274 1690 1338 τοῖς
1734 1270 2055 1337 πλείςτοις
2098 1272 2137 1350 ἡ
2182 1273 2445 1353 τοιαύτη
2487 1274 2729 1349 γίνεται
2773 1272 3215 1353 ἀπαράδεκτος

485 1443 486 1446 ¹
620 1374 875 1457 γραφή,
923 1373 1112 1448 λέγω·
1136 1375 1252 1452 τὴν

524 1492 588 1541 10
877 1474 1185 1554 οὐρανόθι
1229 1475 1358 1554 πρό
1404 1473 1475 1560 (Γ
1518 1474 1622 1558 3)·

623 1576 703 1640 οὐ
745 1577 870 1655 γὰρ
915 1579 1057 1643 νῦν·
1077 1578 1197 1657 τήν
1242 1577 1312 1641 ἐν
1357 1577 1540 1661 τόπῳ
1587 1576 1791 1655 ςχέςιν
1837 1577 1877 1643 ὁ
1922 1578 2117 1655 λόγος
2162 1578 2441 1657 ἀπαιτεῖ,
2500 1578 2668 1644 ἀλλὰ
2716 1579 2833 1657 τήν
2878 1579 2948 1645 ἐν
2993 1588 3211 1664 γενικῇ

623 1677 933 1761 ςύνταξιν,
978 1678 1108 1758 πρὸ
1155 1679 1462 1757 οὐρανοῦ,
1510 1677 1642 1754 εἴγε
1686 1678 1805 1744 οὐκ
1849 1678 1921 1744 ἐν
1968 1679 2231 1762 οὐρανῷ
2274 1680 2313 1758 ἡ
2358 1685 2577 1759 πτῆςις
2621 1680 2717 1759 ἦν.
2792 1682 3038 1765 <χρ>ῆν
3090 1680 3209 1747 οὖν
3262 1703 3288 1743 5

623 1780 986 1875 οὐρανόφιν
1030 1781 1070 1859 ἢ
1117 1780 1498 1860 οὐρανόθεν,
1546 1781 1625 1846 οὐ
1669 1782 1862 1846 τοῦτό
1909 1802 2031 1861 μου
2076 1780 2633 1865 ἀποφαινομένου,
2687 1782 2777 1848 ὡς
2813 1784 2899 1848 τὰ
2945 1786 3049 1849 διὰ
3092 1787 3209 1852 τοῦ

622 1889 734 1947 θεν
780 1882 1185 1963 ἐκφερόμενα
1227 1885 1343 1961 τὴν
1387 1883 1458 1948 ἐκ
1499 1884 1709 1949 τόπου
1755 1884 1960 1963 ςχέςιν
2007 1885 2308 1965 ςημαίνει,
2355 1885 2394 1962 ἣ
2441 1884 2510 1949 ἐν
2555 1890 2772 1968 γενικῇ
2804 1885 2973 1950 θέλει
3004 1906 3207 1965 παρα-

525 2001 586 2048 15
623 1984 1078 2065 λαμβάνεςθαι,
1135 1985 1175 2064 ἢ
1220 1986 1503 2051 καθόλου
1546 1985 1647 2051 ὅτι
1688 1986 1856 2051 ἐςτὶν
1905 1985 1975 2051 ἐν
2018 1992 2094 2069 τῇ
2140 1986 2425 2050 ςυντάξει
2469 1986 2809 2066 ἐπίρρημα·
2872 1987 3210 2052 δεδείξεται

619 2085 744 2164 γὰρ
801 2086 969 2168 (μὴ)
1021 2088 1138 2165 τὴν
1194 2087 1271 2167 ἐκ,
1317 2088 1527 2153 τόπου
1586 2088 1806 2185 ςχέςιν.
1848 2090 2124 2170 δηλοῦν,
2183 2089 2260 2152 τὸ
2320 2088 2477 2169 <δέ>
2533 2087 2692 2152 αὐτὸ
2745 2090 2882 2153 τοῖς
2940 2088 3069 2180 ἀφ’
3114 2088 3209 2155 ὧν
3263 2112 3313 2150 10

620 2188 1045 2266 ἐςχηματίςθη.
1103 2223 1178 2234 --
1247 2189 1341 2254 Τά
1399 2209 1474 2265 γε
1538 2191 1661 2269 μὴν
1719 2188 1808 2254 εἰς
1864 2192 1940 2268 (ῑι
2008 2188 2291 2267 λήγοντα
2343 2189 2504 2253 αὐτὸ
2559 2190 2763 2268 μόνον
2819 2194 3212 2270 παραγωγῆς

619 2288 815 2354 δόξαν
861 2289 1044 2369 ἔςχεν
1090 2290 1593 2369 ἐπιρρηματικῆς,
1639 2289 1720 2357 οὐ
1766 2292 1889 2370 μὴν
1934 2290 2098 2355 ἐςτὶν
2144 2291 2540 2370 ἐπιρρήματα
2567 2296 2643 2374 τῇ
2675 2290 2882 2375 φύςει,
2925 2293 3209 2378 καθάπερ

617 2391 1003 2457 τούναντίον
1058 2391 1344 2470 ὀνόματα
1388 2393 1696 2458 πολλάκις
1738 2397 1815 2474 τῇ
1871 2391 2056 2471 φύςει
2113 2390 2275 2459 ὄντα
2287 2441 2306 2475 ,
2369 2393 2658 2458 ςύνταξιν
2716 2392 3209 2473 ἐπιρρηματικὴν

400 2546 424 2564 ,,
515 2507 584 2558 20
621 2491 1097 2576 ἀναδεξάμενα,
1143 2494 1392 2570 λέγεται
1439 2494 1847 2574 ἐπιρρήματα.
1926 2493 2056 2572 ἔχει
2101 2495 2172 2560 δέ
2215 2497 2295 2559 τὰ
2337 2498 2457 2559 τοῦ
2500 2496 2702 2571 λόγου
2749 2493 2974 2560 οὕτως.
3041 2498 3210 2559 πᾶςα
3263 2517 3311 2556 15

616 2596 970 2674 παραγωγὴ
1038 2594 1516 2675 ἐπιρρηματική,
1585 2597 1854 2674 τοπικὴν
1923 2596 2129 2675 εχέςιν
2192 2595 2661 2677 ἀναδεξαμένη,
2725 2601 2835 2679 μιᾷ
2898 2597 3209 2662 ὑπακούει

614 2696 850 2761 πτώςει
907 2696 1067 2760 κατὰ
1118 2698 1235 2777 τὴν
1294 2697 1611 2782 διάλυςιν,
1669 2696 1877 2764 οἴκοθι
1934 2698 2005 2763 ἐν
2052 2695 2240 2782 οἴκῳ,
2302 2695 2559 2763 οἴκοθεν
2606 2698 2671 2763 ἐξ
2715 2697 2929 2775 οἴκου,
2987 2697 3206 2763 οἴκαδε

616 2795 704 2863 εἰς
748 2797 951 2863 οἶκον.
1026 2799 1147 2878 χρὴ
1195 2798 1316 2865 οὖν
1361 2800 1463 2864 καὶ
1520 2801 1600 2865 τὰ
1644 2800 1939 2881 παρόντα
1991 2805 2110 2866 τοῦ
2168 2798 2370 2875 λόγου
2414 2800 2685 2878 ἔχεςθαι.
2734 2837 2808 2846 -
2866 2802 3083 2879 γενικὴ
3135 2802 3207 2865 δέ

616 2900 741 2965 ἐςτι
785 2899 862 2964 τὸ
908 2901 1297 2980 παςςαλόφι,
1344 2902 1446 2966 καὶ
1488 2904 1705 2981 δοτικὴ

513 3014 579 3062 2⁶
869 3000 959 3064 ὡ(
1004 3002 1256 3083 φρήτρη
1302 3003 1672 3083 φρήτρηφιν
1721 3001 1797 3086 (Β
1841 3001 2033 3098 363),
3258 3024 3308 3065 ²0

611 3103 651 3182 ἢ
698 3103 1001 3182 αἰτιατική
1018 3149 1036 3183 ,
1084 3102 1177 3170 ὡς

1273 3205 1379 3271 ἐπὶ
1421 3207 1707 3288 δεξιόφιν
1753 3205 1834 3288 (Ν
1883 3204 2055 3289 308).

612 3308 714 3371 καὶ
759 3304 812 3371 εἰ
864 3309 1091 3386 τοῦτο,
1148 3308 1482 3387 δοθήςεται
1537 3307 1628 3373 ὡς
1671 3309 1747 3374 τὸ
1805 3307 2349 3388 ἀναπεμπόμενον
2404 3307 2477 3373 ἐν
2521 3308 2828 3374 πτώςεςιν
2885 3308 3204 3388 ὀνόματος

612 3409 858 3488 μᾶλλον
915 3407 1207 3476 ςύνταξιν
1261 3407 1632 3477 ἀναδέξεται
1689 3409 1853 3489 ἤπερ
1910 3408 2364 3489 ἐπιρρήματος,
2434 3407 2593 3474 ὥςτε
2647 3411 2751 3474 καὶ
2805 3411 3200 3487 κλινομένων
3255 3433 3306 3472 25

510 3520 575 3570 30
609 3517 741 3576 τῶν
785 3510 1094 3575 πτώςεων
1138 3512 1255 3590 τὴν
1298 3512 1695 3592 παραγωγὴν
1750 3511 2044 3587 γίνεςθαι.
2119 3509 2280 3589 ὅπερ
2326 3510 2445 3575 οὐκ
2498 3509 2665 3576 ἴδιον
2722 3510 3201 3591 ἐπιρρημάτων·

611 3613 767 3678 οὐδὲ
830 3611 956 3690 γὰρ
1011 3611 1087 3675 τὸ
1142 3613 1394 3678 τοιόςδε
1450 3614 1555 3678 καὶ
1608 3613 1904 3694 τοςόςδε,
1970 3613 2045 3677 τὸ
2099 3615 2218 3677 τοῦ
2275 3611 2701 3693 ἐπιρρήματος
2766 3611 3203 3692 ἀναδεξάμενα

610 3715 770 3779 κατὰ
813 3714 889 3777 τὸ
935 3711 1142 3791 τέλος,
1188 3713 1583 3795 ἐπιρρήματα
1627 3714 2011 3793 ἐκαλέςαμεν
2057 3713 2161 3778 διὰ
2204 3714 2279 3778 τὸ
2327 3716 2725 3794 ςυνημμένον
2756 3718 2867 3793 τῆς
2897 3716 3204 3780 πτώςεως

607 3817 713 3881 καὶ
756 3815 862 3880 διὰ
903 3815 978 3878 τὸ
1024 3815 1186 3880 αὐτὸ
1230 3816 1652 3899 δηλούμενον.
1702 3853 1778 3862 -
1826 3814 1957 3880 ἔςτι
2000 3816 2071 3881 δέ
2115 3815 2218 3879 καὶ
2259 3815 2329 3880 ἐκ
2373 3817 2781 3895 παραθέςεως
2823 3821 3200 3896 προθετικῆς
3253 3840 3305 3880 3ο

746 4000 962 4057 Aaou.
1041 4007 1103 4055 10
1150 4000 1278 4056 Iure
1324 4002 1591 4070 οὐρανόθι
1635 4001 1746 4069 πρό
1792 4000 2051 4055 reiciunt.
2097 4030 2160 4040 —
2207 4005 2271 4055 17
2316 3999 2472 4065 Quae
2516 4017 2621 4070 per
2653 4005 2719 4067 iffi
2755 4000 3015 4055 suffixum
3051 4001 3204 4055 facta

608 4087 756 4155 sunt,
793 4086 1059 4141 videntur
1089 4084 1190 4139 ina
1224 4085 1455 4156 quidem
1492 4084 1761 4140 adverbia
1794 4100 1937 4151 esse,
1973 4084 2071 4140 sed
2105 4101 2219 4139 non
2253 4084 2411 4152 sunt3
2435 4113 2503 4127 —
2539 4091 2605 4140 23
2638 4102 2773 4140 nam
2797 4086 2897 4139 aut
2929 4083 3199 4154 genetivi,

606 4172 708 4225 auk
743 4170 939 4237 dativi,
975 4202 1043 4213 -
1076 4174 1144 4224 26
1178 4172 1280 4226 aut
1312 4169 1618 4226 accusativi
1650 4169 1766 4224 vim
1800 4168 2029 4226 habent.

743 4340 931 4395 Dmon.
966 4357 1164 4395 soum.
1216 4346 1261 4397 1.
1300 4357 1524 4408 ςυνειην
1559 4341 1603 4395 Α
1650 4341 1660 4407 Ι
1712 4344 1761 4396 3.
1799 4325 1846 4394 θ’
1869 4338 1998 4398 add.
2032 4339 2069 4392 b
2109 4340 2119 4405 Ι
2165 4344 2214 4393 4.
2252 4340 2464 4408 Ἀθήνη
2501 4340 2567 4405 b,
2602 4344 2788 4408 αθηνα
2822 4340 2866 4394 Α
2898 4340 2908 4405 Ι
2942 4344 3021 4393 12.
3059 4344 3202 4407 χρῆν

608 4425 670 4493 b,
706 4443 778 4493 ην
802 4426 846 4480 Α
878 4429 889 4494 1
922 4431 1001 4484 16.
1027 4428 1101 4493 μὴ
1126 4423 1365 4480 inseruit
1388 4423 1873 4490 GFSchoemannl
1910 4425 2146 4491 δηλοῦν,
2183 4426 2254 4479 τὸ
2287 4425 2348 4478 δὲ
2373 4422 2845 4489 GFSchoemann,
2882 4425 3095 4491 δηλοῦν
3129 4423 3201 4477 τὸ

608 4510 732 4579 Ab,
784 4512 998 4579 δηλοῦν
1041 4511 1112 4564 τό
1158 4510 1307 4580 <τε>
1353 4508 1708 4564 OSchneider
1772 4510 1781 4575 Ι
1857 4512 1940 4561 18.
1996 4509 2433 4577 ἐπιρρηματικῆς
2489 4509 2553 4574 b,
2609 4524 3049 4577 επιρρηματικην
3094 4510 3138 4564 Α
3190 4509 3198 4577 Ι

604 4600 688 4649 21.
736 4594 1033 4665 ὑπακούει]
1081 4594 1177 4653 fol.
1228 4600 1322 4650 182
1348 4612 1399 4652 v,
1448 4596 1459 4662 Ι
1506 4599 1589 4647 23.
1640 4594 1898 4660 παρόντα
1942 4592 2005 4653 b,
2051 4592 2202 4647 idem
2248 4594 2520 4662 seriptum
2566 4593 2689 4647 erat
2730 4592 2804 4647 ab
2851 4595 2935 4659 A',
2989 4593 3087 4647 sed
3132 4595 3202 4648 At

605 4677 846 4734 mutavit
879 4697 912 4734 ο
939 4680 997 4733 in
1023 4697 1075 4745 α,
1115 4677 1290 4733 erasit
1323 4696 1356 4730 ν
1393 4679 1452 4732 et
1485 4693 1657 4746 supra
1688 4676 1788 4735 lin.
1827 4676 2052 4745 scripsit
2085 4679 2299 4745 δειγμα,
2335 4678 2402 4730 ut
2434 4693 2584 4730 nunc
2629 4677 2704 4731 sit
2737 4679 3162 4744 παραδειγματα
3189 4677 3196 4743 Ι

604 4769 839 4822 29—30.
876 4763 1100 4833 GUhlig
1142 4778 1246 4833 pro
1292 4761 1378 4816 his
1423 4765 1514 4817 καὶ
1560 4763 1914 4828 κλινομένων
1955 4766 2077 4815 τῶν
2120 4762 2401 4816 πτώςεων
2452 4762 2715 4830 proponit
2769 4766 2871 4818 aut
2912 4760 3054 4815 haee
3108 4762 3201 4815 καὶ

604 4849 923 4916 τιθεμένων
956 4853 1079 4903 τῶν
1113 4849 1466 4917 προθέςεων,
1503 4848 1604 4900 aut
1638 4845 1740 4901 ina
1773 4849 1864 4901 ml
1902 4849 2308 4914 προτιθέμενον
2342 4852 2463 4901 τῶν
2502 4847 2781 4901 πτώςεων
