3738 5530
2654 29 2799 37 -----—
2820 29 3365 46 -·-—-·-——-——-—·-——-—-—.—*,

632 399 758 465 256
1581 408 1761 460 ΠΕΡΙ
1798 408 2274 460 mmmmm.

1657 529 1716 570 ¹p.
1745 517 1836 565 524,
1864 517 1891 556 6
1917 538 1965 545 -
1993 518 2083 566 526,
2109 518 2134 557 5
2160 517 2191 556 b

631 604 886 688 τάνδρί,
945 605 997 671 εἰ
1055 608 1136 686 μὴ
1180 610 1256 673 τὸ
1302 608 1425 672 ἀπ’
1469 608 1670 675 αὑτοῦ
1715 609 2128 689 ἀναφορικῶς
2169 612 2866 695 παραλαμβανόμενον,
2921 613 3093 690 λέγω
3146 616 3224 678 τὸ

635 706 729 770 ὅτι
775 708 844 784 ᾔ,
890 709 1056 786 πρὸς
1097 710 1361 775 πάντων
1409 713 1768 791 ςυμφώνως
1814 712 2185 791 ἀνεγνώςθη
2231 713 2302 777 ἑν
2347 713 2521 796 ὀξείᾳ
2562 715 2732 779 τάςει
2776 720 2891 781 τοῦ
2938 720 2992 780 ὃ.
3062 715 3225 795 ὅπερ

634 807 752 873 οὐκ
802 809 881 875 ἂν
928 810 1308 891 παρείπετο,
1355 812 1409 877 εἰ
1453 814 1525 879 ἓν
1571 814 1764 893 μέρος
1810 813 2011 890 λόγου
2056 812 2134 892 ἦν
2180 816 2256 879 τὸ
2300 816 2356 879 τί
2400 815 2456 893 ἤ.
3279 835 3328 874 10

894 912 1005 976 Καὶ
1047 912 1191 992 περὶ
1235 913 1484 979 ἐκείνου
1530 917 1602 981 δὲ
1648 916 2069 995 διαληπτέον,
2110 916 2171 979 εἰ
2216 916 2286 980 ἐν
2330 923 2421 1000 τῷ

568 1030 598 1076 5
1243 1015 1281 1093 ἦ
1328 1018 1405 1094 δὴ
1451 1018 1703 1081 πολλὸν
1752 1016 2194 1096 ἀποιχομένου
2241 1017 2634 1100 <Ὀδυςῆ>ος
2684 1021 2751 1100 (α
2794 1019 2948 1106 253)

632 1116 768 1179 τοῖς
812 1135 881 1179 τε
925 1119 1388 1197 παραπληςίοις
1434 1118 1840 1196 πλεοναςμός
1903 1118 2028 1182 ἑςτι
2072 1123 2189 1183 τοῦ
2234 1121 2304 1198 ἦ,
2359 1122 2570 1186 καθώς
2612 1141 2768 1186 τιςιν
2814 1120 3069 1199 ἔδοξεν,
3129 1122 3224 1187 οἷς

633 1216 734 1279 καὶ
777 1216 1122 1294 παρείπετο
1180 1218 1256 1283 τὸ
1315 1219 1627 1295 ἐγκλίνειν
1682 1221 1798 1298 τὴν
1843 1221 2194 1300 ςυλλαβήν,
2254 1222 2307 1304 ᾧ
2365 1222 2543 1306 λόγῳ
2599 1224 2703 1288 καὶ
2758 1222 2796 1286 6
2855 1223 2970 1303 μέν
3018 1224 3087 1289 ἐν
3133 1231 3224 1308 τῷ
3278 1243 3325 1283 15

631 1318 791 1395 ἠμέν
836 1319 1198 1384 πλεονάςας
1241 1328 1334 1404 τῷ
1379 1325 1449 1403 ἦ,
1495 1322 1602 1386 καὶ
1645 1320 1682 1384 6
1727 1322 1798 1385 δέ
1845 1322 1916 1386 ἐν
1961 1328 2052 1403 τῷ
2096 1320 2211 1400 ἠδέ
2256 1325 2360 1388 καὶ
2404 1325 2496 1389 ἔτι
2540 1324 2666 1406 ἰδέ,
2750 1389 2762 1402 ,

1336 1422 1428 1487 ἰδὲ
1473 1424 1660 1503 φρεςὶ
1704 1423 2150 1507 πευκαλίμῃςιν
2198 1425 2278 1505 (Ξ
2330 1425 2491 1506 165).

535 1538 592 1586 10
631 1521 836 1585 Ἔςτιν
883 1521 1117 1605 εἰπεῖν,
1175 1523 1263 1589 ὡς
1318 1524 1423 1589 ἐπὶ
1465 1530 1597 1592 τῶν
1642 1526 2086 1604 προκειμένων
2134 1527 2497 1605 ςυνδέςμων
2551 1527 2589 1606 ἡ
2651 1530 2867 1608 γραφὴ
2924 1533 3041 1594 τοῦ
3086 1532 3127 1608 ἦ
3182 1529 3220 1607 ἢ

631 1628 747 1688 τοῦ
794 1625 814 1688 ἰ
860 1623 980 1703 οὐχ
1024 1624 1384 1706 ὑπηγόρευε
1431 1629 1838 1705 ςυνδεςμικὴν
1885 1628 2054 1692 θέςιν
2097 1629 2535 1707 παράλληλον.
2610 1628 2760 1694 οὔτε
2813 1630 2937 1710 γάρ
2981 1652 3139 1696 ποτε
3185 1631 3222 1695 6
3275 1650 3326 1689 20

631 1726 670 1804 ἤ
733 1725 1075 1805 ςὺνδεςμος
1130 1729 1606 1808 ςυμπλεκτικός,
1676 1727 1825 1793 οὔτε
1893 1729 1968 1792 τὸ
2035 1731 2071 1793 ἰ.
2171 1728 2358 1794 ἔνθεν
2427 1729 2545 1794 οὖν
2611 1733 2947 1812 ςυλλαβαί,
3013 1732 3114 1796 καὶ
3169 1733 3224 1796 εἰ

633 1828 965 1912 ςυλλαβαί,
1033 1832 1443 1909 πλεοναςμοί.
1531 1831 1778 1912 ἔφαμεν
1845 1831 1918 1894 δὲ
1974 1831 2076 1895 καὶ
2141 1830 2213 1895 ἐν
2266 1838 2358 1915 τῷ
2418 1834 2564 1912 περὶ
2628 1831 2875 1911 αὐτῶν,
2947 1835 3037 1899 ὡς
3102 1833 3223 1898 οὐκ

632 1928 872 2004 ἄλογος
919 1929 1177 2007 ἐγένετο
1223 1931 1260 1995 6
1307 1933 1722 2012 πλεοναςμός.
1797 1933 1899 1996 ἐπὶ
1945 1933 2161 2012 μέντοι
2205 1938 2323 1998 τοῦ

533 2047 597 2095 15
1050 2045 1056 2050 ·
1189 2032 1227 2111 ἦ
1274 2036 1350 2112 δὴ
1397 2036 1647 2101 πολλὸν
1693 2033 2137 2114 ἀποιχομένου
2184 2033 2491 2113 Ὀδυςῆος
2536 2038 2606 2118 (α
2649 2035 2803 2121 253)

631 2131 883 2210 ὑπήντα
946 2134 1046 2197 καὶ
1111 2136 1328 2215 γραφὴ
1396 2138 1763 2216 ςυνδεςμικὴ
1826 2141 1944 2200 τοῦ
2010 2141 2679 2216 παραπληρωματικοῦ
2737 2138 2840 2201 καὶ
2896 2135 3222 2214 ἀνάλογος
3274 2157 3323 2196 25

631 2235 824 2320 θέςις,
869 2234 959 2298 ὡς
1003 2235 1058 2300 εἰ
1102 2237 1202 2301 καὶ
1247 2238 1394 2301 κατ’
1438 2238 1601 2303 ἰδίαν
1646 2238 1906 2316 ἐλέγετο

885 2336 924 2416 ἦ
971 2337 1141 2417 μάλα
1186 2340 1261 2418 δὴ
1307 2339 1607 2420 τέθνηκεν
1653 2339 1726 2425 (C
1775 2339 1901 2422 12).

632 2436 798 2503 ἀλλὰ
842 2441 965 2517 μ’ὴν
1011 2441 1086 2505 τὸ
1132 2441 1499 2520 ἐπάλληλον
1546 2441 1774 2520 ὅμοιον
1820 2443 2199 2521 καθεςτηκὸς
2246 2442 2399 2524 <ἑν>
2444 2448 2537 2525 τῷ

527 2555 594 2604 20
885 2541 1026 2619 ἤτοι
1073 2544 1185 2623 μὲν
1235 2542 1573 2609 Μενέλαος
1620 2545 1688 2625 (Γ
1731 2543 1921 2628 213),

629 2640 753 2706 ὅτι
797 2644 945 2721 γὰρ
990 2646 1515 2729 παρεγένετο,
3272 2664 3324 2703 ³0

881 2744 983 2809 καί
1025 2767 1093 2811 τε
1139 2747 1659 2827 χαλιφρονέοντα
1704 2749 1781 2827 (ψ
1833 2746 1957 2833 13).

801 2848 970 2912 Οὐδὲ
1014 2849 1230 2930 ἐκεῖνο,
1270 2852 1341 2913 δὲ
1387 2849 1579 2931 ὑγιές,
1625 2849 1840 2914 καθότι
1886 2851 2053 2914 τινες
2098 2849 2292 2914 πάλιν
2339 2848 2684 2928 ὑπέλαβον,
2733 2849 2848 2914 ἕνα
2892 2849 3058 2915 εἶναι
3101 2850 3217 2914 τὸν

634 2951 711 3028 δή
757 2952 859 3014 καὶ
904 2951 1018 3016 τὸν
1065 2951 1134 3034 ἤ,
1196 2949 1284 3013 ὡς
1331 2950 1385 3015 εἰ
1428 2951 1528 3015 καὶ
1571 2953 1646 3014 τὸ
1703 2951 1811 3031 μία
1865 2949 2331 3030 ἀφαιρεθέντος
2386 2954 2504 3015 τοῦ
2549 2955 2590 3029 μ
2635 2951 2705 3016 ἐν
2748 2957 2840 3034 τῷ
2896 2948 2963 3015 ἴα
2977 3000 2995 3035 ,
3050 2951 3088 3028 ἢ
3145 2951 3221 3045 τὸ
3258 2973 3356 3022 525

533 3066 597 3113 25
635 3054 787 3127 γαῖα
831 3052 902 3116 ἐν
946 3059 1038 3134 τῷ
1084 3051 1210 3117 αἶα.
1260 3089 1332 3098 -
1383 3059 1645 3131 πρῶτον
1691 3055 1750 3118 τί
1781 3051 1945 3136 <οὐ>
1989 3056 2236 3133 μᾶλλον
2283 3052 2319 3116 ὁ
2366 3053 2526 3134 <δ>ή
2571 3052 2972 3117 πεπλεόνακε
3011 3059 3101 3137 τῷ
3147 3057 3218 3135 63

629 3188 711 3198 -—-
757 3151 908 3216 ἀλλ’
961 3152 1112 3218 ἴςως
1165 3174 1257 3219 τις
1313 3155 1530 3235 φήςειε
1591 3158 1791 3219 ταῦτα
1852 3156 1957 3219 καὶ
2000 3153 2381 3220 πλεονάζειν
2439 3154 2541 3218 καὶ
2599 3154 2839 3219 λείπειν
2884 3155 3217 3235 ςὺμφωνα,

631 3255 801 3319 ὅπου
846 3256 918 3331 γέ
965 3275 1178 3336 φαμεν
1222 3256 1337 3335 τὴν
1384 3256 1576 3321 ἰωκάς
1623 3256 1856 3322 διωκάς
1902 3255 2089 3338 εἶναι,
2136 3256 2239 3319 καὶ
2265 3257 2383 3334 τὴν
2413 3253 2692 3334 ἄχερδον
2724 3254 2963 3334 ἄχερον
2997 3254 3216 3333 οὖςαν,

631 3358 734 3421 καὶ
787 3359 963 3435 παρὰ
1016 3357 1090 3421 τὸ
1151 3356 1247 3421 ὕω
1316 3357 1508 3436 ὕδωρ.
1584 3359 1683 3422 καὶ
1739 3358 1927 3423 ἕνεκα
1979 3358 2218 3422 τούτου
2276 3356 2427 3421 οὔτε
2484 3356 2521 3420 6
2589 3357 2667 3435 δή
2725 3356 2877 3422 οὔτε
2934 3356 2972 3420 6
3027 3358 3086 3436 ἤ.
3139 3392 3214 3402 -
3271 3386 3296 3425 5

632 3458 842 3523 ἐκεῖνό
884 3478 953 3522 τε
999 3459 1393 3537 ςαφέςτατόν
1441 3461 1627 3543 ἐςτιν,
1674 3459 1763 3524 ὡς
1806 3462 1885 3524 τὰ
1929 3459 2358 3541 ἀφαιρεθέντα
2406 3460 2760 3539 ςυμφώνου
2805 3460 2842 3537 ἢ
2888 3459 2989 3523 καὶ
3023 3478 3218 3538 προς-

530 3570 594 3618 30
630 3560 914 3641 λαβόντα
959 3550 1308 3640 ς’ύμφωνον
1354 3561 1563 3627 τύπου
1621 3563 1700 3640 μὴ
1747 3561 2182 3640 ἀντικειμένου
2230 3561 2515 3639 ὁμότονά
2559 3561 2740 3626 ἐςτιν.
2816 3559 2965 3625 οὔτε
3012 3559 3133 3625 οὖν
3180 3559 3230 3649 6⁴

629 3662 705 3738 δή
750 3660 788 3740 ἦ
835 3662 1124 3739 ἐγένετο,
1184 3662 1331 3727 οὔτε
1378 3665 1538 3728 κατὰ
1592 3663 1926 3743 πρόςθεςιν
1979 3667 2095 3726 τοῦ
2150 3649 2190 3727 δ
2236 3662 2273 3726 6
2329 3662 2366 3741 ἦ
2426 3663 2536 3740 δή,
2593 3664 2750 3727 καθὸ
2798 3661 2835 3725 6
2882 3663 2996 3742 μὲν
3042 3681 3217 3740 περι-

766 3833 976 3884 Anava.
1036 3837 1069 3883 4
1091 3832 1162 3884 Ἠ
1203 3832 1272 3897 δή
1310 3830 1455 3886 duae
1492 3831 1622 3884 sunt
1658 3829 1998 3899 expleffivae,
2036 3830 2134 3897 ἠδέ
2175 3830 2253 3884 ἰδέ
2287 3830 2503 3884 habent
2537 3836 2571 3896 ῆ
2611 3832 2669 3884 et
2703 3831 2724 3883 ῑ
2760 3806 3007 3897 syllabae
3043 3829 3216 3881 abun-

629 3913 846 3968 dantes.
896 3945 955 3953 —
1004 3920 1069 3968 23
1115 3915 1313 3984 Neque
1350 3916 1456 3970 hoe
1491 3933 1686 3970 verum
1723 3917 1832 3979 est,
1879 3916 1947 3981 δή
1988 3915 2047 3968 et
2080 3916 2115 3980 ἦ
2153 3930 2322 3968 unam
2360 3929 2553 3968 vocem
2591 3931 2737 3980 esse3
2782 3930 2915 3968 nam
2962 3913 3081 3966 eius
3117 3929 3212 3982 ge-

628 3999 777 4052 neris
824 4015 988 4053 voces
1032 3999 1233 4053 eodem
1279 4003 1515 4055 accentu
1560 4001 1644 4070 uti
1689 4000 1887 4055 solent.
1943 4028 2011 4038 —
2062 4006 2128 4054 30
2173 3999 2373 4068 Neque
2427 4001 2495 4067 δή
2543 4015 2611 4052 ex
2656 4000 2691 4065 ἦ
2739 4014 2923 4066 neque
2968 3999 3003 4064 ἦ
3044 4013 3111 4052 ex
3146 3998 3215 4063 δή

627 4083 839 4137 factum
876 4085 975 4137 est.

763 4235 989 4295 Taena.
1061 4243 1125 4290 27
1173 4236 1356 4291 Schol.
1402 4237 1475 4291 ad
1521 4241 1548 4293 ξ
1603 4244 1678 4292 10.
1748 4236 1837 4291 Et.
1887 4237 1961 4291 M.
2013 4243 2125 4303 107,
2164 4242 2230 4290 54
2262 4224 2345 4290 ’τὸ
2395 4237 2518 4306 χείρ
2565 4231 2780 4305 χειρός,
2835 4227 3064 4305 ἅχερος,
3118 4235 3216 4289 καὶ

628 4313 889 4390 ἅχερδος.
962 4320 1078 4377 ἔστι
1118 4320 1182 4376 δὲ
1223 4319 1379 4385 εἶδος
1416 4321 1665 4392 βοτάνης
1706 4318 2109 4385 ἀκανθώδους.
2184 4321 2336 4374 Euat.
2379 4324 2499 4387 106,
2537 4326 2618 4379 27,

764 4472 953 4527 Βιεοιι.
993 4492 1194 4529 scauvr.
1265 4481 1313 4531 2.
1352 4477 1543 4531 ὍΤΙΗ
1585 4474 1676 4528 vel
1711 4477 1797 4529 ὅτι
1834 4477 1868 4541 ἢ
1906 4473 2155 4540 KLehrS‚
2204 4474 2330 4542 ὁτιή
2369 4473 2404 4526 b
2469 4474 2479 4540 Ι
2542 4474 2598 4528 τί
2632 4475 2668 4540 ἦ
2705 4471 2957 4538 KLehrS,
3000 4473 3093 4539 τιή
3129 4471 3166 4524 b
3207 4473 3214 4539 Ι

627 4566 659 4613 5
665 4600 885 4616 .....
923 4560 1003 4627 ος]
1041 4558 1137 4614 fol.
1179 4566 1273 4615 113
1296 4577 1339 4612 r.
1395 4559 1404 4625 Ι
1443 4559 1706 4613 lacunam
1744 4557 1892 4627 expl.
1930 4559 1966 4612 b
2013 4564 2022 4626 j
2070 4564 2118 4612 8.
2155 4564 2239 4626 τῷ
2280 4558 2345 4625 b,
2379 4574 2447 4612 το
2487 4559 2529 4612 Α
2578 4558 2586 4624 Ι
2646 4559 2707 4612 δέ
2746 4557 2780 4610 b
2804 4557 2876 4629 ‘in
2914 4573 3030 4610 var.
3066 4555 3216 4620 leet„

627 4646 689 4698 δὲ
723 4643 797 4698 id.
835 4645 894 4697 in
930 4643 1091 4697 textu
1157 4646 1166 4710 Ι
1217 4651 1312 4702 -19,
1360 4646 1430 4699 τὸ
1468 4646 1511 4698 Α
1562 4645 1621 4697 et
1655 4644 1691 4696 b
1727 4643 1785 4696 in
1821 4645 2009 4709 textu,
2054 4642 2231 4711 <καὶ>
2266 4644 2335 4696 τὸ
2374 4643 2410 4696 b
2446 4642 2504 4696 in
2539 4658 2656 4697 var.
2693 4642 2822 4695 lect.
2887 4644 2897 4707 Ι
2959 4641 3098 4710 (ev)
3133 4645 3219 4720 τίς]

629 4728 833 4782 conicit
866 4727 1226 4782 RSchneider
1270 4731 1280 4794 Ι
1326 4735 1407 4783 ⁶25.
1446 4731 1513 4783 οὐ
1550 4728 1677 4783 add.
1717 4726 2077 4782 ChALobeck
2108 4728 2117 4796 Ι
2159 4730 2190 4781 ὁ
2226 4730 2295 4795 δή
2331 4725 2718 4793 RSchneider,
2757 4728 2789 4780 6
2827 4728 2861 4792 ἤ
2901 4725 2994 4780 Ab
3024 4727 3034 4793 Ι
3065 4730 3149 4791 τῷ
3187 4727 3220 4777 δ

631 4812 693 4875 b,
730 4829 797 4867 το
833 4816 864 4867 δ
901 4815 944 4867 Α
986 4816 995 4881 Ι
1036 4820 1122 4871 27.
1160 4813 1514 4868 scribendum
1550 4830 1670 4868 esse
1707 4816 1814 4880 τὴν
1852 4813 2055 4880 ἄχερον
2092 4812 2263 4871 οὖςαν
2299 4813 2537 4879 ἄχερδον
2575 4811 2781 4866 conicit
2815 4807 3173 4864 RSohneider
3208 4811 3217 4877 Ι

628 4902 711 4950 29.
749 4900 1056 4965 ςυμφώνου
1095 4901 1156 4967 b,
1194 4915 1483 4967 ςυμφωνω
1520 4901 1563 4953 Α
