3738 5530
741 302 870 368 156
943 301 1390 357 Commentarius
1416 301 1645 356 criticus
1673 304 1734 356 et
1758 302 2081 373 exegeticus
2108 302 2167 356 in
2196 301 2484 372 Apollonii
2512 302 2741 372 Dyscoli
2770 302 2982 373 scripta
3006 302 3240 358 minora.

919 473 1067 548 134,
1089 474 1169 532 23
1219 465 1709 550 περιγράφεται]
1759 471 1835 531 ad
1882 471 2013 532 adv.
2057 474 2203 548 121,
2228 475 2326 533 19.

918 563 1064 638 134,
1088 564 1168 621 25
1226 562 1299 621 de
1355 565 1601 621 accentu
1656 555 1825 624 ἅπαξ
1880 564 2042 622 vocis
2097 562 2169 621 cf.
2217 562 2355 622 Her.
2402 562 2434 621 Ι
2482 563 2752 636 51Ο,12.
2826 562 2890 621 11
2938 564 3086 638 931,
3108 564 3221 637 2ος
3278 562 3351 623 de

738 648 918 726 πέριξ
963 652 996 709 1
1042 653 1191 726 510,
1211 652 1267 710 s.
1340 650 1403 709 11
1451 652 1719 725 951‚14.

913 741 1009 800 De
1049 742 1398 816 formatione
1431 743 1614 815 iyibur
1648 743 1734 799 sic
1768 742 2141 801 stamendwm
2188 745 2282 800 est.
2356 738 2453 800 Ab
2499 735 2794 803 ἀεκάζω
2839 743 3009 802 verbo
3050 743 3352 802 derivatur

737 825 1066 901 ἀεκαετί,
1113 832 1282 890 medus
1318 833 1603 898 accentus,
1649 827 1684 888 ‘c'
1723 832 1898 889 eiecta
1935 835 1986 889 et
2019 828 2064 890 ’ἁ
2100 833 2287 890 ionico
2330 848 2488 889 more
2530 833 2597 889 in
2632 828 2675 906 ἦ
2711 836 2954 901 mutata,
3000 833 3121 907 leye
3167 836 3350 892 retra—

732 920 910 988 hitur,
955 924 1029 980 ut
1071 922 1134 979 in
1182 915 1489 994 ἐργαετή(
1535 914 1824 994 ἐργάτης.
1898 918 2169 995 Apparet
2210 923 2390 994 ἐρίων
2435 914 2693 993 ἀέκητι
2737 922 2905 981 modo
2942 922 3352 982 adverbiorum

735 1010 1063 1070 derivatum
1108 1026 1229 1069 esse
1279 1009 1425 1083 134,
1447 1008 1773 1083 28—135‚
1793 1011 1895 1069 20.
1971 1009 2057 1068 cf.
2096 1012 2245 1069 coni.
2288 1011 2904 1086 232‚22-234‚12.

915 1098 1062 1174 135,
1086 1102 1118 1158 1
1170 1097 1539 1158 GFSchoem.
1576 1097 1639 1156 Π
1687 1100 1724 1158 9
1766 1124 1851 1146 =
1891 1117 2086 1175 opusc.
2126 1098 2213 1157 IV
2264 1099 2406 1158 252.

918 1189 1230 1265 135‚3sq.
1278 1188 1349 1247 cf.
1390 1187 1521 1246 adv.
1566 1188 1712 1262 138,
1734 1190 1845 1262 243
1905 1190 2052 1247 oona.
2095 1189 2374 1263 233‚27;
2433 1191 2586 1265 synt.
2628 1190 2910 1264 343‚1s;
2968 1189 3085 1248 ΕΜ
3127 1191 3347 1264 19‚32.

737 1279 1006 1354 2oo,10.
1048 1279 1274 1353 essa.
1318 1278 1597 1352 714‚33;
1643 1277 1782 1336 Her.
1810 1277 1875 1336 11
1905 1279 2051 1353 300,
2077 1280 2173 1337 14.
2217 1279 2453 1353 581‚9;
2498 1278 2841 1355 Lob.pr011.
2874 1280 3001 1338 382
3042 1283 3104 1338 et
3139 1279 3347 1357 pann.

735 1369 884 1444 431,
906 1369 1008 1426 48.
1048 1368 1177 1427 438
1216 1367 1603 1443 Apollonium
1638 1368 1899 1444 imparia
1935 1386 2307 1444 comparasse
2342 1371 2569 1427 moneta
2614 1365 2961 1443 δεεποετήε
2995 1369 3350 1429 inusitatum

733 1476 876 1533 esse,
924 1452 1231 1531 ἐργαετή(
1266 1456 1385 1517 dici
1422 1456 1681 1532 quidem,
1716 1458 1819 1516 sed
1858 1457 1980 1517 alio
2017 1457 2342 1517 intellectu.
2380 1489 2468 1498 —
2506 1457 2786 1536 Egenolff
2808 1458 2840 1517 Ι
2874 1459 3001 1518 843
3042 1460 3105 1518 et
3145 1459 3288 1533 135,
3308 1459 3348 1518 3

733 1550 796 1606 et
835 1547 982 1622 138,
1004 1548 1086 1606 23
1126 1542 1546 1620 ἐνδεήεαντοε
1582 1545 1700 1607 τοῦ
1737 1544 1772 1606 ἱ
1807 1549 2117 1623 proponitr,
2162 1546 2266 1607 sed
2303 1565 2542 1606 causam
2587 1546 2860 1606 mutandi
2894 1547 3070 1608 video
3105 1548 3351 1622 nullam,
3473 1565 3483 1574 ·

734 1654 868 1696 cum
915 1636 1021 1695 alii
1060 1655 1292 1712 quoque
1330 1636 1646 1712 scriptores
1684 1635 1890 1696 dicant
1926 1632 2136 1697 ἐνδεῖν
2172 1652 2345 1697 τινος
2382 1631 2628 1696 ‘carere'
2665 1638 2762 1697 vel
2811 1632 3102 1715 ‘indigere
3149 1638 3352 1714 aliqua

733 1719 819 1785 re’
857 1746 912 1784 v.
940 1725 1052 1784 lex.
1127 1724 1354 1787 Eodem
1399 1744 1575 1785 sensu
1619 1724 1733 1803 Ap.
1780 1726 1954 1801 ponit
2000 1721 2210 1786 ἐνδεῖν
2256 1741 2393 1797 τινι,
2440 1728 2510 1786 ut
2554 1725 2685 1786 adv.
2720 1727 2866 1802 155,
2888 1728 2969 1786 15
3018 1723 3095 1787 τὸ
3142 1721 3351 1786 πυκνά

734 1811 1041 1889 ἐνδεῆεαν
1078 1816 1170 1895 τῷ
1207 1812 1263 1887 ν,
1301 1814 1539 1891 saepius
1577 1810 1649 1874 ἐν
1687 1810 1903 1894 ἐνδείᾳ
1940 1808 2100 1875 εἶναι
2138 1834 2185 1876 c.
2224 1834 2355 1893 gen.
2385 1816 2480 1874 vel
2519 1811 2733 1877 ἔνδειά
2770 1812 2896 1876 ἐετι
2933 1835 2980 1875 c.
3018 1835 3171 1894 gen„
3214 1816 3350 1875 adv.

737 1907 884 1979 152,
908 1907 987 1964 17
1036 1899 1251 1965 ἔνδειά
1297 1900 1422 1965 ἐετι
1467 1904 1587 1964 τοῦ
1631 1897 1682 1966 Ξ.
1750 1904 1882 1963 adv.
1917 1905 2120 1978 161,2
2171 1900 2385 1965 ἔνδεια
2429 1903 2547 1965 τοῦ
2591 1902 2627 1963 ἒ
2674 1901 2745 1966 ἐν
2784 1901 3213 1981 ἐπιρρήμαειν.
3278 1902 3351 1966 ἐν

733 1989 950 2073 ἐνδείᾳ
995 1987 1174 2054 εἶναιμ
1203 1993 1321 2054 τοῦ
1367 1985 1406 2055 ὃ
1452 1995 1531 2054 ib.
1570 1995 1717 2068 153,
1739 1995 1805 2065 6;
1852 1993 2049 2055 τοῦτο
2096 1989 2202 2070 (τὸ
2249 1988 2530 2072 ἀεκαετί)
2578 1989 2649 2053 ἐν
2697 1990 2911 2073 ἐνδείᾳ
2956 1994 3074 2056 τοῦ
3120 1993 3156 2055 Ε
3201 1996 3350 2055 coni.

736 2084 884 2158 233,
906 2086 1018 2157 27;
1055 2086 1116 2143 et
1144 2078 1353 2143 ἐνδεῖν
1381 2079 1555 2143 τινό(
1583 2099 1705 2143 τινι
1742 2077 2107 2143 ‘inferiorem
2145 2102 2271 2143 esse
2309 2085 2510 2159 aliquo
2547 2084 2752 2160 aliqua
2787 2079 2876 2143 re'
2908 2086 3063 2161 synt.
3098 2085 3244 2159 257,
3266 2086 3349 2143 23

734 2169 814 2232 τὰ
852 2167 941 2234 εἰ(
980 2169 1052 2232 θέ
1091 2169 1376 2248 λήγοντα
1413 2172 1522 2251 μιᾷ
1559 2168 1731 2232 ἐνδεῖ
1768 2171 2047 2251 ευλλαβῇ
2086 2172 2218 2233 τῶν
2267 2167 2355 2233 εἰ(
2391 2165 2476 2233 &Et
2514 2170 2868 2247 ληγόντων.
2940 2193 3108 2250 pron.
3141 2174 3244 2250 98,
3265 2175 3347 2233 23

732 2257 798 2322 αἱ
844 2257 1006 2322 κατὰ
1051 2258 1128 2322 τὸ
1174 2258 1392 2337 τρίτον
1439 2262 1548 2340 μιᾷ
1594 2261 1874 2341 ευλλαβῇ
1922 2258 2207 2324 ἐνδέουει
2252 2262 2386 2323 τῶν
2432 2258 2594 2322 κατὰ
2638 2260 2714 2323 τὸ
2761 2260 3085 2338 δεύτερον.

915 2352 1122 2426 135,4
1171 2353 1242 2411 cf.
1281 2351 1465 2411 Lehrs
1509 2343 1724 2411 Arist?
1772 2353 1950 2412 255¹·.

913 2442 1061 2516 135,
1082 2442 1120 2500 8
1161 2437 1371 2502 οὐκέτι
1408 2436 1638 2515 ὅμοιον
1677 2437 1927 2513 ἐγίνετο
1964 2440 2101 2502 τοῖς
2137 2437 2605 2520 προκειμένοις]
2644 2434 2787 2501 ‘non
2827 2442 2949 2500 iam
2986 2441 3355 2520 congruebat

732 2550 867 2591 cum
910 2531 1118 2591 formis
1167 2532 1373 2607 quales
1428 2534 1609 2590 antea
1653 2533 1825 2590 erant
1885 2551 2067 2607 quam
2110 2532 2365 2590 mutatio
2412 2532 2573 2590 facta
2618 2524 2731 2590 est'
2778 2532 2849 2590 cf.
2897 2531 2937 2591 1.
2980 2533 3058 2591 11
3110 2535 3171 2592 et
3214 2531 3349 2591 adv.

737 2623 885 2695 171,
905 2621 943 2680 8
974 2617 1050 2680 τὸ
1079 2616 1504 2695 προκείμενον
1535 2616 1734 2681 αὐτοῦ
1765 2612 1918 2702 (scil.
1949 2619 2067 2680 τοῦ
2096 2611 2214 2700 ὥς)
2244 2616 2470 2695 μόριον
2498 2617 2818 2680 πτωτικὸν
2846 2615 2936 2681 ὅε.
2974 2621 3055 2680 ib.
3078 2622 3224 2697 168,
3248 2624 3348 2681 29.

730 2710 997 2771 Eandem
1050 2709 1250 2770 induit
1300 2711 1604 2770 notionem
1659 2706 2157 2786 προεκκείμενον
2211 2709 2288 2768 ib.
2342 2711 2487 2784 170,
2508 2710 2609 2769 26.
2702 2709 2799 2770 Ita
2852 2710 3042 2790 igitur
3085 2711 3243 2771 inter
3287 2730 3350 2771 se

730 2801 1015 2860 differunt
1066 2797 1143 2860 τὸ
1201 2796 1623 2876 προκείμενον
1679 2804 1740 2860 et
1793 2797 1872 2860 τὸ
1927 2794 2422 2874 παρακείμενον;
2482 2799 2585 2859 ubi
2642 2797 3066 2875 προκείμενον
3114 2801 3352 2876 dicitur,

730 2890 815 2949 ibi
859 2889 1181 2949 tenendum
1235 2892 1326 2950 est·
1380 2890 1632 2949 alteram
1677 2892 2067 2968 cognatarum
2112 2890 2439 2949 formarum
2483 2890 2743 2966 priorem
2789 2908 2915 2950 esse
2972 2890 3188 2950 altera:
3246 2890 3352 2950 ubi

730 2975 1224 3055 παρακείμενον,
1285 2979 1371 3037 ibi
1423 2980 1577 3038 nihil
1630 2979 1932 3039 indicatur
1983 2979 2102 3040 nisi
2156 2997 2282 3039 esse
2338 2977 2600 3039 eiusdem
2655 2980 2860 3056 stirpis
2919 2981 3158 3040 formas.
3259 2980 3354 3040 De

730 3070 941 3129 ceteris
988 3065 1322 3144 πρόκειμαι
1367 3068 1711 3129 notionibus
1746 3090 1804 3128 v.
1840 3069 1961 3127 ind.

912 3158 1060 3234 135,
1083 3160 1164 3218 10
1210 3159 1282 3217 cf.
1310 3155 1420 3218 AO
1448 3158 1537 3216 IV
1582 3159 1729 3234 350,
1751 3160 1852 3219 30.

913 3248 1059 3322 135,
1080 3250 1159 3307 11
1211 3245 1343 3308 πᾶν
1381 3247 1585 3324 εχῆμα
1620 3279 1709 3291 -
1751 3249 1831 3307 13
1873 3241 2320 3326 ἀναδέξαεθαι]
2360 3241 2576 3307 ‘omnis
2612 3248 2807 3308 forma
2841 3249 3003 3308 vocis
3042 3249 3352 3309 cuiusdam

731 3356 883 3414 quae
916 3336 1225 3397 affectione
1253 3337 1558 3397 dissimilis
1590 3338 1753 3397 facta
1785 3340 1878 3397 est
1902 3338 2090 3413 priori
2116 3336 2363 3412 formae,
2398 3339 2608 3396 tonum
2640 3338 2859 3414 accipit
2888 3356 3094 3397 earum
3120 3357 3352 3413 vocum,

732 3446 984 3503 quarum
1039 3430 1101 3487 et
1154 3428 1497 3505 analogiam
1549 3429 1688 3503 post
1741 3427 1965 3487 factam
2012 3426 2384 3487 affectionem
2428 3427 2700 3502 sequitur
2753 3429 2814 3486 et
2867 3430 3175 3487 accentum
3218 3428 3351 3505 pati

729 3509 953 3592 potest’
990 3517 1106 3592 vel,
1150 3521 1219 3575 ut
1255 3516 1689 3595 Wackernagel
1732 3517 1898 3593 path.
1934 3518 2013 3575 15
2061 3516 2271 3576 vertit:
2319 3508 2585 3598 (tonum)
2633 3510 2761 3592 ‘qui
2796 3516 3151 3593 respondere
3186 3519 3355 3576 valet

730 3607 787 3665 ei
825 3606 1136 3684 analogiae
1172 3625 1355 3682 quam
1392 3605 1625 3666 affectio
1662 3607 1795 3666 voci
1829 3600 2193 3666 inculcavit'.
2261 3604 2347 3665 Cf.
2379 3605 2510 3665 adv.
2545 3607 2812 3680 138,15.
2855 3608 3000 3682 140,
3026 3610 3078 3666 1.
3123 3609 3269 3682 144,
3289 3608 3349 3666 8.

735 3696 882 3769 169,
905 3695 985 3754 15
1017 3696 1092 3754 al.

912 3785 1059 3859 135,
1080 3787 1162 3844 12
1223 3783 1455 3863 Uhligii
1513 3784 1913 3845 coniecturam
1972 3784 2211 3863 probari
2270 3803 2390 3844 non
2448 3803 2622 3861 posse
2682 3805 2752 3844 ex
2811 3786 2897 3844 eis
2956 3805 3112 3862 quae
3169 3805 3353 3863 supra

731 3874 974 3951 exposui
1019 3877 1284 3951 apparelz.

914 3964 1342 4038 135,14-19
1390 3964 1463 4022 cf.
1500 3962 1641 4023 Her.
1669 3963 1700 4022 I
1741 3965 1841 4040 72,
1867 3965 1947 4023 13
1969 3983 2095 4042 sqq.
2148 3965 2459 4040 78,7sqq.
2552 3964 2642 4024 De
2688 3965 2898 4023 formis
2943 3966 3069 4025 eius
3117 3964 3351 4043 generis

730 4053 1063 4130 disputavit
1105 4052 1248 4114 Lob.
1285 4053 1496 4130 pan-an.
1532 4052 1596 4111 11
1641 4053 1967 4113 447—51.

915 4143 1163 4217 135,18
1214 4137 1380 4204 ἅπαξ
1429 4136 1510 4203 ἄν
1557 4137 1850 4204 ‘simulac’
1899 4143 1971 4203 cf.
2012 4142 2142 4202 adv.
2187 4145 2334 4219 129,
2355 4145 2441 4204 20
2487 4139 2626 4205 ἐπεὶ
2672 4137 2857 4206 ἅπαξ.

908 4233 1261 4292 Emendum
1305 4236 1498 4292 autem
1543 4236 1626 4293 est
1667 4233 1948 4308 quomodo
1995 4226 2200 4305 ἕκητι
2243 4237 2435 4293 ortum
2477 4236 2568 4293 sit.
2657 4232 2858 4308 Specie
2903 4228 3108 4307 ἕκητι
3153 4234 3354 4307 forma

720 4324 894 4397 prior
941 4325 1038 4391 est,
1085 4323 1227 4396 quia
1270 4324 1562 4397 simplicia
1596 4323 1925 4397 compositis
1957 4322 2173 4394 priora
2205 4327 2514 4396 pvdantur.
2587 4321 2703 4382 Sed
2739 4324 3128 4382 dmonstravi
3160 4326 3355 4397 potest

720 4412 1019 4486 permulta
1075 4412 1367 4486 simplicia
1424 4430 1493 4471 ex
1551 4413 1878 4487 compositis
1931 4414 2062 4469 orta
2121 4429 2241 4471 csse
2294 4404 2358 4493 (i.
2407 4432 2454 4471 e.
2514 4414 2814 4488 permulta
2872 4430 2998 4472 esse
3057 4412 3355 4472 vocabula

732 4519 884 4578 quae
928 4500 1208 4560 videntur
1249 4501 1359 4560 illa
1396 4501 1635 4577 quidem
1680 4498 1981 4577 simplicia
2017 4500 2113 4559 vel
2157 4500 2466 4578 primilziva
2507 4520 2652 4581 esse,
2696 4501 2799 4561 sed
2844 4504 2986 4561 sunt
3019 4493 3318 4582 derivata)
3333 4522 3353 4561 :

731 4591 886 4650 velut
929 4589 1195 4665 φρονῶ
1249 4608 1368 4650 non
1411 4594 1569 4649 recta
1614 4608 1654 4649 a
1700 4586 1906 4664 φρήν
1952 4606 2109 4657 voce,
2165 4591 2269 4650 sed
2321 4593 2397 4651 ab
2445 4585 2678 4666 ἄφρων
2725 4586 3043 4666 ἀφρονῶ
3097 4592 3351 4652 ducitur.

729 4678 791 4738 A
837 4679 1024 4754 εεβῶ
1080 4679 1371 4740 descendit
1425 4674 1765 4753 εὐεεβήε;
1820 4681 2016 4751 itaque
2069 4684 2514 4740 consentaneum
2571 4685 2653 4739 est
2707 4699 2736 4740 e
2781 4676 3172 4754 ψεύδομαι
3215 4683 3353 4755 pri·

730 4787 893 4828 mum
926 4772 1118 4828 ortwm
1155 4786 1275 4828 esse
1319 4762 1686 4841 ἀψευδής,
1735 4768 1943 4827 deinde
1980 4785 2046 4827 ex
2080 4770 2185 4829 hoc
2225 4765 2519 4843 ψευδής
2564 4771 2940 4831 dec-urtam».
3020 4770 3183 4845 Quae
3216 4788 3355 4829 ovam

729 4860 815 4917 ita
868 4859 1010 4923 sint,
1072 4862 1320 4931 apparet
1371 4861 1439 4916 ut
1490 4850 1785 4917 ἀεκάζω
1839 4858 2077 4917 verbum
2128 4862 2215 4919 ita
2275 4854 2580 4919 ἀεκαετί
2622 4850 2995 4933 'primitivum
3050 4863 3102 4918 et
3156 4878 3224 4919 ea:
3279 4876 3352 4918 eo

734 4942 939 5020 ἕκητι
983 4948 1206 5020 factum
1252 4963 1374 5005 esse
1423 4946 2035 5027 135,21-137,19.
2116 4948 2203 5010 Cf.
2244 4949 2391 5008 coni.
2434 4950 2582 5025 233,
2603 4950 2835 5008 3-13,
