3738 5530
1471 375 1844 428 ADVERBIA
1878 376 1957 427 IN
1989 363 2110 431 §i
2950 371 3071 436 169

483 577 798 644 ἀνωτάτω
855 579 959 643 καὶ
1014 580 1402 646 τὰ-τούτοις
1460 579 1652 659 ὅμοια
1707 578 1972 656 ἐγίνετο.
2048 579 2173 644 ἔςτι
2226 597 2299 654 γε
2356 581 2479 660 μὴν
2536 578 2667 643 ἀπὸ
2728 577 3070 658 ὀνομάτων

485 686 891 762 ςυγκριτικῶν
936 682 1379 760 ἐπιρρηματική
1414 682 1740 759 κατάληξις
1771 680 2280 759 ςυνεμπίπτουςα
2326 732 2338 746 .
2385 681 2486 744 ἐπὶ
2529 671 2642 759 μ”εν
2675 679 2794 745 οὖν
2828 680 3070 757 ςυγκρί-

485 804 642 850 ςεως
686 784 875 865 ἑνικῷ
921 782 1277 866 οὐδετέρῳ,
1322 783 1426 849 ἐπὶ
1469 785 1540 848 δὲ
1586 782 1983 861 ὑπερθέςεως
2025 786 2427 867 πληθυντικῷ
2473 781 2826 866 οὐδετέρῳ·
2875 781 3070 859 ταχύς

383 899 433 938 10
483 885 867 966 ταχύτερον,
923 885 1089 950 ἀλλὰ
1143 886 1246 950 καὶ
1299 884 1609 964 ἐπίρρημα
1662 884 2043 963 ταχύτερον·
2100 885 2199 950 καὶ
2253 884 2679 962 πληθυντικὸν
2730 882 3070 962 ταχύτατα,

485 987 653 1051 ἀλλὰ
694 987 798 1051 καὶ
841 985 1238 1070 <ἐπίρρημα>
1280 985 1616 1066 ταχύτατα.
1677 985 1889 1050 οὕτως
1934 986 2062 1064 ἔχει
2108 988 2212 1050 καὶ
2252 987 2329 1051 τὸ
2360 987 2654 1051 κάλλιςτα
2684 987 2787 1050 καὶ
2831 985 3069 1062 ἥδιςτα.
3109 1003 3142 1050 5

485 1088 611 1152 ἔςτι
668 1088 782 1166 μὲν
840 1087 960 1152 οὖν
1014 1088 1190 1167 παρὰ
1244 1089 1359 1167 μὲν
1415 1087 1624 1166 ὄνομα
1677 1089 1753 1153 τὸ
1810 1088 2151 1167 ἐγγύτερος
2206 1087 2520 1166 ἐπίρρημά
2569 1109 2628 1151 τι
2683 1086 3071 1163 ςυγκριτικόν

486 1189 872 1280 ὀνοματικὸν
914 1191 990 1254 τὸ
1045 1189 1420 1268 ἐγγύτερον,
1478 1188 1558 1253 οὖ
1614 1190 2031 1269 ὑπερθετικόν
2078 1189 2154 1253 τὸ
2213 1188 2558 1264 ἐγγύτατα·
2618 1189 2720 1252 καὶ
2763 1188 2853 1252 ἔτι
2899 1186 3073 1264 παρὰ

386 1303 434 1342 1⁵
487 1291 563 1356 τὸ
608 1290 932 1370 ἀνώτερος
989 1291 1300 1369 ἐπίρρημά
1342 1312 1400 1354 τι
1443 1292 1518 1354 τὸ
1576 1289 1939 1369 ἀνώτερον,
1996 1289 2076 1354 οὗ
2133 1289 2547 1368 ὐπερθετικὸν
2607 1290 2681 1354 τὸ
2742 1288 3071 1353 ἀνώτατα·

488 1393 579 1457 ὡς
632 1393 849 1472 μέντοι
891 1392 1244 1473 πρόκειται,
1301 1392 1475 1471 παρὰ
1529 1394 1604 1458 τὸ
1663 1391 1970 1472 ἀνωτέρω
2026 1391 2614 1470 ὁμοιοκατάληκτον
2671 1393 2949 1454 πεςεῑται
2997 1389 3072 1452 τὸ

488 1492 835 1576 ἀνωτάτω,
885 1492 1043 1558 ὥςτε
1090 1494 1418 1574 διαφέρειν
1463 1495 1539 1560 τό
1585 1493 1896 1559 ἀνωτάτω
1940 1498 2058 1559 τοῦ
2102 1494 2432 1576 ἀνώτατα,
2475 1493 2514 1576 ᾖ
2560 1493 2636 1556 τὸ
2681 1493 2794 1569 μὲν
2832 1490 3057 1568 ὀνομα-
3111 1507 3175 1556 ιο

486 1594 662 1660 τικόν
707 1596 872 1660 ἐςτιν
919 1595 1259 1678 ἐπίρρημα,
1303 1595 1379 1659 τὸ
1426 1597 1496 1660 δὲ
1542 1595 2052 1677 ἐπιρρηματικόν.

384 1711 436 1749 20
658 1697 771 1760 Καὶ
812 1696 888 1760 τὸ
933 1695 1161 1774 ἄφνω
1199 1697 1304 1780 (δέ,
1351 1696 1421 1761 ἐν
1467 1698 1654 1762 πάθει
1696 1696 2053 1778 γενόμενον
2098 1698 2202 1762 καὶ
2244 1695 2325 1760 οὐ
2369 1698 2732 1775 προφανῶς
2790 1693 3072 1759 ἐπιδεξά-

486 1818 684 1878 μενον
738 1799 854 1876 τὴν
911 1798 1335 1877 προκειμένην
1390 1798 1775 1878 ὀνοματικὴν
1841 1799 2230 1880 τριγένειαν,
2295 1800 2633 1874 ςυνεξῆλθε
2688 1799 2822 1860 τοῖς
2880 1794 2965 1861 εἰς
3018 1801 3074 1859 ’ὠ

487 1901 788 1978 λήγουςιν
854 1900 1289 1978 ἐπιρρήμαςιν.
1370 1899 1497 1964 ἔςτι
1563 1902 1676 1979 μὲν
1742 1901 1867 1978 γὰρ
1933 1898 2014 1963 αὖ
2076 1900 2312 1964 τούτου
2377 1896 2799 1977 προκείμενον
2867 1895 3075 1975 ὄνομα

487 2001 765 2081 ἀφανής,
812 2001 911 2064 καὶ
954 2001 1046 2064 ἔτι
1090 1999 1166 2064 τὸ
1211 2001 1501 2083 ἀφανῶς,
1546 2001 1584 2079 ἡ
1631 2001 1702 2065 δὲ
1748 2003 2031 2080 ςυγκοπὴ
2077 2001 2291 2081 ἄφνω,
2336 1999 2530 2064 πάλιν
2575 2001 2677 2063 καὶ
2719 2002 2837 2062 τοῦ
2880 1997 3076 2063 τόνου
3118 2015 3178 2062 15

386 2114 439 2154 2⁵
489 2102 774 2177 εὐλόγως
827 2100 1386 2185 ἀναβιβαςθέντος,
1443 2103 1482 2185 ᾖ
1539 2102 1879 2181 ἀπεδείχθη
1934 2103 2014 2166 τὰ
2068 2102 2156 2166 εἰς
2214 2105 2267 2165 ὦ
2326 2103 2610 2179 λήγοντα
2665 2101 3074 2180 ἐπιρρήματα,

490 2206 802 2284 μοναδικά
846 2203 1006 2270 ὄντα
1050 2204 1238 2286 λέγω,
1286 2203 1444 2268 κατὰ
1489 2206 1748 2282 βαρεῖαν
1795 2205 1994 2268 τάςιν.
2071 2203 2169 2268 ὅτι
2212 2205 2284 2268 δὲ
2329 2202 2466 2267 ἔςθ’
2510 2201 2619 2266 ὅτε
2665 2203 2872 2266 πάθος
2915 2201 3073 2277 ἐγγι·

490 2306 770 2384 νόμενον
815 2305 1091 2385 ἀμαυροῖ
1132 2307 1247 2372 τὰς
1292 2306 1604 2384 ἰδιότητας
1632 2309 1750 2370 τοῦ
1781 2305 2065 2371 δεόντως
2098 2325 2237 2369 πως
2271 2303 2757 2385 ςχηματίζεςθαι,
2803 2302 3077 2367 ἐντελῶς

494 2407 565 2472 ἐν
609 2411 746 2472 τοῖς
790 2407 932 2484 περὶ
976 2413 1203 2473 παθῶν
1249 2405 1514 2485 ἐδείχθη.

388 2517 441 2560 ³⁰
663 2509 757 2574 Τὰ
802 2508 889 2574 εἰς
933 2513 1023 2574 υΤς
1068 2509 1350 2587 λήγοντα
1395 2508 1786 2587 ἐπιρρήματα
1841 2506 2418 2588 κοινολεκτούμενα
2472 2506 2607 2570 δυςὶ
2649 2507 2865 2571 τόνοις
2920 2504 3078 2569 ὑπο·
3115 2521 3182 2568 2ο

495 2610 729 2675 πίπτει.
801 2611 840 2688 ἢ
871 2610 994 2689 γὰρ
1028 2612 1386 2692 βαρύνεται,
1433 2609 1522 2673 ὡς
1552 2610 1836 2691 κούφως,
1885 2599 2176 2693 φαύλως,
2223 2609 2508 2691 μετρίως,
2552 2609 2591 2686 ἢ
2622 2608 3079 2684 περιέςπαςται,

498 2713 588 2778 ὡς
639 2713 715 2777 τὸ
774 2715 1015 2792 ςεμνῶς
1072 2711 1173 2776 καὶ
1228 2709 1517 2792 εὐςεβῶς.
1600 2713 1701 2776 καὶ
1765 2711 1856 2776 ἔτι
1912 2713 2090 2792 παρὰ
2145 2712 2503 2790 Δωριεῦςιν
2570 2709 2707 2774 ἔνια
2773 2708 3082 2791 ὀξύνεται,

359 2825 458 2875 581
498 2814 657 2880 ὥςτε
701 2814 846 2879 κατ’
900 2814 1173 2889 ἔγκλιςιν
1217 2812 1590 2893 ἀνεγνώςθη
1647 2813 1684 2892 ἦ
1743 2812 1836 2893 ῥα
1889 2815 2142 2877 καλὼς
2200 2811 2769 2891 ἀποκαθάραςα
2823 2810 3080 2876 ἐξελε-

495 2915 851 2993 πύρωςεν
897 2912 1158 2996 (Sophr.
1191 2914 1269 2976 fr.
1304 2912 1384 2978 87
1423 2912 1725 2997 Abrens).
1785 2916 1930 2994 περὶ
1973 2914 2066 2979 ὧν
2113 2914 2216 2979 καὶ
2258 2914 2417 2978 κατὰ
2460 2915 2535 2978 τὸ
2577 2913 2715 2990 ἑξῆς
2756 2910 3080 2992 εἰρήςεται,

663 3016 1030 3095 Ὑπέλαβον
1075 3016 1174 3081 ὅτι
1220 3017 1322 3080 καὶ
1367 3016 1524 3080 κατὰ
1569 3017 1643 3081 τὸ
1688 3016 1833 3080 ἔθος
1876 3017 1951 3080 τὸ
2002 3015 2101 3081 ὥς
2145 3014 2450 3094 Δωρικόν
2495 3014 2648 3091 ἐςτι,
2694 3015 2841 3093 περὶ
2884 3012 2964 3078 οὗ
3011 3014 3081 3080 ἐν
3119 3030 3184 3077 25

419 3127 446 3166 ⁵
498 3118 778 3200 εὐτάκτῳ
836 3116 1144 3195 εἰρήςεται
1201 3117 1274 3181 ἐν
1328 3124 1419 3202 τῷ
1472 3118 1615 3196 περὶ
1671 3120 1804 3181 τῶν
1859 3117 2337 3197 διεψευςμένων
2394 3116 2627 3180 τόνων.
2702 3116 2801 3179 καὶ
2846 3118 2966 3181 νῦν
3013 3116 3084 3180 δὲ

497 3219 1129 3299 κεφαλαιωδέςτερον
1177 3218 1301 3283 ἔςτι
1331 3219 1475 3297 περὶ
1506 3218 1709 3283 αὐτοῦ
1751 3218 2054 3302 ἐκθέςθαι,
2087 3219 2177 3283 ὡς
2218 3219 2625 3296 προςήκοντα
2655 3217 2855 3299 <τόν>
2884 3217 3083 3282 τόνον

497 3319 859 3384 ἀνεδέξατο.

665 3422 760 3486 Τὰ
814 3421 1203 3500 προκείμενα
1257 3428 1389 3486 τῶν
1443 3420 1921 3504 ἐπιρρημάτων,
1989 3420 2149 3485 ἰδ’ίας
2205 3425 2598 3500 παραγωγῆς
2654 3420 2733 3485 οὐ
2789 3422 3086 3503 τυχόντα,

500 3522 655 3587 οὐδὲ
697 3524 820 3587 τὸν
859 3522 1028 3586 ἴδιον
1072 3522 1271 3587 τόνον
1316 3522 1476 3601 ἔχει,
1535 3523 1833 3602 ἀναμένει
1881 3524 1952 3587 δὲ
1996 3525 2112 3587 τὸν
2158 3522 2746 3597 πτωτικόν·τόνον,
2805 3521 2879 3586 ὅς
2923 3522 3087 3588 ἐςτιν
3125 3540 3191 3586 30

633 3725 850 3778 Anava.
929 3730 988 3776 12
1035 3725 1238 3795 Ἄφνω
1286 3740 1355 3778 ex
1391 3726 1628 3792 ἀφανῶς
1672 3725 1885 3779 factum
1923 3726 2020 3779 est.
2063 3755 2127 3763 —
2164 3730 2231 3777 20
2266 3722 2553 3778 Adverbia
2596 3723 2653 3775 in
2692 3729 2769 3778 ιἰἶς
2807 3722 3089 3776 communi

500 3810 745 3863 omnium
785 3826 887 3862 usu
924 3811 1154 3878 recepta
1187 3810 1288 3863 aut
1321 3809 1623 3878 hamtona,
1673 3810 1773 3863 aut
1807 3808 2204 3877 perispomena
2247 3810 2392 3865 sunt.
2431 3839 2497 3849 -—
2533 3812 2598 3861 25
2635 3813 2761 3862 Iure
2808 3812 2886 3864 ὥς
2923 3809 3090 3862 acuto

501 3895 745 3948 notatur.

636 4079 853 4134 Τεετικ.
931 4086 993 4134 13
1031 4079 1111 4138 cf.
1146 4080 1233 4136 Et.
1271 4079 1363 4136 Or.
1401 4086 1493 4147 17,
1538 4086 1614 4136 19.

829 4204 907 4211 ---

635 4264 821 4328 D1scn.
858 4285 1056 4323 scnnvr.
1126 4273 1174 4319 2.
1212 4268 1604 4337 ςυγκριτικῶν]
1645 4267 1742 4321 fol.
1781 4274 1877 4321 134
1903 4285 1954 4321 v.
1994 4268 2478 4335 Ιεπιρρηματικην
2517 4267 2558 4319 Α
2588 4267 2597 4333 1
2631 4270 2676 4323 4.
2703 4268 3092 4333 πληθυντικὸν

504 4351 959 4420 <ὐπερθετικόν>
1005 4350 1283 4405 GDronke
1347 4358 1356 4418 Ι
1417 4358 1464 4405 5.
1504 4354 1594 4405 καὶ
1632 4351 1911 4419 ἐπίρρημα
1958 4352 2242 4416 ταχύτατα
2278 4352 2314 4403 b
2352 4351 2410 4403 in
2448 4366 2563 4407 var.
2602 4349 2717 4404 lect
2748 4391 2761 4413 ‚
2802 4353 2891 4403 καὶ
2925 4351 3089 4415 ταχύ-

509 4450 651 4487 τατα
688 4436 730 4489 Α
757 4434 794 4487 b
832 4434 889 4488 in
925 4437 1086 4489 textu
1117 4437 1126 4503 Ι
1164 4442 1238 4488 14.
1261 4437 1472 4490 τούτου
1497 4435 1552 4502 b,
1589 4453 1763 4490 τουτο
1788 4439 1831 4490 Α
1862 4436 1875 4504 Ι
1910 4439 1986 4488 15.
2014 4436 2293 4502 ἐπίρρημα
2316 4451 2419 4505 pro
2443 4436 2527 4489 ἔτι
2551 4435 2758 4488 conicit.
2781 4433 3058 4487 GDronke
3083 4464 3086 4473 .

509 4525 587 4575 18.
623 4524 728 4572 τοῦ
766 4517 1215 4574 GFSchoemann
1251 4518 1559 4587 GDronke,
1597 4522 1666 4574 τὸ
1704 4519 1795 4575 Ab
1831 4520 1891 4573 in
1927 4521 2114 4585 textu,
2151 4527 2237 4587 τῷ
2275 4520 2310 4573 b
2347 4520 2406 4572 in
2440 4535 2557 4575 var.
2594 4519 2723 4573 lect.
2773 4520 2783 4586 1
2835 4525 2917 4576 22.
2956 4535 3095 4572 ενιαι

510 4605 550 4655 Α
582 4605 593 4671 Ι
621 4609 704 4657 23.
739 4620 842 4672 pro
880 4606 1023 4660 ὥςτε
1049 4604 1366 4658 HLAhrens
1401 4604 1608 4660 conicit
1630 4608 1725 4659 ὅτε
1759 4606 1770 4675 Ι
1802 4604 2345 4670 καλὼςΗῑιΑὶιτοιιε,
2374 4605 2559 4659 κάλως
2584 4603 2621 4656 b
2652 4605 2662 4672 1
2691 4610 2774 4661 25.
2799 4605 2886 4657 ὅτι
2910 4606 2999 4657 καὶ
3023 4606 3094 4657 τὸ

508 4690 585 4742 ὥς
620 4689 763 4741 κατὰ
789 4690 860 4742 τὸ
885 4692 1149 4756 Δωρικὸν
1178 4692 1304 4743 ἔθος
1331 4687 1443 4744 ἑςτί
1468 4691 1712 4745 collocat
1735 4690 2015 4745 GDronke
2045 4692 2055 4756 Ι
2086 4695 2166 4743 27.
2194 4691 2551 4756 προςήκοντα
2583 4689 2689 4742 τὸν
2713 4686 3093 4752 RSkrzeozka,

506 4773 860 4838 προςήκοντα
895 4772 1179 4838 walnen,
1224 4776 1511 4843 ἀνήκοντα
1549 4778 1591 4831 Α
1613 4776 1679 4844 b,
1726 4777 2010 4838 ἀνάλογον
2045 4776 2151 4829 τὸν
2188 4773 2467 4828 GDronke
2515 4777 2525 4840 Ι
2576 4778 2659 4828 29.
2697 4772 2827 4826 ante
2864 4774 3000 4828 ιδιας
3036 4772 3096 4825 in

506 4872 681 4927 marg.
717 4856 845 4911 add.
885 4860 952 4911 Α2
986 4876 1089 4914 ουκ
