3738 5530
640 326 721 389 98
1562 330 1745 385 ΠΕΡΙ
1779 329 2287 381 ΑΝΤΩΝΤΜΙΑΣ.

1479 436 2377 489 p.124(384)08—126(886)09b

640 530 944 613 Ahreus).
1052 532 1154 595 καὶ
1218 532 1288 596 ἐν
1355 531 1515 614 ὀρθῇ
1570 531 1775 597 τάςει·
1845 531 1939 596 οὐ
2001 532 2153 610 μάν
2219 554 2341 597 τοι
2407 533 2708 611 δίφρον
2766 533 3227 615 ἐπημμένον

640 633 816 711 ὑμίν
861 630 1119 717 (Sophr.
1165 632 1247 695 fr.
1295 632 1378 695 82
1421 632 1727 715 Ahrens).
1814 635 1900 698 Ὗ
1913 655 2095 713 μμιν
2143 633 2415 699 Αἰολεῖς·

896 738 1033 799 ταῖς
1079 735 1299 800 κάλαις
1343 734 1529 815 ὔμμιν
1576 736 1737 818 <τὸ>
1784 738 1991 814 νόημα
2033 734 2252 815 τῶμον

893 838 972 902 οὐ
1016 838 1387 916 διάμειπτον
1434 834 1698 920 (Sapph.
1746 836 1827 900 fr.
1884 837 2002 900 114
2043 836 2329 917 Ahrens,
2382 839 2459 901 14
2501 837 2716 924 Bergk
2733 840 2806 921 3).

568 951 599 997 5
634 939 874 1016 ὁμοίως
919 940 984 1003 αἱ
1024 939 1332 1015 Αἰολικαί,
1387 935 1869 1018 ἀποβάλλουςαι
1924 941 2000 1005 τὸ
2044 943 2084 1005 ν
2129 942 2229 1004 καὶ
2273 940 2730 1019 φυλάςςουςαι,
2786 944 2903 1021 τὴν
2957 944 3028 1009 ἐν
3073 943 3221 1010 ὀνό-

633 1064 773 1119 μαςι
818 1045 1070 1119 δοτικῆς
1114 1044 1537 1120 πληθυντικῆς
1582 1042 1874 1108 ςύνταξιν
1920 1043 2367 1122 ἀναδέχονται.

803 1143 868 1207 Εἰ
911 1144 1265 1223 ὁμόχρονοι
1310 1142 1375 1207 αἱ
1418 1144 1578 1208 κατὰ
1620 1144 1696 1208 τὸ
1741 1147 2006 1223 πρῶτον
2052 1146 2156 1208 καὶ
2188 1144 2524 1224 δεύτερον,
2570 1148 2767 1225 ςαφὲς
2812 1146 2910 1213 ὅτι
2957 1149 2994 1226 ἡ
3039 1150 3222 1229 ςφίν

634 1246 1093 1323 ςυςτελλομένη
1150 1245 1561 1324 ὁμολογεῖται
1616 1243 1739 1309 ἀπ’
1784 1245 1979 1324 Ἰακῆς
2023 1246 2393 1329 ἐγκλίςεως,
2450 1246 2615 1324 εἴγε,
2673 1246 2782 1313 ὅτε
2827 1250 3220 1325 έγκλίνουςιν
3259 1253 3427 1306 125A

633 1345 696 1410 οἱ
747 1347 993 1422 Ἴωνες,
1062 1347 1465 1411 ςυςτέλλουςι
1519 1348 1595 1411 τὸ
1650 1351 1701 1430 i,
1767 1346 1806 1423 ἡ
1864 1349 1936 1412 δὲ
1994 1349 2207 1425 μόνως
2264 1348 2428 1414 ἐςτὶν
2494 1350 2835 1428 ἑγκλιτική·
2905 1352 3034 1418 ὑπὸ
3099 1354 3223 1431 γὰρ

539 1455 601 1503 10
634 1448 930 1512 Ἡςιόδου
976 1449 1046 1513 ἐν
1092 1448 1253 1532 ἀρχῇ
1300 1452 1551 1513 τεθεῖςα
1590 1447 1878 1524 εὐλόγως
1924 1449 2341 1529 ὠρθοτονήθη
2387 1452 2458 1517 ἐν
2503 1452 2730 1536 τρίτῳ,

885 1550 1032 1630 ςφὶν
1078 1550 1135 1614 δ’
1178 1551 1399 1617 αὐτοῖς
1443 1551 1604 1628 μέγα
1647 1554 1822 1629 πῆμα
1872 1550 1979 1631 (fr.
2025 1550 2108 1615 63
2155 1552 2519 1636 Goettling,
2565 1553 2650 1617 49
2694 1552 3145 1642 Schoemann).

802 1651 1090 1732 (φίςιν.
1180 1653 1347 1730 Αὕτη
1394 1653 1799 1718 ἑπεκταθεῖςα
1843 1654 1947 1718 καὶ
1990 1654 2195 1734 ὀρθοῦ
2237 1655 2438 1720 τόνου
2483 1655 2725 1735 ἔτυχεν.
2801 1657 3219 1739 Ἀμφοτέραις

558 1768 563 1775 ’
629 1754 846 1832 μέντοι
892 1755 1315 1819 ἐπακολουθεῖ
1358 1757 1433 1820 τὸ
1478 1757 1517 1818 ν
1564 1755 1957 1833 ἀποβάλλειν
2003 1757 2094 1821 δι’
2137 1756 2489 1837 εὐφωνίαν,

1526 1857 1697 1921 ἀλλά
1740 1879 1849 1939 ςφι
1895 1858 2091 1923 δόςαν
2135 1857 2184 1943 (ι
2229 1856 2361 1943 93),

530 1964 594 2011 15
1901 1960 1995 2024 ἔτι
2037 1961 2160 2038 γάρ
2208 1979 2376 2041 ςφιςι
2419 1965 2614 2026 κῦδος
2659 1960 2865 2040 ὀρέξω
2908 1960 2987 2049 (Ρ
3028 1961 3217 2047 453)-

628 2044 1012 2124 φυλάςςεται
1058 2046 1128 2109 δὲ
1174 2044 1244 2108 ἐν
1289 2051 1381 2127 τῷ
3251 2064 3298 2117 Β

883 2146 957 2210 ὅς
1002 2167 1152 2226 ςφιν
1195 2146 1577 2227 ἐϋφρονέων
1622 2145 1697 2231 (Α
1738 2147 1872 2229 73),

1236 2248 1391 2327 μετὰ
1435 2247 1642 2329 ςφίςιν
1687 2247 1869 2327 εἶχον
1916 2247 2311 2330 ἀτυζομένην
2355 2248 2437 2336 (Χ
2481 2250 2657 2336 474).

795 2352 931 2430 Οὐχ
977 2352 1150 2428 ὑγιὲς
1197 2353 1267 2416 δὲ
1312 2351 1504 2414 πάλιν
1550 2349 1920 2428 εἰςηγεῖςθαι
1974 2352 2091 2429 τὴν
2150 2353 2388 2431 «ςφίςιν
2434 2353 2565 2417 ἀπὸ
2610 2357 2722 2431 τῆς
2765 2355 2970 2435 ςφέςι,
3029 2355 3216 2437 <διά>

524 2472 591 2519 20
627 2454 1021 2532 μεταθέςεως
1064 2457 1181 2517 τοῦ
1210 2456 1248 2517 ἒ
1290 2451 1376 2517 εἰς
1406 2452 1483 2517 τὸ
1524 2455 1571 2529 i,
1618 2453 1977 2518 Βοιωτικῶς
2016 2453 2054 2530 ἢ
2095 2454 2341 2517 Ἰακῶς·
2384 2455 2488 2517 καὶ
2531 2454 2737 2519 οὕτως
2780 2455 3134 2534 ὁλόκληρος
3175 2458 3214 2535 ἡ

632 2555 872 2637 ςφίςιν,
917 2555 991 2633 ἧς
1038 2557 1322 2632 ςυγκοπὴ
1369 2553 1405 2631 ἡ
1438 2555 1639 2635 ςφίν».
1712 2554 1905 2634 Παρὰ
1936 2556 2243 2618 Βοιωτοῖς
2277 2555 2356 2620 οὐ
2386 2556 2832 2637 μετατίθεται,
2858 2558 3212 2637 ςυμφώνου

633 2656 1139 2736 ἐπιφερομένου,
1209 2657 1284 2722 τὸ
1352 2660 1385 2720 ἒ
1452 2655 1540 2721 εἰς
1605 2658 1681 2721 τὸ
1738 2660 1787 2720 i·
1854 2655 1997 2720 ἀλλ’
2055 2656 2209 2721 οὐδὲ
2262 2657 2425 2735 παρ’
2477 2658 2719 2739 Ἴωςιν,
2790 2657 2899 2724 ὅτε
2955 2662 3036 2738 μὴ
3094 2660 3214 2724 ἀπ’

634 2759 882 2824 εὐθείας
930 2756 1027 2838 εἴη
1072 2762 1184 2837 τῆς
1229 2760 1334 2824 διὰ
1381 2762 1498 2823 τοῦ
1544 2761 1581 2823 i.
1661 2758 1732 2824 ἐν
1779 2757 1877 2824 οἷς
1923 2756 2042 2823 οὖν
2089 2758 2153 2822 αἱ
2202 2759 2360 2823 κατὰ
2404 2759 2479 2824 τὸ
2524 2760 2739 2840 τρίτον
2785 2765 2894 2844 μιᾷ
2937 2763 3214 2847 ςυλλαβῇ
3252 2776 3293 2831 C

762 2897 978 2948 Anava.
1050 2906 1095 2947 3.
1135 2892 1213 2946 Ut
1244 2893 1536 2946 nominum
1572 2892 1751 2946 dativi
1786 2892 2049 2962 pluralis,
2091 2892 2175 2946 ita
2209 2893 2457 2948 aeolicae
2494 2895 2629 2960 ἄμμι
2663 2896 2803 2960 ὔμμι
2835 2894 3051 2950 formae
3089 2913 3123 2949 ν
3155 2896 3215 2949 in

622 2979 733 3033 fine
771 2981 831 3032 et
865 2978 1118 3032 abiciunt
1154 2984 1214 3032 et
1247 2979 1555 3031 assumunt.
1606 3010 1668 3017 —-
1714 2984 1742 3032 7
1793 2978 1936 3045 (φίν
1980 2978 2218 3031 formam
2265 2981 2584 3047 correptam
2630 2995 2751 3033 esse
2795 2980 2890 3034 vel
2937 2998 3007 3034 ea
3048 2998 3119 3034 ex
3152 2997 3214 3035 re

622 3066 886 3133 apparet,
935 3060 1084 3131 quod
1130 3062 1187 3114 in
1234 3061 1475 3115 dialecto
1522 3062 1719 3116 Ionum
1757 3062 2019 3116 enclitica
2055 3066 2164 3127 est3
2213 3063 2270 3116 in
2318 3079 2386 3117 ea
2422 3064 2571 3117 enim
2609 3063 2901 3118 encliticae
2936 3081 3049 3118 non
3085 3066 3216 3119 sunt

621 3148 724 3201 nini
763 3151 1024 3216 correpta
1057 3145 1254 3202 vocali.
1308 3176 1362 3183 —
1420 3152 1480 3200 12
1518 3147 1710 3214 Εφίςιν
1746 3150 1916 3201 ancta
1947 3147 2130 3201 forma
2163 3149 2381 3224 rectum
2414 3153 2608 3202 tonum
2646 3152 2849 3205 servat.
2885 3180 2951 3189 —
2989 3156 3051 3204 19
3086 3148 3213 3203 Fal-

621 3233 813 3287 luntur
848 3233 945 3301 qni
983 3233 1114 3298 ςφίν
1150 3234 1336 3285 ortum
1375 3247 1493 3285 esse
1529 3233 1737 3300 putant
1770 3248 1839 3285 ex
1877 3235 2068 3298 ςφέςιν
2105 3232 2286 3300 ςφίςιν
2310 3234 2515 3298 forma;
2553 3237 2741 3301 ςφέςιν
2768 3235 2918 3288 enim
2945 3234 3088 3288 nihil
3110 3241 3213 3288 est.

620 3317 840 3372 Deinde
877 3317 1079 3372 tertiae
1104 3333 1376 3386 personae
1411 3317 1732 3385 personalia
1753 3334 1867 3372 nna
1900 3317 2120 3385 syllaba
2154 3334 2188 3371 a
2210 3317 2488 3373 secundae
2524 3319 2913 3387 personalibus
2944 3318 3213 3389 superari,

620 3408 680 3458 et
712 3406 916 3458 tertiae
951 3403 1270 3470 personalia
1304 3403 1639 3476 amplificari
1672 3404 1871 3458 solent.

755 3522 971 3576 Tnsm.
1052 3529 1117 3576 23
1167 3522 1414 3579 Cramer.
1458 3524 1564 3577 An.
1612 3523 1711 3578 Ox.
1756 3523 1781 3576 I
1818 3527 1933 3576 385.
1980 3520 2067 3576 Et„
2104 3522 2179 3575 M.
2216 3527 2342 3588 738,
2390 3529 2448 3576 11
2516 3523 2596 3577 Τὸ
2643 3520 2826 3592 σφέας
2861 3520 3009 3576 κατὰ
3044 3530 3206 3577 πλεο-

620 3586 839 3658 νασμόν
877 3587 993 3645 ἐστι
1031 3589 1131 3645 τοῦ
1167 3595 1225 3657 ἓ,
1264 3582 1299 3658 ἢ
1340 3589 1403 3645 τὸ
1443 3590 1594 3659 σφᾶς
1629 3588 1779 3645 κατὰ
1816 3594 2180 3656 συναίρεσινς
2218 3591 2318 3644 καὶ
2358 3588 2596 3659 λέγομεν
2635 3583 2727 3647 ὅτι
2750 3589 2814 3644 τὸ
2841 3587 3022 3660 σφέας
3056 3585 3206 3644 κατὰ

620 3657 988 3727 πλεονασμὸν
1044 3659 1146 3713 τοῦ
1197 3665 1228 3714 ἕ
1268 3661 1521 3724 γίνεται·
1571 3655 1723 3713 κατὰ
1771 3655 1873 3712 τὸν
1921 3655 2142 3712 κανόνα
2190 3658 2289 3712 τὸν
2336 3660 2604 3728 λέγοντα·
2653 3653 2915 3712 καθόλου
2963 3654 3025 3713 ἐν
3069 3662 3207 3721 πλη-

620 3731 927 3788 θυντικοῐς
967 3721 1243 3796 ἀριθμοῖς
1279 3723 1314 3809 ἡ
1353 3727 1454 3781 τοῦ
1494 3731 1685 3794 τρίτου
1720 3719 2029 3794 προσώπου
2066 3720 2428 3795 ἀντωνυμία,
2474 3720 2547 3793 ἄρ
2587 3725 2727 3793 ομὲν
2814 3720 2928 3779 ἀπὸ
2967 3728 3069 3781 τοῦ
3108 3732 3208 3794 δῷ,

621 3794 788 3849 ἐνδεῖ·
833 3796 1085 3862 συλλαβῇ
1143 3797 1161 3864 [
1170 3816 1317 3849 κατα
1370 3794 1430 3849 td
1489 3796 1759 3860 δεύτερον
1807 3796 1908 3848 καὶ
1944 3797 2136 3878 τρίτον
2182 3791 2487 3863 πρόσωπον
2569 3794 2639 3848 el.
2675 3794 2725 3848 R
2767 3792 3057 3866 chueider]
3106 3794 3208 3848 τοῦ

620 3861 846 3932 πρώτου
892 3882 953 3917 τε
997 3863 1095 3916 καὶ
1136 3862 1411 3931 δευτέρου
1448 3857 1779 3929 προσώπου·
1817 3860 1942 3916 οἷον
1975 3869 2140 3931 ηιιείς
2176 3858 2347 3931 ὑμεῖς
2382 3869 2572 3931 σφεῖς·
2621 3858 2782 3931 ἡμῶν
2825 3857 2986 3930 ὑμῶν
3019 3864 3207 3931 σφῶν·

618 3925 760 3998 ἡμῖν
796 3927 937 3997 ὑμῖν
975 3935 1143 3997 σφίν·
1182 3925 1359 3991 οὕτως
1396 3933 1495 3989 καὶ
1532 3926 1685 3999 ἡμᾶς
1724 3927 1875 4001 ὑμᾶς
1911 3930 2080 4000 σφᾶς.

754 4047 1166 4107 stca.'scawr.
1202 4058 1250 4104 2.
1278 4052 1408 4118 ὑμίν
1433 4051 1768 4115 HLAhrcns‚
1793 4052 1926 4117 ὑμῖν
1949 4050 1986 4104 b
2018 4055 2026 4116 Ι
2057 4056 2105 4104 3.
2132 4051 2202 4103 τὸ
2227 4049 2439 4104 adiecit
2460 4049 2497 4103 b
2528 4052 2537 4118 Ι
2567 4049 2754 4119 νόημα
2773 4050 2842 4118 b,
2882 4067 3106 4119 νοημμα
3129 4051 3203 4116 ΑΙ

619 4143 667 4189 5.
702 4137 761 4190 αἱ
796 4136 1046 4190 Αἰολικαί
1079 4135 1471 4202 Βδὶττζεοκὶα,
1510 4139 1600 4190 καὶ
1635 4136 1885 4191 Αἰολικαί
1921 4136 2014 4189 Ab
2078 4137 2087 4202 Ι
2152 4141 2321 4189 5—6.
2361 4151 2625 4197 ονομαςιν
2662 4137 2705 4190 Α
2762 4135 2772 4202 Ι
2834 4140 2880 4189 7.
2915 4134 3208 4204 inscriptio

617 4237 747 4288 περι
790 4238 894 4287 της
939 4220 1075 4286 ςφῖν
1112 4221 1339 4274 maiusc.
1378 4224 1451 4288 A,
1498 4219 1701 4275 deinde
1738 4222 2077 4290 repetuntur
2115 4236 2262 4289 quac
2298 4221 2430 4273 sunt
2463 4225 2545 4286 9¹1,
2584 4225 2649 4272 2¹1
2696 4237 2824 4285 υμιν
2861 4223 3030 4273 παλιν
3068 4220 3210 4286 παρ’

619 4321 772 4360 ιωςιν
808 4322 1254 4373 προπεριςπαται
1291 4322 1465 4374 usque
1505 4306 1579 4359 ad
1616 4312 1707 4371 98,
1746 4313 1776 4358 2
1814 4321 1982 4370 υμμιν
2016 4307 2249 4371 αιολεις,
2298 4303 2398 4358 sed
2434 4304 2624 4358 omnia
2659 4303 2851 4357 deleta
2883 4305 3040 4368 sunt,
3085 4304 3205 4356 tum

614 4391 857 4445 iteratur
892 4389 1182 4460 inscriptio
1219 4408 1347 4460 περι
1381 4392 1482 4457 τῆς
1521 4408 1667 4457 ςφιν,
1704 4390 1950 4456 denique
1987 4391 2301 4457 sequuntur
2336 4405 2383 4443 ει
2420 4405 2719 4456 ομοχρονοι
2745 4404 2793 4446 e.
2812 4403 2865 4454 q.
2886 4404 2929 4441 s.
2959 4390 2968 4455 Ι
2999 4391 3049 4442 8.
3075 4389 3205 4453 ὁμο-

616 4480 864 4541 λογεῖται
900 4476 1123 4546 scripsit
1155 4475 1540 4537 RSchneider,
1588 4477 1854 4542 ὁμολογεῖ
1894 4474 1983 4527 Ab
2014 4479 2023 4541 Ι
2054 4473 2353 4541 ἑγκλίςεως
2398 4475 2463 4541 b,
2511 4477 2745 4529 κλιςεως
2782 4474 2825 4527 Α
2858 4476 2867 4539 Ι
2897 4479 2947 4527 9.
2987 4473 3206 4527 ςυςτέλ-

617 4563 832 4630 λουςιν]
870 4562 927 4614 in
964 4561 1217 4630 margine
1254 4563 1367 4614 tres
1404 4577 1569 4614 voces
1604 4576 1798 4614 erasae
1833 4560 1890 4611 in
1929 4562 1971 4614 A
2003 4563 2013 4624 Ι
2057 4567 2135 4614 11.
2174 4562 2304 4625 ςφίν
2339 4560 2389 4612 δ’
2424 4560 2584 4627 αὐτῷ
2623 4574 2725 4626 pro
2762 4561 2893 4624 ςφῑν
2928 4559 2980 4611 δ’
3012 4559 3207 4614 αὐτοῖς

613 4646 748 4700 Max
784 4646 1041 4700 Schmidt
1101 4648 1111 4714 Ι
1180 4652 1258 4699 12.
1302 4645 1595 4715 inscriptio
1632 4661 1760 4712 περι
1794 4662 1899 4712 της
1943 4661 2124 4712 ςφιςιν
2158 4644 2385 4697 mainsc.
2436 4647 2476 4697 A
2542 4649 2551 4709 Ι
2623 4650 2698 4702 13.
2737 4648 3107 4699 επακολουθει
3145 4646 3206 4707 Α,

614 4732 914 4786 ἀκολουθεῖ
967 4732 1003 4785 b
1068 4735 1077 4800 Ι
1140 4738 1224 4788 17.
1263 4735 1295 4785 ὅ
1334 4730 1607 4785 Homerus
1642 4729 1797 4799 vulg.
1859 4730 1871 4799 Ι
1943 4736 2153 4783 19—20.
2193 4732 2283 4784 διὰ
2320 4731 2671 4797 μεταθέςεως
2696 4728 3004 4795 FWSturz,
3041 4744 3206 4794 μετα-

616 4822 822 4871 θεςεως
860 4820 932 4884 Α,
971 4818 1259 4883 μεταθέςει
1296 4817 1331 4869 b
