3738 5530
453 827 480 866 5

431 1232 480 1269 10

429 1639 478 1678 15

1260 396 1809 464 [ΑονΕιιΒιοῑινΜ
1846 393 2393 463 οοΝεΤΒνοΤιο.]
2991 395 3120 459 203

705 603 870 681 Ἤδη
915 603 1132 683 μέντοι
1178 603 1349 685 ἔνια,
1410 601 1573 679 ἅπερ
1619 601 1720 666 καὶ
1765 599 2168 667 ςπανιώτατά
2222 600 2417 682 ἐςτιν,
2472 600 2818 667 ἀνεδέξατο
2868 604 2984 681 τὴν
3032 602 3118 667 εἰς

531 692 603 770 δὲ
649 706 1064 783 παραγωγὴν,
1092 705 1211 770 οὐκ
1256 702 1453 769 οὖςαν
1498 703 1794 782 τοπικήν,
1840 705 2065 782 κοινὴν
2110 704 2180 768 δὲ
2225 704 2324 766 καὶ
2368 702 2588 768 ἄλλων
2633 706 2848 783 μερῶν
2894 704 3114 780 λόγου,

533 805 726 872 οὐδὲν
793 807 997 871 πλέον
1068 807 1489 887 ςημαίνουςάν
1565 810 1681 870 τοῦ
1754 805 1884 885 ἀφ’
1949 803 2028 868 οὗ
2094 804 2420 887 παρήχθη,
2495 802 2624 881 εἴγε
2697 807 2833 871 τοῖς
2906 805 3116 871 οὕτως

533 907 1047 985 ἐπεκτεταμένοις
1092 908 1551 987 παρεπόμενόν
1596 907 1759 972 ἐςτιν
1807 907 1878 971 ἐν
1921 905 2408 989 ἀνταποδοτικῷ
2448 906 2651 991 μορίῳ
2683 901 3119 984 καταγίνεςθαι

532 1011 637 1075 διὰ
678 1014 795 1075 τοῦ
839 1009 909 1094 ἶ,
954 1011 1245 1086 τοςόςδε,
1291 1012 1571 1089 τοιόςδε,
1618 1009 1968 1088 τηλικόςδε.
2045 1008 2141 1074 οἷς
2187 1007 2416 1088 ὅμοιον
2462 1010 2635 1087 παρὰ
2677 1010 2753 1074 τὸ
2799 1009 2984 1089 ἡνίκα
3016 1012 3116 1075 καὶ
3152 1022 3185 1070 5

529 1112 748 1191 τηνίκα
790 1113 868 1177 τὸ
912 1112 1224 1191 τηνικάδε,
1272 1112 1432 1191 ἦμος
1473 1115 1669 1189 τῆμος
1713 1109 2001 1190 τημόςδε.
2035 1146 2113 1159 -
2159 1109 2550 1195 [πρόςκειται
2582 1113 2653 1176 δὲ
2680 1110 2757 1174 τὸ
2787 1112 3115 1196 τοιοῦτον]

531 1215 650 1293 χρὴ
694 1216 912 1292 μέντοι
956 1218 1160 1297 νοεῖν,
1209 1214 1299 1278 ὡς
1342 1213 1418 1278 τὰ
1465 1212 1931 1291 ἐπεκτεταμένα
1974 1213 2096 1278 ἕξει
2139 1215 2255 1293 τὴν
2301 1212 2731 1279 ἀνταπόδοςιν
2775 1218 2890 1278 τοῦ
2933 1218 2989 1296 ’ῖ·,
3035 1214 3115 1279 οὐ

532 1317 654 1395 μὴν
709 1317 792 1381 τὰ
853 1315 1382 1382 ἀνταποδοθέντα
1438 1317 1555 1393 τὴν
1612 1314 1943 1379 ἐπέκταςιν
1999 1315 2147 1393 ἔχει.
2222 1313 2361 1379 ἰδοὺ
2417 1316 2541 1394 γὰρ
2585 1316 2761 1393 παρὰ
2803 1316 2879 1380 τὸ
2936 1314 3116 1397 ὄφρα

531 1419 630 1482 καὶ
673 1418 887 1498 τόφρα
931 1419 1012 1483 τὰ
1054 1422 1165 1496 τῆς
1210 1417 1606 1482 ἐπεκτάςεως
1652 1416 1770 1483 οὐκ
1826 1415 2113 1500 ἐγένετο·
2173 1416 2272 1481 καὶ
2326 1417 2404 1482 τὸ
2450 1416 2573 1482 ἕως
2617 1418 2716 1481 καὶ
2771 1418 2865 1483 ἔτι
2916 1418 3111 1484 τέως·

527 1518 676 1585 ἴςως
732 1520 829 1585 ὅτι
884 1521 988 1585 καὶ
1042 1519 1113 1585 ἐν
1173 1519 1394 1584 ἄλλοις
1453 1520 1678 1597 ἐλλιπῆ
1759 1519 1887 1583 ἐςτι
1942 1513 2338 1584 τά“τοιαῦτα
2395 1520 2691 1599 ςχήματα.
2765 1520 3114 1599 παρείπετο
3154 1530 3217 1579 10

531 1622 654 1700 γὰρ
697 1622 772 1686 τὸ
817 1625 1121 1687 τοιοῦτον
1165 1625 1303 1686 τοῖς
1348 1622 1903 1705 ἐπεκτεταμένοις,
1958 1621 2058 1686 καὶ
2114 1620 2184 1686 ἐν
2239 1622 2502 1699 πύςμαςι
2547 1622 3014 1697 καταγίνεςθαι·
3073 1622 3116 1686 ἃ

467 1747 478 1760 ·
530 1725 601 1787 δὲ
646 1724 871 1802 ἐλλιπῆ
917 1726 1299 1802 πυςματικῆς
1340 1724 1422 1803 ἦν
1467 1725 1830 1803 προφορᾶς.
1883 1760 1960 1769 -
2012 1723 2113 1786 καὶ
2155 1721 2225 1786 ἐκ
2269 1726 2379 1800 τῆς
2425 1723 2838 1804 ἀναςτροφῆς
2883 1724 2955 1789 δὲ
2996 1727 3114 1790 τοῦ

529 1825 731 1900 λόγου
774 1827 968 1891 πάλιν
1014 1824 1139 1889 ἐςτί
1181 1844 1326 1890 τινα
1370 1825 1797 1907 ἀντικείμενα,
1854 1823 1946 1890 ὡς
1989 1823 2165 1901 παρὰ
2205 1825 2284 1889 τὸ
2334 1822 2425 1889 ὥς
2466 1825 2544 1889 τὸ
2589 1823 2719 1890 ὧδε
2764 1824 2882 1888 οὐκ
2926 1824 3114 1906 ἀρξά-

528 1946 724 2004 μενον
770 1925 900 1992 ἀπὸ
945 1930 1062 1992 τοῦ
1106 1932 1175 2004 ⁷r,
1221 1929 1321 1991 καὶ
1365 1927 1540 2006 παρὰ
1584 1927 1659 1991 τὸ
1707 1926 1862 1992 ἔνθα
1905 1928 1982 1991 τὸ
2028 1926 2274 1991 ἐνθάδε.
2359 1925 2457 1990 ὅτι
2500 1926 2625 2005 γὰρ
2670 1925 2790 1991 οὐκ
2834 1926 2959 1991 ἔςτι
3003 1929 3115 2004 τῆς

528 2032 789 2106 τοπικῆς
834 2032 1255 2110 παραγωγῆς,
1313 2031 1511 2108 ςαφὲς
1556 2028 1872 2094 ἐντεῦθεν.
1945 2030 2025 2093 τὰ
2068 2027 2302 2093 τοπικά
2346 2027 2756 2107 παραχθέντα
2799 2029 2955 2107 μετὰ
2996 2032 3114 2092 τοῦ
3156 2042 3218 2090 15

529 2130 995 2210 ςημαινομένου
1040 2132 1139 2195 καὶ
1182 2129 1398 2209 τρίτην
1444 2128 1575 2194 ἀπὸ
1619 2130 1848 2195 τέλους
1895 2130 2024 2208 ἔχει
2068 2130 2183 2207 τὴν
2243 2128 2486 2213 ὀξεῖαν,
2542 2129 2811 2208 ἄγραδε,
2872 2126 3115 2194 οἴκαδε·

527 2234 720 2297 τοῦτο
757 2234 854 2296 ,δὲ
898 2231 1020 2310 οὐχ
1068 2230 1278 2296 οὕτως
1320 2232 1470 2311 ἔχει.
1517 2267 1600 2278 --
1655 2232 1735 2296 τὰ
1777 2231 2011 2296 τοπικὰ
2054 2231 2464 2310 παραχθέντα
2518 2230 2814 2315 ἀποβολῇ
2871 2235 2988 2298 τοῦ
3043 2219 3115 2296 δέ

529 2332 648 2398 οὐκ
692 2332 1120 2412 ἀπολιμπάνει
1164 2334 1334 2398 λέξιν
1381 2332 1808 2412 ςημαίνουςάν
1852 2353 1944 2416 τι,
1988 2333 2184 2412 χωρὶς
2228 2332 2281 2397 εἰ
2324 2336 2405 2412 μὴ
2451 2333 2521 2398 ἐκ
2564 2337 2953 2414 παραγωγῆς
2998 2335 3113 2412 μὲν

527 2437 608 2514 μὴ
654 2435 784 2517 εἴη,
831 2436 901 2499 ἐκ
944 2436 1016 2501 δὲ
1060 2436 1412 2502 ςυντάξεως
1455 2439 1573 2501 τοῦ
1618 2434 1690 2498 δέ
1734 2436 2084 2511 ςυνδέςμου
2129 2434 2230 2498 καὶ
2273 2435 2574 2500 πτώςεως
2619 2434 2976 2518 αἰτιατικῆς,
3024 2437 3113 2514 ᾡς

525 2536 601 2600 τὸ
660 2536 1010 2615 Οὔλυμπον
1067 2537 1138 2601 δέ
1194 2538 1296 2601 καὶ
1349 2537 1428 2601 τὰ
1481 2537 1690 2617 ὅμοια.
1745 2536 1877 2617 (καὶ
1928 2538 2032 2601 διὰ
2087 2540 2282 2601 τοῦτο
2339 2534 2704 2615 ἀμφίβολον
2759 2538 2836 2601 τὸ
2895 2536 3111 2602 ἅλαδε.
3149 2552 3216 2602 2ο

525 2637 688 2718 ὅπερ
744 2640 939 2704 πάλιν
994 2645 1087 2723 τῷ
1144 2638 1373 2704 ἐνθάδε
1431 2638 1511 2702 οὐ
1567 2636 2086 2721 παρακολουθεῖ).
2170 2635 2352 2716 εἴπερ
2409 2635 2529 2702 οὖν
2584 2639 2659 2702 τὸ
2716 2636 2874 2703 ἔνθα
2923 2658 3110 2703 κατα-

527 2740 897 2820 λιμπάνεται
942 2740 1506 2822 ὑποςτελλομένου
1550 2746 1666 2807 τοῦ
1710 2726 1804 2822 δῖ,
1848 2738 2020 2805 ἴδιον
2064 2739 2135 2804 δ’
2178 2738 2303 2804 ἐςτὶ
2342 2742 2538 2805 τοῦτο
2567 2743 2701 2806 τῶν
2744 2739 2850 2805 διὰ
2890 2744 3009 2806 τοῦ
3042 2728 3113 2809 δέ

528 2842 1078 2927 ἐπεκτεταμὲνων,
1134 2844 1211 2908 τὸ
1270 2843 1464 2909 πάλιν
1520 2842 1816 2927 ἀποβολῇ
1872 2846 1990 2908 τοῦ
2036 2828 2119 2907 δὲ’
2161 2843 2238 2907 τὸ
2283 2841 2442 2907 αὐτὸ
2488 2844 2838 2927 ςημαίνειν,
2897 2841 2987 2908 ὥς
3037 2864 3111 2920 γε

525 2943 657 3023 ἔχει
699 2945 776 3009 τὸ
821 2944 1116 3022 τηνικάδε
1160 2945 1262 3010 καὶ
1305 2946 1546 3024 τηνίκα,
1591 2946 1859 3026 τημόςδε
1905 2944 2007 3008 καὶ
2049 2947 2265 3027 τῆμος,
2314 2943 2445 3010 ὧδε
2494 2944 2569 3026 ὥ,
2616 2944 2654 3008 ὃ
2698 2948 2775 3024 δὴ
2805 2945 3111 3026 Δωρικόν

525 3045 720 3129 ἐςτιν,
789 3045 936 3111 ὥτε
994 3051 1365 3127 χερνῆτις
1415 3047 1613 3126 ,γυνή
1670 3045 1816 3130 (lyr.
1861 3067 1957 3130 gr.
2004 3043 2141 3108 1113
2195 3067 2256 3128 p.
2307 3043 2472 3110 1359
2527 3044 2772 3131 Bergk)
2835 3049 2940 3112 καὶ
3006 3047 3213 3112 ἑπὶ25

526 3147 869 3227 ὀνομάτων
913 3150 1164 3214 τοιόςδε
1208 3151 1415 3230 τοῖος,
1474 3148 1736 3214 τοςόςδε
1792 3148 2015 3213 τόςος·
2081 3151 2194 3225 τῆς
2250 3148 2668 3228 προκειμένης
2721 3154 3112 3228 παραγωγῆς

387 3265 489 3316 618
525 3250 625 3313 καὶ
665 3251 742 3314 τὸ
787 3248 1033 3315 ἐνθάδε.
1107 3249 1289 3330 εἴπερ
1295 3249 1454 3347 -οὗν
1507 3249 1676 3316 ἴδιον
1720 3250 1795 3314 τὸ
1840 3252 1957 3329 τὴν
2003 3250 2139 3330 πρὸ
2186 3250 2414 3315 τέλους
2459 3249 2746 3332 ὀξύνειν,
2808 3255 3110 3331 βραχεῖαν

448 3583 474 3621 5

525 3349 758 3429 οὖςαν,
802 3355 936 3417 τῶν
981 3353 1088 3417 διὰ
1130 3356 1246 3418 τοῦ
1291 3357 1362 3418 δε
1406 3352 1869 3435 παρηγμένων,
1915 3351 2214 3430 τημόςδε,
2259 3351 2581 3433 τηνικάδε,
2638 3355 2941 3419 τοιοῦτον
2987 3353 3112 3433 ἄρα

523 3452 622 3516 καὶ
677 3453 753 3517 τὸ
809 3453 1053 3519 ἐνθάδε.
1104 3490 1180 3499 -
1237 3455 1584 3537 πρόδηλον,
1628 3454 1726 3519 ὅτι
1784 3454 1886 3517 καὶ
1939 3454 2013 3517 τὸ
2073 3452 2332 3518 ἐνθένδε
2388 3457 2498 3531 τῆς
2543 3454 2738 3531 αὐτῆς
2782 3457 3110 3534 παρολκῆς

524 3552 717 3619 ἐςτιν·
781 3552 944 3633 ὅπερ
989 3554 1162 3620 ὅλως
1208 3555 1363 3621 οὐδὲ
1406 3557 1523 3635 τὴν
1569 3554 1657 3620 εἰς
1699 3555 1908 3620 τόπον
1953 3555 2154 3634 ςχέςιν
2208 3555 2503 3634 ςημαίνει.
2576 3555 2667 3622 ἔτι
2725 3556 2805 3621 ὃν
2861 3558 3108 3636 τρόπον
3145 3574 3211 3620 30

524 3656 814 3735 διαφέρει
857 3658 938 3720 τὰ
980 3661 1278 3740 τοιαῦτα,
1334 3657 1492 3721 καθὸ
1544 3657 1583 3721 ὃ
1629 3657 1743 3737 μέν
1790 3657 1917 3722 ἐςτι
1959 3657 2375 3737 παρηγμένον
2421 3660 2528 3723 διὰ
2566 3662 2683 3723 τοῦ
2727 3645 2819 3742 δ-ε,
2865 3659 2904 3723 ὃ
2936 3661 3007 3724 δὲ
3037 3659 3108 3725 ἐν

524 3758 658 3822 δυςὶ
700 3758 911 3837 μέρεςι
955 3759 1190 3841 λόγου,
1234 3760 1352 3824 τὸν
1395 3757 1565 3823 ἴδιον
1610 3758 1768 3837 ἔχον
1811 3758 2012 3825 τόνον
2057 3760 2160 3823 καὶ
2202 3760 2320 3824 τὸν
2364 3762 2481 3825 τοῦ
2526 3758 2629 3843 δέ,

777 3859 816 3923 ὃ
862 3860 934 3925 δὲ
978 3860 1359 3940 προςέειπεν
1404 3859 1646 3925 ἄνακτα
1692 3862 1753 3942 (ξ
1797 3858 1939 3945 36),

654 4097 868 4148 Aaou.
929 4101 954 4148 1
994 4094 1282 4161 Quaedam
1318 4094 1401 4148 ita
1434 4097 1494 4148 in
1528 4097 1593 4149 δέ
1633 4095 1977 4161 derivantur,
2013 4095 2079 4149 ut
2112 4095 2253 4149 nihil
2289 4095 2516 4150 valeant
2538 4096 2695 4151 aliud
2720 4114 2890 4164 quam
2914 4097 3104 4168 primi-

520 4178 653 4232 tiva.
689 4208 746 4218 -
795 4185 855 4233 13
890 4177 956 4232 In
992 4178 1195 4249 quibus
1230 4180 1317 4233 est
1350 4180 1463 4234 ὧδε
1501 4181 1561 4234 et
1594 4180 1808 4235 ἐνθάδε.
1846 4208 1916 4218 -
1952 4185 2018 4234 29
2052 4179 2318 4235 Eiusdem
2353 4180 2575 4251 generis
2611 4182 2697 4236 est
2730 4183 2971 4237 ἐνθένδε.

652 4380 835 4436 D1scn.
877 4400 1075 4436 scam.
1145 4389 1195 4438 4.
1232 4384 1684 4437 ανταποδωτικω
1724 4383 1765 4436 Α
1806 4386 1816 4451 Ι
1853 4389 1903 4437 6.
1939 4383 2094 4438 Haeo
2137 4382 2354 4438 delevit
2393 4383 2759 4440 RSkrzeczka
2792 4402 2969 4454 προςκ
3015 4386 3108 4440 vel

522 4484 698 4536 προςη
752 4471 838 4534 Α·,
895 4466 985 4521 cui
1039 4465 1335 4536 adscripsit
1387 4468 1457 4522 A²
1514 4483 1654 4521 ειται
1710 4485 1883 4537 supra
1939 4467 2038 4524 lin.
2095 4468 2156 4522 et
2208 4468 2270 4522 δὲ
2323 4485 2392 4524 το
2444 4486 2709 4538 τοιουτον
2759 4469 2819 4522 in
2867 4485 3044 4538 marg.
3095 4471 3103 4539 Ι

521 4556 565 4604 7.
606 4567 1067 4619 επεκτεταμμενα
1104 4554 1148 4607 Α
1179 4554 1188 4619 1
1218 4553 1614 4611 ανταποδωςιν
1638 4555 1682 4608 Α
1713 4553 1724 4623 Ι
1753 4559 1801 4608 8.
1835 4554 2320 4607 ανταποδωθεντα
2356 4554 2399 4607 Α
2430 4554 2441 4620 Ι
2484 4559 2561 4607 11.
2599 4570 3107 4620 επεκτεταμμενοις

521 4637 561 4691 Α
592 4637 604 4703 Ι
634 4641 714 4692 13.
754 4638 831 4692 ὥς
858 4635 1237 4703 RSohneider,
1274 4637 1352 4690 ὥς
1378 4636 1414 4689 b
1441 4638 1449 4704 Ι
1486 4642 1567 4696 21.
1604 4654 1673 4692 το
1701 4642 1837 4693 ενθα
1872 4638 1928 4704 b,
1966 4653 2039 4691 τα
2063 4641 2263 4692 ενταθε
2291 4640 2334 4693 Α
2364 4639 2374 4705 Ι
2404 4644 2486 4692 22.
2512 4641 2677 4693 δἐςτι
2706 4640 2765 4705 Α,
2802 4639 2863 4693 δέ
2888 4640 3003 4693 ἑςτι
3026 4639 3063 4693 b
3093 4641 3101 4710 Ι

520 4726 599 4774 23.
641 4722 1033 4791 τεταμμενων]
1080 4720 1174 4774 fol.
1222 4725 1312 4774 181
1349 4737 1392 4773 r.
1448 4721 1471 4787 Ι·
1512 4727 1594 4775 24.
1643 4725 1733 4777 καὶ
1781 4723 1986 4791 τηνίκα
2029 4722 2095 4790 b,
2142 4739 2211 4777 το
2255 4740 2482 4791 τηνικα,
2526 4739 2595 4779 το
2639 4740 2810 4793 supra
2853 4723 2968 4787 lin„
3005 4726 3049 4779 Α
3093 4725 3100 4795 Ι

519 4810 601 4858 25.
640 4822 897 4875 χερνιτης
934 4808 995 4871 Α,
1034 4807 1100 4859 cf.
1139 4822 1190 4874 p,
1231 4811 1345 4870 171,
1382 4811 1439 4857 21
1489 4807 1499 4873 1
1537 4810 1617 4860 27.
1654 4825 1723 4862 το
1759 4808 1892 4861 ante
1927 4824 2037 4875 την
2071 4823 2243 4876 supra
2276 4807 2372 4866 lin.
2410 4809 2472 4862 Α1
2542 4811 2551 4877 Ι
2615 4815 2696 4866 31,
2741 4808 2812 4861 τὸ
2859 4811 2961 4874 μὲν
3007 4810 3102 4863 ὅδε

521 4888 724 4942 conicit
760 4888 1115 4945 RSchneider
1148 4906 1252 4960 pro
1288 4890 1522 4962 vulgata
1555 4892 1589 4948 ὃ
1626 4895 1728 4959 μὲν
1776 4896 1786 4960 1
1837 4893 1907 4948 τὸ
1944 4894 2003 4947 δὲ
2038 4892 2072 4948 ὃ
2107 4893 2166 4946 δέ
2204 4892 2409 4949 conicit
2442 4891 2802 4948 RSchneider
2833 4908 2937 4965 pro
2973 4895 3005 4948 δ
3041 4895 3104 4952 δὲ
