3738 5530
622 356 745 416 114
1534 353 1737 420 [ΠΕΡΙ
1774 352 2306 420 ΑΝΤῼΝΤΜΙΑΣ]

1460 477 1504 513 p.
1534 467 1607 505 144
1635 466 1746 514 (40⁴)
1773 466 1811 505 B
1841 467 1889 505 10
1913 484 1964 494 -
1993 465 2066 504 1⁴⁷
2096 464 2205 514 (407)
2235 465 2268 506 C
2294 465 2319 505 3
2347 465 2377 503 b

618 562 782 640 πρὸς
837 561 953 638 τὴν
1010 559 1298 642 εὐθεῖαν,
1367 561 1494 639 ἐμὲ
1550 562 1975 626 Διονύςιος
2040 559 2390 637 ἕπαιςεν,
2461 559 2615 634 ἐγώ
2682 579 2800 624 cot
2855 559 3208 639 ἐλάληςα,
3247 564 3289 622 C

619 662 1199 742 Ἀριςτοφάνης
1242 662 1749 742 Ἀρίςταρχον
1807 663 2172 729 ἐδίδαξεν
2221 661 2329 745 (ἦν
2373 663 2444 725 δὲ
2488 663 2589 725 καὶ
2634 661 2916 729 ςύνταξις
2948 663 3019 727 ἐν
3055 666 3209 727 πλα·

617 765 778 840 γίοις
844 765 1002 844 μετὰ
1063 768 1176 842 τῆς
1230 764 1716 842 ἐπιτάγματικῆς
1782 766 2031 846 τοιάδε,
2098 763 2226 841 ἐμὲ
2293 762 2541 828 αὐτὸν
2604 764 2893 843 ἔτυψεν
2960 761 3211 845 οὗτος,

619 866 793 946 ἐμοὶ
847 866 1059 947 αὐτῷ
1117 864 1501 945 ἐλάληςεν
1559 865 2081 945 Ἀρίςταρχος.
2184 865 2285 930 καὶ
2340 865 2378 942 ἡ
2438 866 2554 945 μὲν
2609 865 2870 944 τοιαύτη
2930 865 3212 931 ςύνταξις

552 987 583 1034 5
620 967 1122 1034 ἀςυνελεύςτους
1181 965 1355 1045 εἶχεν
1411 968 1501 1031 εἰς-
1555 967 1839 1058 εὐνθεςιν
1896 968 2009 1032 τάς
2062 966 2526 1051 ἀντωνυμίας)·
2587 966 2725 1031 ἐπεὶ
2780 967 2850 1031 δὲ
2905 967 3211 1031 πολλάκις

620 1070 684 1134 αἱ
727 1070 798 1134 ἐκ
838 1075 974 1134 τῶν
1021 1069 1320 1149 ῥημάτων
1365 1068 1675 1148 ἐνέργειαι
1721 1069 1801 1134 οὐ
1845 1070 2052 1149 μόνον
2098 1068 2163 1133 ἐξ
2208 1067 2450 1146 ἑτέρων
2494 1069 2864 1148 προςώπων
2910 1068 2997 1134 εἰς
3027 1068 3213 1147 ἕτερα

619 1169 1057 1236 ἀπετελοῦντο
1076 1220 1095 1251 ,
1152 1170 1321 1235 ἀλλὰ
1378 1171 1477 1236 καὶ
1533 1170 1948 1236 αὐτοπάθειαί
2002 1191 2170 1235 τινες
2224 1170 2549 1253 ἐγίνοντο,
2604 1171 2924 1236 τουτέςτιν
2980 1168 3089 1235 ὅτε
3134 1171 3207 1236 ἓν
3247 1177 3412 1230 145A

618 1273 973 1351 πρόςωπον
1019 1273 1096 1337 τό
1140 1292 1209 1337 τε
1253 1276 1429 1351 δρῶν
1476 1273 1576 1338 καὶ
1619 1274 1694 1337 τὸ
1740 1274 2108 1350 δρώμενον,
2157 1271 2528 1336 ἀπετελεῖτο
2575 1274 2784 1338 διςςὸν
2832 1276 3034 1352 ςχῆμα
3077 1276 3211 1337 τῶν

620 1372 1079 1457 ἀντωνυμιῶν,
1137 1376 1214 1439 τό
1270 1394 1339 1438 τε
1394 1374 1730 1450 ςύνθετον,
1789 1373 1952 1452 ὅπερ
1997 1376 2276 1438 καλεῖται
2323 1373 2937 1455 ἀντανακλώμενον,
2993 1373 3092 1437 καὶ
3133 1373 3211 1437 τὸ

520 1493 587 1540 10
623 1475 1013 1546 ἀλλοπαθές,
1060 1475 1193 1556 ἐμὲ
1225 1475 1467 1540 αὐτὸν
1499 1475 1785 1540 ἔπαιςα
1815 1476 2092 1556 ἐμαυτὸν
2124 1474 2376 1551 ἔπαιςα,
2424 1474 2598 1554 ἐμοὶ
2629 1476 2836 1560 αὐτῷ
2867 1475 3211 1554 ἑλάληςα

624 1579 876 1662 ἐμαυτῷ
923 1578 1218 1656 ἐλάληςα.
1308 1578 1493 1642 ἔνθεν
1538 1578 1617 1642 τὰ
1660 1578 1819 1642 κατὰ
1863 1577 2178 1643 διάςταςιν
2221 1578 2398 1656 παρὰ
2440 1581 2578 1642 τοῖς
2620 1581 2909 1656 ποιηταῖς
2954 1576 3041 1642 εἰς
3074 1578 3211 1643 ςύν·

620 1686 787 1745 θεςιν
834 1679 1449 1760 παραλαμβάνομεν,
1493 1684 1610 1743 τοῦ
1654 1680 1958 1745 τοιούτου
2002 1679 2486 1758 παρεπομένου·

875 1780 1097 1860 ἐμέθεν
1142 1783 1567 1861 περιδώςομαι
1611 1781 1809 1859 αὐτῆς
1850 1778 1932 1866 (ψ
1980 1780 2122 1864 78)·
3241 1787 3286 1840 Β

619 1882 759 1948 ἴςον
802 1883 925 1962 γάρ
969 1883 1094 1948 ἐςτι
1138 1889 1229 1966 τῷ
1276 1883 1577 1963 ἐμαυτῆς·
1622 1884 1722 1948 καὶ

522 1997 584 2046 15
876 1984 1041 2050 ἀλλὰ
1084 1985 1163 2049 τά
1207 1986 1322 2064 μὲν
1368 1986 1540 2049 νοέω
1587 1986 1687 2050 καὶ
1731 1984 2091 2065 φράςςομαι
2134 1983 2276 2050 ἅςς’
2321 1984 2401 2052 ἂν
2446 1984 2585 2060 ἐμοί
2629 2006 2750 2064 περ

874 2085 1034 2169 αὐτῇ
1081 2088 1140 2169 (ε
1190 2085 1370 2170 188)·
1955 2104 1972 2113 “

619 2188 763 2254 ἀντὶ
805 2192 920 2252 τοῦ
966 2188 1219 2272 ἐμαυτῇ.

790 2291 1016 2355 Ἔνθεν
1062 2290 1183 2355 οὖν
1231 2289 1401 2365 λέγω
1446 2290 1551 2354 ἐπὶ
1593 2295 1726 2356 τῶν
1772 2291 2062 2369 πλαγίων
2109 2293 2182 2356 τὸ
2227 2296 2532 2370 χρειῶδες
2576 2291 2657 2371 ἦν
2700 2294 2810 2369 τῆς
2843 2290 3206 2357 ςυνθέςεως.

619 2393 699 2456 οὐ
757 2392 880 2470 γὰρ
936 2393 1014 2472 δή
1059 2411 1134 2467 γε
1178 2391 1281 2456 ἐπὶ
1323 2395 1434 2470 τῆς
1478 2391 1723 2458 εὐθείας
1775 2392 1866 2458 ἔτι
1911 2394 1987 2457 τὸ
2033 2394 2243 2459 διςςὸν
2286 2394 2634 2472 παρείπετο
2678 2395 2788 2470 τῆς
2833 2393 3208 2474 ςυντάξεως,

520 2505 587 2555 20
622 2494 791 2569 λέγω
858 2494 934 2558 τὸ
991 2493 1354 2559 αὐτοπαθὲς
1412 2495 1514 2559 καὶ
1566 2496 1640 2559 τὸ
1697 2495 1768 2560 ἐν
1825 2495 2157 2575 μεταβάςει
2214 2497 2584 2574 προςώπου.
2687 2495 2788 2559 διὸ
2835 2494 2989 2560 οὐδὲ
3032 2514 3207 2559 ςυνε-

618 2595 825 2661 τίθετο
869 2596 945 2659 τὸ
991 2596 1119 2671 ἐγὼ
1165 2596 1379 2661 αὐτός.
1429 2630 1507 2642 --
1551 2599 1654 2660 καὶ
1696 2596 1751 2660 εἰ
1792 2600 2020 2674 τοῦτο,
2065 2599 2403 2677 προφανὲς
2449 2596 2546 2661 ὅτι
2592 2596 2748 2661 οὐδὲ
2791 2599 2903 2675 τῆς
2933 2596 3209 2674 ἐμαυτοῦ
3246 2601 3288 2656 C

618 2700 905 2777 κτητικῆς
948 2696 1164 2761 εὐθεῖά
1205 2718 1298 2761 τις
1344 2700 1802 2778 καταςτήςεταιζ
1866 2735 1941 2745 -
1999 2698 2221 2764 ἔπειτα
2279 2699 2560 2781 ὤφειλεν
2607 2698 2978 2781 οὐμᾶλλον
3024 2699 3208 2778 ἐμαυ-

619 2800 729 2865 τός
775 2799 873 2863 ὡς
920 2799 1214 2878 ἐγαυτός,
1265 2799 1397 2876 εἴγε
1441 2802 1543 2866 καὶ
1584 2805 1695 2880 τῆς
1740 2801 1899 2881 ἐμοῦ
1943 2802 2110 2867 ἐςτὶν
2157 2801 2317 2881 ὀρθὴ
2362 2803 2400 2881 ἡ
2432 2801 2589 2879 ἐγώ,
2636 2801 2782 2882 μετ’
2812 2800 3207 2879 ἐπιτάγματι-

623 2904 733 2979 κῆς
778 2905 889 2981 τῆς
935 2900 1147 2967 αὐτός.
1194 2939 1276 2948 -
1320 2903 1449 2967 Ἔτι
1494 2905 1627 2969 ταῖς
1672 2905 1998 2976 ςυνθέτοις
2045 2903 2467 2985 ἀντωνυμίαις
2514 2903 2760 2983 ῥήματα
2804 2902 3048 2968 ςύνεςτι
3091 2904 3208 2966 τοῦ

518 3011 585 3060 25
619 3003 819 3069 αὐτοῦ
863 3003 1252 3086 προςώπου,
1299 3005 1639 3084 ἐμαυτὸν
1685 3005 2001 3087 ἔπαιςα,
2048 3005 2351 3089 ἐμαυτῷ
2395 3004 2768 3084 ἐλάληςα,
2813 3005 2914 3069 καὶ
2942 3003 3209 3082 δυνάμει

617 3105 657 3183 ἡ
717 3106 1003 3171 ςύνταξις
1056 3106 1314 3184 τοιαύτη
1371 3105 1567 3187 ἐςτίν,
1633 3106 1786 3182 ἐγὼ
1846 3106 1980 3184 ἐμὲ
2035 3107 2350 3184 ἔπαιςα,
2409 3107 2560 3183 ἐγὼ
2618 3106 2789 3186 ἐμοὶ
2844 3105 3206 3182 ἐλάληςα.
3249 3111 3416 3165 ι46Α

619 3208 718 3271 καὶ
786 3208 1077 3287 φανερόν
1145 3208 1306 3273 ἐςτιν
1375 3207 1472 3272 ὅτι
1536 3205 1574 3284 ἡ
1641 3208 1928 3275 ςῦνταξις
1989 3212 2107 3272 τοῦ
2165 3208 2444 3287 ῥήματος
2497 3208 2758 3287 δυνάμει
2826 3208 2991 3272 ἐςτὶν
3047 3204 3205 3284 ὀρθὴ

617 3314 851 3374 πτῶςις
905 3310 1061 3388 μετὰ
1114 3310 1506 3390 πράγματος.
1615 3309 1669 3373 εἰ
1726 3308 1844 3375 οὖν
1903 3310 2149 3390 ςυςταίη
2207 3311 2245 3390 ἡ
2303 3310 2571 3390 ἐμαυτός
2638 3311 2742 3374 καὶ
2805 3308 2946 3388 μετ’
3015 3306 3210 3384 αὐτῆς

622 3411 789 3491 ῥῆμα
819 3415 934 3477 τοῦ
966 3410 1166 3477 αὐτοῦ
1198 3411 1556 3490 προςώπου
1587 3411 2018 3488 ςυντάςςοιτο,
2064 3412 2353 3488 γένοιντ’
2396 3411 2476 3477 ἂν
2507 3411 2771 3493 δυνάμει
2802 3410 2922 3475 δύο
2954 3409 3206 3474 εὐθεῖαι.

522 3522 588 3571 30
623 3513 741 3577 δύο
799 3514 869 3578 δὲ
927 3514 1166 3578 εὐθεῖαι
1224 3512 1541 3578 οὐδέποτε
1595 3514 1846 3578 θέλουςι
1903 3513 2345 3579 ςυντάςςεςθαι
2402 3513 2473 3579 ἐν
2528 3516 2664 3578 ταῖς
2708 3514 3029 3579 ςυντάξεςι
3072 3516 3206 3576 τῶν

621 3614 949 3698 ῥημάτων,
1008 3615 1173 3679 ἀλλὰ
1216 3615 1491 3691 πλάγιος
1535 3616 1635 3680 καὶ
1679 3615 1925 3691 εὐθεῖα,
1984 3615 2057 3680 ἐν
2113 3636 2186 3692 γε
2242 3617 2377 3680 ταῖς
2423 3615 2494 3681 ἐν
2539 3614 2867 3696 μεταβάςει
2913 3613 3206 3694 ἐχούςαις

618 3718 694 3782 τὸ
743 3717 969 3796 ἕτερον
1013 3716 1389 3796 πρόςωπον.
1483 3717 1601 3804 οὐκ
1646 3715 1771 3796 ἄρα
1801 3717 2157 3796 ςυςτήςεται
2200 3717 2239 3795 ἡ
2285 3717 2557 3796 ἐμαυτόε
2599 3718 2756 3782 κατὰ
2798 3722 3014 3783 τοῦτο.

788 3817 982 3884 Ἀλλὰ
1022 3820 1124 3885 καὶ
1165 3818 1220 3883 εἰ
1249 3818 1443 3885 τοῦτό
1473 3841 1566 3885 τις
1597 3819 1988 3901 παραλάβοι,
2035 3818 2127 3882 ὡς
2156 3818 2231 3883 τὸ
2277 3817 2651 3898 ἀλλήλων
2683 3820 2785 3885 καὶ
2814 3818 3208 3897 ἀλλήλους
3243 3827 3289 3880 Β

619 3921 903 3989 ςύνθεςιν
962 3920 1094 4000 ἔχει
1151 3921 1282 3987 ἀπὸ
1329 3922 1683 4000 προςώπου
1742 3920 1831 3987 εἰς
1875 3921 2229 4000 πρόςωπον
2273 3922 2667 4004 διαβατικήν,
2723 3920 2795 3987 ἐν
2852 3920 3065 4004 εὐθείᾳ
3108 3922 3211 3986 καὶ

754 4108 972 4161 Anum.
1035 4111 1092 4159 11
1120 4104 1228 4159 Pro
1253 4106 1457 4174 quibus
1491 4106 1644 4176 apud
1678 4107 1879 4176 poetas
1914 4107 2129 4161 formae
2164 4122 2278 4160 non
2314 4107 2659 4176 compositae
2684 4106 3118 4160 substituuntur.
3143 4133 3210 4144 —-

621 4196 686 4246 18
733 4190 797 4243 In
844 4190 1190 4246 nominativo
1238 4190 1413 4260 igitur
1456 4207 1584 4244 cum
1627 4207 1740 4245 non
1786 4191 1863 4246 sit
1907 4191 2116 4260 duplex
2163 4190 2531 4260 constructio,
2576 4192 2712 4245 satis
2757 4192 2844 4245 est
2885 4192 3004 4256 ἐγὼ,
3034 4190 3210 4244 αὐτός

620 4274 757 4342 dioi3
807 4275 1117 4343 composita
1161 4276 1344 4330 forma
1384 4293 1497 4330 non
1546 4276 1865 4346 requiritur.
1949 4275 2211 4330 Ceterum
2257 4292 2326 4330 ea
2367 4293 2480 4330 non
2517 4277 2785 4344 ἐμαυτός,
2836 4274 2934 4328 sed
2972 4275 3209 4340 ἐγαυτός

621 4362 785 4415 esset.
806 4390 871 4399 —
890 4366 956 4414 24
975 4360 1041 4414 In
1058 4361 1231 4415 verbo
1251 4360 1628 4415 nominativus
1646 4361 1820 4426 inest-3
1850 4360 1922 4413 ad
1949 4376 2076 4414 eum
2095 4360 2141 4413 si
2161 4360 2321 4425 alter,
2350 4361 2521 4430 quiin
2542 4362 2782 4428 ἑμαυτός
2802 4359 3024 4413 futurus
3042 4361 3211 4423 esset,

623 4444 944 4512 accederet,
984 4445 1096 4499 duo
1121 4447 1311 4500 essent
1332 4443 1684 4500 nominativi.
1713 4476 1768 4484 -
1799 4449 1864 4499 33
1905 4444 2191 4511 Ἐμαυτός,
2229 4446 2383 4512 quod
2418 4444 2522 4501 sibi
2549 4445 2847 4511 finxerunt,
2885 4460 2997 4497 non
3021 4444 3212 4513 potest

621 4529 937 4600 comparari
973 4546 1102 4584 cum
1139 4531 1434 4598 ἀλλήλωνς
1472 4530 1531 4583 in
1566 4529 1672 4584 hoo
1708 4528 1857 4583 enim
1892 4528 2274 4583 nominativus
2314 4532 2400 4584 ent
2432 4531 2587 4600 prior
2621 4529 2917 4599 compositi
2952 4545 3098 4598 pars.

755 4681 936 4739 stcn.
974 4701 1171 4739 sempr.
1245 4689 1293 4739 7.
1329 4683 1391 4738 ἓν
1428 4683 1491 4749 b,
1542 4685 1604 4736 ἑν
1640 4683 1709 4735 ὸν
1747 4683 1818 4748 Α,
1864 4680 1929 4735 ἓν
1963 4684 2038 4749 ἣν
2074 4682 2280 4738 conicit
2313 4681 2671 4738 RSchneider
2737 4684 2746 4751 Ι
2813 4687 2890 4741 14.
2928 4698 3077 4738 εςτιν
3112 4684 3157 4738 Α
3198 4681 3206 4751 Ι

624 4772 704 4822 15.
738 4765 862 4822 ἃςς’
898 4769 969 4821 ἂν
1007 4768 1040 4820 b
1078 4767 1380 4832 HomeruS,
1418 4783 1512 4822 αςς
1550 4768 1594 4822 Α
1636 4767 1645 4835 Ι
1684 4771 1766 4820 22.
1802 4784 2208 4837 καταςτηςεται
2244 4769 2316 4835 Α,
2355 4770 2679 4836 ςυςτήςεται
2715 4767 2750 4821 b
2791 4769 2800 4835 Ι
2842 4767 3039 4821 ἔπειτα
3075 4767 3112 4819 b
3149 4765 3208 4821 in

618 4867 735 4906 var.
774 4851 919 4923 lect.,
959 4853 1081 4906 ἐπεί
1119 4870 1207 4907 τοι
1243 4853 1334 4908 Ab
1371 4852 1429 4906 in
1464 4854 1626 4908 textu
1653 4854 1665 4923 Ι
1696 4858 1778 4909 29.
1816 4854 2071 4919 γένοιντ’
2107 4853 2175 4921 b,
2211 4856 2428 4920 γενοιτ·
2465 4856 2508 4909 Α
2539 4858 2550 4920 Ι
2581 4859 2663 4908 30.
2701 4855 2956 4907 θελουςιν
2992 4852 3036 4906 Α
