3738 5530
1420 378 1936 432 PERSONALWM
1971 375 2255 430 DVALIS.
3045 375 3126 440 91

458 598 507 651 Β
546 587 851 661 τίθενται,
905 586 1025 650 «ὡς
1069 584 1131 648 αἱ
1176 584 1615 663 ἐγκλινόμεναι
1660 583 1763 647 καὶ
1793 581 2327 661 ὀρθοτονοῦνται·
2373 581 2824 662 ἑγκλινομένης
2869 584 2988 648 οὖν
3017 589 3130 663 τῆς

544 689 749 768 ςφωίν
795 688 877 768 ἦν
923 688 997 752 τὸ
1040 687 1604 766 ὀρθοτονούμενον
1638 688 1878 765 ςφῶιν,
1926 682 2088 762 ὅπερ
2133 684 2239 748 ἐπὶ
2267 684 2574 761 δευτέρου
2606 686 3015 765 μετελήφθη».
3057 722 3126 735 —-

544 790 639 855 Οὐ
684 793 781 854 δεῖ
825 789 1044 869 μέντοι
1087 792 1197 866 τῆς
1243 789 1524 866 χρήςεως
1567 790 1642 851 τὸ
1690 787 1974 866 διηνεκὲς
2020 786 2348 865 βιάζεςθαι.
2399 821 2470 831 -
2520 785 2739 849 ἔπειτα
2781 789 2853 851 δὲ
2898 788 2936 865 ἡ
2969 786 3131 853 αἰτία

540 895 659 956 τοῦ
704 890 917 969 μόνως
972 889 1352 970 ὀρθοτονεῖν
1408 889 1488 954 οὐ
1535 889 1740 969 μόνον
1783 889 1900 954 τὰς
1941 891 2059 952 τοῦ
2104 887 2442 965 δευτέρου,
2500 886 2668 952 ἀλλὰ
2712 889 2813 952 καὶ
2856 890 2969 953 τὰς
3013 894 3131 953 τοῦ

542 994 838 1072 πρώτου,
886 990 1141 1070 εἴρηται.
1188 1027 1269 1038 -
1315 993 1481 1069 πρὸς
1527 990 1626 1056 οἷς
1668 991 1774 1055 καὶ
1815 991 1896 1055 τὰ
1940 992 2050 1068 τῆς
2094 991 2350 1070 γραφῆς
2395 987 2780 1053 ἀντιπίπτει·
2827 988 2969 1054 ἰδοὺ
3009 990 3132 1070 γὰρ
3169 1009 3200 1055 5

540 1095 621 1159 τὸ
663 1095 878 1173 τρίτον
924 1093 1136 1174 ςφωέ,
1179 1093 1256 1157 τὸ
1302 1093 1610 1170 δεύτερον
1655 1093 1759 1177 διὰ
1801 1095 1922 1156 τοῦ
1966 1094 2004 1156 ῑ.
2071 1127 2134 1137 -
2195 1091 2272 1156 τὸ
2317 1091 2388 1154 δὲ
2430 1092 2684 1167 μεῖζον·
2741 1092 2822 1156 τὰ
2865 1091 3133 1173 δεύτερα

455 1205 503 1261 C
542 1194 1071 1275 ὀρθοτονούμενα
1136 1192 1420 1259 δίπτωτά
1474 1194 1633 1277 ἐςτι,
1704 1195 1785 1257 τὰ
1840 1193 1915 1257 δὲ
1973 1193 2152 1271 τρίτα
2206 1190 2417 1256 οὐκέτι
2487 1190 2931 1271 ἐγκλινόμενα,
2999 1199 3132 1259 τῶν

539 1296 1015 1376 ἐγκλινομένων
1074 1297 1188 1361 τὰς
1243 1295 1439 1360 αὐτὰς
1497 1296 1765 1361 πτώςεις
1811 1294 2328 1437 ἀναδεχομένων.
2417 1294 2614 1372 χωρὶς
2659 1293 2713 1359 εἰ
2758 1295 2839 1373 μὴ
2884 1295 2987 1359 καὶ
3028 1315 3131 1371 γε-

545 1401 726 1477 νικὴν
771 1398 1058 1478 ςημαίνοι
1101 1398 1140 1475 ἡ
1187 1397 1394 1477 ςφωίν
1439 1397 1511 1462 ἐν
1555 1403 1649 1481 τῷ

796 1500 938 1564 ἀλλ’
982 1498 1118 1564 εἴπ
1163 1498 1222 1563 εἴ
1263 1519 1467 1580 ςφωιν
1512 1499 1946 1578 καταλύςομεν
1994 1499 2057 1578 (δ
2102 1496 2236 1579 28),
3139 1513 3200 1562 10

542 1603 692 1681 περὶ
732 1601 809 1680 ἧς
853 1600 1034 1667 ἄξιον
1080 1600 1395 1679 ἐπιςτῆςαι
1442 1601 1532 1665 ὡς
1577 1599 1681 1664 ἐπὶ
1711 1600 2033 1666 πλειόνων
2064 1598 2411 1678 εὑρίςκεται
2438 1601 2694 1679 γενικὴν
2726 1599 3133 1682 ςημαίνουςα,

541 1705 703 1770 καθὸ
747 1704 850 1768 ἐπὶ
893 1707 1010 1768 τοῦ

630 1891 645 1909 ⁸
1017 1805 1168 1884 πρίν
1216 1824 1427 1885 ςφωιν
1474 1803 1604 1869 ὑπὸ
1649 1802 2067 1883 κροτάφοιςιν
2113 1801 2374 1868 ἰούλους
2419 1804 2484 1883 (λ
2526 1802 2681 1888 319)

547 1911 651 1953 και

798 1992 1051 2067 γυιώςω
1097 1991 1212 2070 μέν
1257 2009 1463 2071 ςφωιν
1508 1992 1588 2072 (Θ
1631 1989 1810 2073 402).
3139 2002 3201 2051 15

304 2117 423 2166 117
447 2112 509 2165 A
546 2094 648 2155 καὶ
692 2096 891 2172 δῆλον
937 2091 1036 2158 ὅτι
1081 2091 1321 2157 δοτικαί
1364 2091 1477 2156 εἰςι
1521 2093 1619 2156 καὶ
1665 2092 1753 2157 εἰς
1796 2093 2053 2169 γενικὴν
2100 2091 2719 2174 μεταλαμβάνονται,
2766 2092 2856 2156 ὡς
2886 2092 2957 2158 ἐν
2989 2092 3134 2170 ςχή-

545 2213 744 2272 ματος
785 2195 944 2272 ἔθει,
991 2192 1232 2273 ὁμοίως
1274 2200 1367 2278 τῷ

1426 2295 1665 2374 Ἀχιλῆι
1709 2294 2041 2377 δαμαςθείς
2084 2294 2165 2379 (Χ
2209 2292 2325 2379 55)

802 2465 1011 2544 Τρωςὶ
1054 2464 1269 2545 δαμείς
1314 2464 1387 2547 (C
1430 2464 1606 2547 461).
3166 2477 3233 2525 20

719 2568 864 2631 «Καὶ
908 2568 1108 2644 δῆλον
1157 2566 1253 2630 ὅτι
1300 2567 1336 2645 ἡ
1382 2568 1632 2645 κτητικὴ
1678 2568 1857 2646 δυϊκὴ
1903 2569 2062 2631 κατὰ
2091 2569 2253 2650 <τό>
2293 2552 2409 2633 τοῦ
2439 2569 2749 2646 κτήτορος
2780 2568 3134 2646 πρόςωπον

547 2667 852 2748 ἀφορμὴν
911 2668 1148 2732 δέδωκε
1205 2672 1322 2732 τοῦ
1379 2670 1495 2746 τὴν
1553 2670 1807 2746 γενικὴν
1863 2672 1982 2733 τοῦ
2027 2668 2244 2747 τρίτου
2291 2674 2649 2748 ςεςιγῆςθαι.
2738 2670 2793 2733 εἰ
2833 2670 2958 2746 γὰρ
3004 2668 3136 2732 ἀπὸ

454 2788 510 2841 Β
548 2773 801 2848 γενικῆς
856 2775 967 2848 τῆς
1022 2775 1178 2836 νῶιν
1240 2771 1547 2849 νωίτερος
1600 2772 1701 2834 καὶ
1759 2776 1968 2851 ςφῶιν
2026 2771 2413 2853 ςφωίτερος,
2467 2775 2668 2851 δῆλον
2725 2771 2815 2837 ὡς
2859 2774 2961 2836 καὶ
3006 2770 3135 2836 ἀπὸ

543 2876 659 2948 τῆς
702 2875 818 2936 τοῦ
862 2873 1081 2951 τρίτου
1123 2876 1376 2950 γενικῆς
1421 2873 1670 2948 ἐγίνετο
1717 2872 1969 2937 δυῑκόν·
2017 2870 2181 2953 ὅπερ
2227 2875 2345 2939 οὐκ
2390 2874 2576 2940 ἔςτιν.
2665 2873 2849 2938 ἔνθεν
2895 2873 3016 2938 οὖν
3059 2872 3136 2937 τὸ

544 2972 980 3050 πρωτότυπον
1036 2975 1250 3052 τρίτον
1308 2974 1807 3052 ἀπαράδεκτον.»
1897 2974 2089 3038 Ἀλλὰ
2144 2976 2307 3054 πρός
2351 2995 2425 3052 γε
2469 2980 2665 3041 τοῦτο
2724 2974 2987 3056 ῥητέον,
3045 2975 3137 3037 ὡς
3165 2957 3241 3032 ’25

546 3073 671 3152 οὐχ
751 3073 791 3151 ἡ
867 3078 1000 3141 τῶν
1078 3076 1490 3154 παραγώγων
1580 3074 1905 3153 ὑποςτολὴ
1983 3075 2148 3140 αἰτία
2224 3078 2551 3156 γενήςεται
2630 3079 2748 3141 τοῦ
2831 3076 2989 3154 μηδὲ
3059 3076 3139 3139 τὰ

546 2382 653 2444 καὶ

686 3259 906 3314 Anava.
975 3265 1033 3312 21
1069 3260 1262 3326 (φωίν
1295 3258 1477 3313 solum
1512 3259 1766 3313 dativum
1803 3258 2149 3328 siguificare,
2186 3260 2496 3316 adversarii
2530 3260 2734 3313 mirum
2771 3276 2882 3313 non
2909 3276 3029 3314 esse
3055 3259 3138 3312 di-

548 3345 712 3411 cunt,
757 3343 935 3411 ‘quod
980 3343 1195 3397 nullum
1243 3344 1426 3397 exstet
1468 3343 1840 3412 possessivum
1886 3344 2091 3398 tertiae
2135 3361 2436 3415 personam
2491 3345 2548 3398 id
2596 3339 2746 3398 enim
2796 3361 2830 3398 a
2873 3344 3138 3414 genetivo

548 3428 792 3482 derivari
838 3427 1045 3492 εοίοτος
1091 3428 1189 3482 sed
1235 3445 1363 3483 eum
1399 3428 1717 3482 derivatum
1763 3444 1874 3482 non
1922 3429 2016 3495 eit,
2067 3432 2502 3484 eonsenssanenm
2543 3445 2663 3482 esse
2699 3444 2771 3482 ne
2808 3428 3137 3498 genetivum

549 3512 781 3580 quidem
826 3514 1090 3567 exstare&
1164 3514 1242 3566 At
1276 3515 1518 3567 centena.
1550 3511 1845 3581 primibiva.
1880 3513 2125 3576 exstant,
2171 3529 2207 3566 a.
2250 3514 2454 3582 quibus
2499 3512 2639 3566 nihil
2676 3512 2996 3567 derivatum
3033 3514 3137 3576 est,

549 3597 809 3666 quamvis
859 3596 1004 3651 ratio
1058 3599 1241 3667 cogat.
1330 3595 1547 3651 Deinde
1594 3597 1852 3651 derivata
1901 3597 2238 3666 pronomina
2287 3599 2359 3652 ab
2407 3597 2718 3652 orthotonis
2763 3597 3138 3659 descendunt;

554 3682 739 3747 ςφωίν
772 3683 967 3736 autem
1002 3697 1225 3750 semper
1257 3681 1573 3735 inclinatur.

686 3851 905 3905 Tuom.
978 3858 1044 3905 23
1068 3882 1132 3892 --
1157 3868 1211 3919 p.
1246 3857 1339 3916 92,
1376 3857 1409 3906 5
1444 3850 1641 3908 Choer.
1678 3851 1859 3921 Epim.
1887 3856 1977 3918 86,
2018 3858 2081 3906 18
2107 3844 2239 3905 Ἀπὸ
2273 3854 2378 3907 τοῦ
2413 3851 2516 3906 νῶι
2555 3856 2679 3917 (ser.
2717 3854 2880 3918 νῶιν)
2917 3853 3135 3919 γίνεται

551 3934 585 3990 ὁ
632 3938 928 4004 νωίτερος,
978 3930 1012 4003 ἡ
1052 3934 1327 4003 ’‘mett-‘oum
1376 3931 1441 3990 τὰ
1477 3939 1777 4003 νωίτερον·
1823 3932 1940 3991 ἀπὸ
1985 3939 2089 3991 τοῦ
2129 3939 2279 4004 σφῶι
2318 3940 2442 4005 (aer.
2488 3937 2700 4003 σφῶιν)
2735 3930 2767 3991 ὁ
2806 3938 3140 4002 amnuit-2009,

552 4018 591 4088 ἡ
632 4020 951 4089 σφωιτέρα,
989 4020 1055 4074 τὸ
1091 4023 1433 4087 σφωίτερον·
1473 4014 1587 4076 ἀπὸ
1626 4023 1728 4075 τοῦ
1766 4023 1922 4090 σφῶε
1960 4024 2086 4088 (eor.
2114 4021 2290 4091 σφωὲ)
2320 4015 2388 4075 οὗ
2414 4023 2636 4090 γίνεται
2673 4017 3013 4089 παράγωγος
3039 4011 3134 4072 ἂν·

550 4108 812 4173 τωνυμία
866 4099 968 4158 διὰ
1023 4099 1087 4159 τὸ
1148 4100 1335 4173 μόνως
1368 4101 1765 4173 ’ἔγκλίνεσθαι
1811 4097 2025 4174 αὐτήν,
2081 4104 2235 4174 πλὴν
2279 4109 2403 4174 (sor.
2451 4098 2654 4172 αὐτὴν.
2710 4105 3140 4174 Πληθυντικαὶ)

554 4184 759 4257 ἡμεῖς,
798 4182 991 4258 ὑμεῖς,
1029 4195 1222 4259 σφεῖς.
1294 4188 1374 4243 cf.
1413 4188 1500 4244 Et.
1538 4188 1613 4243 M.
1650 4195 1775 4256 314,
1809 4196 1893 4244 20.

692 4358 882 4413 Dnox.
920 4375 1124 4413 sempr.
1193 4365 1243 4413 3.
1278 4360 1340 4413 δὲ
1373 4361 1409 4424 ἠ
1450 4358 1600 4414 αἰτία
1626 4362 1669 4414 Α
1707 4361 1767 4413 et
1789 4361 1825 4413 b
1860 4359 1920 4412 in
1955 4361 2133 4423 textu,
2173 4358 2391 4413 ‘Malim
2429 4362 2520 4413 καὶ
2557 4360 2592 4425 ἡ
2632 4358 2800 4413 αἰτία’
2836 4356 2912 4410 id.
2938 4357 2996 4411 in
3022 4374 3140 4412 var.

554 4443 686 4502 leet.
725 4445 735 4508 Ι
780 4449 830 4497 4.
866 4442 1093 4498 litterae
1129 4461 1183 4497 ιν
1216 4461 1285 4497 ου
1322 4461 1359 4510 μ
1396 4459 1596 4499 vocum
1632 4449 1963 4512 ορθοτονειν
1997 4461 2065 4499 ου
2102 4461 2279 4510 μονον
2314 4444 2370 4495 in
2408 4459 2602 4497 rasura
2636 4443 2708 4496 ab
2746 4443 2812 4496 ΑΙ
2852 4443 2862 4509 Ι
2900 4458 3001 4496 τας
3037 4459 3143 4496 του

560 4530 635 4594 Α,
670 4530 744 4583 τὰ
776 4533 879 4582 τοῦ
916 4527 953 4582 b
1001 4531 1011 4594 Ι
1056 4544 1157 4583 τας
1193 4545 1296 4583 του
1336 4530 1403 4593 Α,
1442 4530 1513 4584 τὰ
1550 4533 1653 4583 τοῦ
1688 4528 1726 4581 b
1774 4535 1783 4594 Ι
1830 4534 1878 4582 6.
1915 4531 1985 4583 τὸ
2020 4528 2163 4596 <δὲ>
2199 4530 2471 4596 δεύτερον
2505 4526 2858 4595 JGuttentag
2904 4528 2913 4594 Ι
2959 4525 3018 4578 in
3053 4527 3144 4581 δια

560 4611 768 4667 desinit
800 4611 1240 4679 sol.185v.‚ab
1274 4612 1479 4667 litteris
1514 4629 1552 4667 α
1586 4629 1691 4668 του
1726 4630 1743 4666 ι
1778 4611 1979 4682 incipit
2012 4612 2106 4665 fol.
2149 4617 2245 4666 186
2270 4629 2313 4666 r.
2357 4618 2365 4679 Ι
2405 4618 2451 4667 7.
2490 4628 2643 4666 εςτιν
2681 4614 2723 4666 Α
2756 4613 2765 4678 Ι
2804 4615 2852 4664 9.
2891 4610 3143 4678 ςημαίνοι

562 4698 630 4760 b,
666 4713 915 4764 ςημαινει
952 4699 995 4752 Α
1050 4701 1060 4765 Ι
1112 4697 1297 4766 ςφωίν
1331 4697 1556 4768 scripsit
1589 4696 1973 4762 RSohneider,
2009 4702 2190 4764 ςφῶιν
2225 4697 2262 4750 b
2316 4698 2326 4764 Ι
2386 4701 2460 4752 10.
2497 4696 2548 4749 εἴ
2586 4695 2706 4760 Ab,
2743 4697 2780 4762 ἡ
2815 4694 3093 4749 Homerus
3133 4695 3139 4761 Ι

565 4797 950 4849 καταχυςομεν
986 4784 1029 4837 Α
1061 4784 1071 4849 Ι
1102 4789 1182 4838 15.
1215 4798 1439 4846 γυωιςω
1477 4784 1520 4837 Α
1553 4786 1561 4848 Ι
1594 4788 1673 4840 18.
1711 4784 1940 4883 Αχιλληι
1979 4783 2022 4836 Α
2061 4784 2070 4850 Ι
2109 4788 2191 4836 20.
2228 4797 2435 4848 τρωςιν
2472 4782 2551 4849 ΑΙ
2587 4786 2667 4834 21.
2706 4782 2776 4835 τὸ
2810 4784 2914 4835 τοῦ
2951 4779 3005 4846 b,
3038 4797 3144 4834 του

569 4866 612 4918 Α
642 4865 653 4932 1
683 4881 969 4934 κτητωρος
998 4870 1008 4934 Ι
1039 4873 1119 4923 22.
1156 4869 1402 4923 δεδωκεν
1438 4869 1481 4922 Α
1514 4868 1523 4934 Ι
1554 4867 1603 4923 εἰ
1638 4867 1704 4936 b,
1742 4884 1778 4934 η
1816 4868 1859 4921 Α
