3738 5530
658 321 784 386 124
863 321 1305 379 Commentarius
1335 323 1559 378 criticus
1590 325 1648 377 ct
1675 323 1995 392 exegeticus
2023 322 2083 377 in
2110 321 2398 392 Apollonii
2427 321 2654 390 Dyscoli
2684 322 2894 392 scripta
2921 322 3153 376 minora.

833 494 994 567 99,3
1042 489 1119 553 τὸ
1168 488 1351 554 ἐντὸς
1396 488 1775 572 πρόςωπον]
1824 494 1859 550 i.
1901 512 1948 551 e.
1996 488 2072 553 τὸ
2120 490 2237 552 τοῦ
2284 487 2613 566 κτήτορος,
2660 492 2731 550 cf.
2772 510 2938 568 pron.
2981 491 3082 567 15,
3105 494 3158 550 2.

834 583 994 655 99‚5
1044 577 1233 661 ςφός]
1280 583 1422 641 Ahr.
1471 582 1634 641 diall.
1682 582 1744 641 H
1792 584 1938 642 263.

833 673 993 746 99,7
1044 666 1190 749 ςφὲ]
1238 672 1379 730 Ahr.
1417 672 1578 731 diall.
1619 672 1681 730 H
1730 674 1872 730 261.

832 762 934 834 99,
957 763 993 819 9
1041 757 1142 820 καὶ
1203 756 1404 834 αὐτήν
1463 776 1532 821 τε
1592 759 1709 833 τὴν
1770 756 1947 840 ςφίν]
1996 761 2329 820 Particulas
2390 756 2491 819 καί
2551 776 2623 819 τε
2683 762 3029 820 coniunctas
3083 760 3265 819 habes

650 851 833 910 etiam
876 869 1043 926 pron.
1092 852 1149 924 6,
1171 851 1270 909 25.
1362 851 1473 910 Est
1526 870 1668 911 usus
1714 850 2090 923 Homericus,
2144 849 2216 909 de
2273 869 2388 926 quo
2446 850 2722 909 dixerunt
2776 847 3132 908 GHermann
3188 848 3266 909 ad

649 937 851 1017 Viget.
903 941 1057 1013 52ος
1115 939 1395 1018 Hartung
1440 939 1602 999 Part
1652 939 1680 997 Ι
1732 941 1842 1015 753
1900 939 2314 1018 Naegelsbach
2359 940 2436 999 ad
2481 940 2548 998 Π.
2588 932 2650 998 Α
2699 940 2856 1014 521;
2917 938 3262 998 Baeumlein

652 1028 867 1106 griech.
897 1027 1056 1087 Part.
1091 1030 1424 1104 228—293
1470 1028 1724 1108 Ebeling
1760 1029 1897 1088 Lex.
1927 1029 2100 1089 Hom.
2131 1029 2161 1087 I
2201 1030 2329 1088 624
2345 1021 2389 1086 b.
2473 1029 2649 1087 Hunc
2694 1046 2869 1088 usum
2914 1028 3073 1087 ultra
3117 1028 3264 1087 fines

650 1120 975 1176 carminum
1021 1117 1468 1178 Homericorum
1522 1138 1900 1197 progressum
1957 1136 2081 1178 esse
2136 1121 2258 1178 iam
2305 1117 2662 1177 GHermann
2708 1118 2745 1175 l.
2795 1136 2838 1177 s.
2886 1136 2929 1177 s.
2977 1116 3268 1177 indicavit

648 1206 792 1267 locis
854 1207 1113 1286 Theogn.
1169 1210 1293 1266 662
1358 1212 1419 1267 et
1481 1210 1605 1268 138
1673 1207 1907 1283 allatist,
1972 1227 2223 1283 quorum
2288 1208 2540 1266 alterum
2599 1207 2949 1266 Baeumlein
3012 1206 3266 1266 fideliter

648 1297 1079 1372 transscripsit,
1135 1297 1283 1356 haec
1342 1297 1562 1357 addens
1623 1292 1659 1354 ².
1702 1344 1714 1355 .
1763 1299 1851 1356 als
1912 1297 2229 1373 Exponent
2287 1297 2475 1356 dieses
2534 1297 2780 1357 inneren
2825 1296 3264 1356 Verbaltnisses

649 1384 754 1444 der
800 1387 1525 1465 Zusammengehorigkeit
1576 1386 1742 1446 dient
1786 1382 1872 1446 τέ.
1966 1387 2141 1445 Eine
2199 1388 2484 1462 spatere
2542 1387 2700 1446 Zeit
2747 1385 2964 1463 jedoch
3016 1385 3123 1445 hat
3165 1385 3264 1444 die

650 1475 1096 1535 ausdruckliche
1143 1476 1555 1553 Bezeichnung
1600 1475 1787 1536 dieses
1814 1476 2254 1535 Verbaltnisses
2302 1470 2711 1554 aufgegeben.’
2776 1474 3024 1557 Utinam
3067 1478 3265 1551 poste-

646 1566 807 1624 riora
850 1565 959 1624 illa
1012 1568 1285 1643 tempora
1327 1568 1732 1642 perscrutatus
1778 1567 1962 1625 esset!
2036 1565 2206 1634 Quod
2252 1585 2424 1625 nemo
2472 1565 2690 1641 adhuc,
2736 1568 3026 1642 quantum
3073 1562 3264 1639 video,

646 1654 709 1712 in
757 1671 817 1713 se
861 1655 1099 1731 recepit.
1193 1654 1458 1714 Labente
1517 1656 1844 1733 graecitate
1891 1656 2042 1714 talia
2087 1675 2118 1714 e
2164 1654 2525 1715 carminibus
2572 1656 2755 1715 etiam
2799 1655 2862 1714 in
2908 1655 3266 1731 scriptorum

647 1741 831 1803 libros
877 1743 1181 1820 irrepsisse
1226 1763 1573 1821 persuasum
1617 1745 1821 1804 habeo.
1915 1744 2128 1821 Itaque
2172 1744 2324 1803 nihil
2369 1745 2614 1804 mutavi.

827 1835 1033 1905 99,14
1082 1834 1154 1892 cf.
1201 1832 1344 1892 Lob.
1393 1834 1506 1892 ΕΠ.
1554 1833 1585 1891 Ι
1635 1834 2002 1894 259-260.

820 1921 1185 1996 Syracusani
1232 1918 1390 1997 ψίν,
1436 1920 1645 1982 Aeozes
1692 1917 1869 1997 ἄςφι
1916 1925 2110 1997 forma
2154 1926 2401 1982 utuntur
2450 1924 2853 1997 99‚15—19.

826 2013 928 2086 99,
951 2012 1030 2071 15
1080 2007 1222 2090 ψίν]
1269 2011 1412 2071 Ahr.
1460 2012 1622 2070 diall.
1661 2012 1723 2071 H
1773 2014 1916 2071 261.
2011 2011 2187 2071 Sturz
2234 2012 2309 2070 ad
2357 2012 2641 2071 Maittair.
2690 2032 2776 2090 gr.
2823 2012 2861 2070 l.
2912 2011 3070 2070 diall.
3114 2012 3268 2085 563,

651 2101 754 2175 qui
802 2093 950 2174 ἆμιν
996 2101 1248 2178 scripsit.

826 2191 1029 2265 99‚17
1081 2184 1260 2267 ᾰεφι]
1308 2190 1450 2249 Ahr.
1500 2190 1662 2249 dian.
1710 2191 1740 2249 1
1792 2192 1944 2266 1253
1989 2191 2124 2251 Mei.
2163 2190 2193 2248 1
2244 2193 2367 2249 167
2417 2183 2584 2272 (mit
2627 2189 3091 2266 prothetisohem
3137 2181 3270 2270 ᾶ’);

646 2276 1020 2338 OHoffmann
1067 2279 1127 2338 Π
1177 2281 1321 2339 561.

831 2370 885 2428 9.
932 2369 1277 2428 Accusativi
1320 2369 1572 2446 pluralis

825 2449 893 2540 α)
939 2458 1169 2535 primae
1214 2477 1513 2535 personae.

820 2548 1145 2607 Pleniorem
1197 2550 1451 2621 formam
1510 2566 1629 2608 esse
1687 2543 1919 2621 ἡμέας
1980 2566 2157 2621 quam
2214 2544 2405 2622 ἡμᾶς
2467 2549 2841 2616 eontendwnt,
2902 2564 3045 2606 nam
3100 2551 3167 2606 ut
3224 2565 3266 2605 a

645 2636 902 2711 ταχεῖς
956 2634 1258 2710 ταχέας,
1313 2639 1400 2696 ita
1454 2638 1530 2697 ab
1584 2633 1796 2711 ἡμεῖς
1850 2631 2086 2711 ἡμέας
2141 2638 2481 2697 descendere
2533 2638 2707 2710 idque
2760 2639 2931 2697 attico
2982 2654 3141 2696 more
3199 2638 3270 2695 in

641 2721 831 2801 ἡμᾶς
877 2728 1154 2787 contrahi.
1244 2726 1360 2786 Sed
1403 2745 1586 2802 neque
1629 2723 1841 2801 ἡμεῖς
1889 2729 2151 2787 convenit
2194 2744 2326 2787 cum
2371 2726 2632 2802 ταχεῖς
2678 2744 2861 2802 neque
2905 2724 3084 2786 Attici
3129 2723 3164 2787 ἒ
3214 2729 3268 2785 et

644 2812 685 2875 ἇ
730 2819 796 2875 in
840 2818 1073 2890 lonyam
1118 2814 1160 2876 ᾶ
1206 2818 1573 2885 contrahunt,
1619 2819 1739 2875 nisi
1772 2819 2076 2891 praeeedit
2117 2818 2350 2876 vocalis,
2445 2810 2523 2876 ‘fl
2541 2832 2677 2889 μας
2724 2817 3118 2876 tantummodo
3162 2816 3266 2874 ab·

641 2907 824 2965 solute
870 2908 1142 2979 ponitur,
1200 2908 1388 2966 ionico
1442 2923 1599 2965 more
1658 2909 1996 2980 correptum.
2088 2907 2406 2966 Dorienses
2467 2901 2605 2981 ἁμέ
2664 2907 2892 2974 dicunt,
2952 2904 3266 2965 Aeolenses

647 2988 839 3069 ἄμμε
890 2997 992 3069 99,
1016 2998 1342 3068 20—100,
1364 2997 1419 3055 9.

825 3086 1026 3158 99,21
1078 3084 1219 3144 Lob.
1260 3085 1374 3143 ΕΠ.
1415 3084 1443 3142 Ι
1485 3087 1630 3143 241.
1681 3085 1827 3142 421.
1903 3083 1964 3142 11
2013 3085 2114 3143 85.

822 3174 926 3246 99,
949 3174 1028 3233 23
1079 3168 1452 3253 ἀπεδείχθη]
1504 3176 1606 3248 94,
1628 3174 1682 3232 6.
1731 3206 1819 3215 —-
1863 3172 2029 3233 Koen
2080 3174 2156 3232 ad
2204 3172 2377 3253 Greg.
2429 3172 2558 3234 Gor.
2592 3177 2693 3234 71.

825 3263 928 3335 99,
951 3264 1032 3321 24
1080 3263 1174 3321 lex
1218 3262 1329 3321 illa
1372 3266 1498 3321 tam
1544 3262 1665 3322 late
1709 3262 1944 3339 patebit
1988 3264 2058 3321 ut
2101 3264 2257 3323 falsa
2302 3264 2534 3339 evadat,
2580 3265 2697 3324 nisi
2743 3265 3060 3324 inserueris
3107 3280 3263 3339 quae

642 3352 929 3428 proposui
971 3350 1003 3420 I
1050 3353 1195 3410 474.

825 3442 1030 3515 100‚3
1078 3439 1264 3501 Lehrs
1310 3461 1365 3518 q.
1406 3459 1453 3498 e.
1503 3443 1646 3499 124.

823 3531 1029 3605 100,4
1078 3523 1223 3608 ἁμέ]
1270 3550 1435 3607 pron.
1481 3534 1624 3605 101,
1651 3534 1704 3590 1.
1756 3531 2036 3606 103‚12;
2081 3530 2224 3590 Ahr.
2264 3530 2427 3589 diall.
2467 3531 2528 3589 Π
2580 3532 2724 3590 261.

823 3620 1017 3694 100,5
1042 3613 1230 3697 ἄμμε]
1252 3619 1394 3679 Ahr.
1411 3619 1616 3679 diall.I
1640 3619 1950 3693 1253Mei.
1968 3621 2140 3696 35,9.
2166 3621 2309 3680 166.
2351 3618 2727 3681 OHoffmann
2747 3620 2809 3679 Π
2831 3621 2960 3680 560
2976 3610 3259 3701 ‘'wi-¹40)-

824 3699 889 3788 β)
944 3707 1288 3768 Accusativi
1331 3709 1485 3786 plur.
1533 3709 1823 3769 secundae
1868 3728 2023 3785 pers.

819 3797 1075 3857 Formae
1133 3793 1319 3870 ὑμᾶς
1378 3794 1632 3872 ὑμέας,
1689 3799 1916 3857 Dorica
1960 3793 2095 3872 ὑμέ
2143 3802 2193 3856 et
2237 3796 2477 3858 Aeolica
2523 3794 2709 3873 ὔμμε
2768 3801 2977 3872 formis
3024 3800 3267 3873 primae

633 3904 798 3962 pers.
846 3888 1131 3961 wnaloyae
1175 3892 1313 3946 swtt
1360 3889 1805 3962 100,10-15,

824 3978 1075 4050 100,10
1122 3971 1266 4055 ὑμέ]
1312 3997 1477 4053 pron.
1522 3980 1744 4051 101‚1.
1797 3977 2076 4052 103,12;
2121 3977 2264 4035 Ahr.
2304 3977 2466 4036 dian.
2506 3977 2566 4035 11
2617 3978 2760 4036 261.

823 4066 1071 4139 100,12
1120 4060 1308 4144 ὔμμε]
1354 4066 1497 4125 Ahr.
1536 4066 1697 4125 diall.
1737 4066 1767 4124 I
1817 4067 1973 4140 1253
2017 4066 2152 4125 Mei.
2191 4066 2221 4124 I
2271 4067 2415 4125 167.
2491 4065 2867 4126 OHoffmann
2913 4066 2976 4124 II
3025 4067 3168 4125 561.

819 4147 888 4235 γ)
947 4154 1289 4215 Accusativi
1335 4156 1587 4232 pluralis
1632 4157 1848 4215 tertiae
1884 4174 2189 4231 personae.

820 4241 1032 4318 Σφᾶς
1089 4249 1171 4303 est
1222 4247 1324 4304 ubi
1378 4246 1722 4304 inclinatum
1766 4242 1808 4303 ἆ
1855 4246 2149 4318 corripiat.
2241 4245 2641 4304 Possessivmn
2696 4239 2890 4321 ςφάς
2945 4247 3083 4304 acui
3127 4261 3260 4304 con-

639 4337 980 4393 sentaneum
1039 4338 1144 4402 est,
1208 4338 1274 4392 ut
1332 4329 1522 4407 ἁμάς
1563 4360 1645 4381 =
1686 4330 2084 4408 ἁμετέρας,
2139 4335 2454 4408 personale
2508 4338 2700 4394 autem
2747 4337 3141 4407 circumflecti,
3197 4337 3267 4393 ut

639 4417 829 4496 ἡμᾶς
877 4427 927 4480 et
973 4418 1175 4496 ὑμᾶς.
1250 4424 1350 4483 Ex
1385 4441 1497 4497 quo
1532 4441 1688 4482 more
1723 4426 1912 4482 ionico
1942 4442 2055 4496 per
2091 4424 2385 4484 diaeresin
2420 4426 2490 4496 fit
2525 4421 2776 4498 ςφέας.
2854 4420 3014 4498 Σφέ
3060 4425 3266 4483 dorica

638 4513 860 4585 forma,
912 4514 1148 4586 aomina
1202 4508 1340 4586 ἁμέ
1395 4508 1530 4586 ὑμέ
1584 4514 1817 4585 formis,
1872 4530 2097 4587 semper
2152 4515 2414 4572 ene-libica
2461 4518 2555 4572 est.
2648 4513 3016 4588 Syracusani
3061 4514 3266 4572 dicunt

643 4597 765 4675 ψέ,
811 4598 1125 4662 Aeolenses
1172 4597 1361 4677 ἄςφε
1412 4601 1984 4676 100,16-101,5.

824 4692 1073 4766 100,16
1122 4691 1260 4749 Her.
1299 4691 1328 4749 I
1376 4693 1610 4765 476,8;
1671 4691 1786 4749 EM
1824 4691 2109 4765 498‚19;
2162 4690 2347 4750 Lehrs
2394 4711 2448 4767 q.
2480 4711 2526 4751 e.
2571 4693 2714 4751 124.
2766 4692 2910 4752 306.
3003 4690 3264 4769 Ebeling

641 4779 777 4840 Lex.
818 4780 990 4840 Hom.
1031 4780 1091 4839 Π
1131 4773 1328 4855 3O7b3
1373 4780 1514 4839 Lob.
1555 4780 1668 4839 ΕΠ.
1708 4781 1737 4838 Ι
1778 4783 1923 4839 241.

824 4872 968 4943 100,
992 4871 1072 4929 26
1115 4870 1237 4929 Ska
1273 4870 1303 4928 I
1344 4871 1424 4929 23
1473 4872 1691 4945 monet,
1737 4870 1939 4929 omitti
1975 4869 2228 4928 formam
2271 4869 2495 4945 ςφεῖας
2534 4886 2570 4929 ν
2611 4872 2768 4945 2133
2814 4869 2917 4930 sed
2952 4871 3107 4930 hanc
3140 4871 3263 4930 for-

640 4976 819 5031 mam,
866 4960 1128 5034 antiquis
1175 4960 1581 5038 grammaticis
1627 4961 1688 5018 et
1731 4959 1899 5018 libris
1943 4961 2242 5037 ignotam,
2287 4959 2584 5018 finxerunt
2629 4959 2948 5021 Bai-nesius
2993 4959 3268 5019 IBekker
