3738 5530
660 356 793 422 210
865 355 1309 413 Commentarius
1338 354 1566 411 criticus
1594 356 1654 410 et
1681 355 2004 425 exegeticus
2033 353 2092 410 in
2120 355 2409 426 Apollonii
2437 355 2667 425 Dyscoli
2695 356 2910 426 scripta
2935 356 3168 411 minora.

657 528 767 587 illa
825 523 1214 603 παραθέεθαι
1268 527 1576 605 deperdito
1633 525 2074 603 epirrhematici
2126 519 2302 605 loco.]
2395 525 2625 585 Deinde
2684 546 2867 603 quum
2930 525 3145 585 dixerit
3203 521 3282 587 οὐ

659 613 864 692 μόνον
923 614 1272 694 μοναδικὴν
1330 611 1546 689 οὖεαν,
1612 615 2033 693 opponendum
2095 615 2214 674 fuit
2270 615 2411 675 111118
2468 614 2732 675 membro
2790 634 2899 693 per
2957 609 3125 676 ἀλλά
3178 618 3285 674 aut

657 708 911 767 similem
967 707 1440 767 coniunctionem
1501 705 1664 766 aliud
1725 722 1911 785 genus
1969 704 2382 765 adverbiorum
2442 705 2520 764 ad
2572 707 2770 765 varias
2820 704 3283 783 significationes

657 796 1021 873 flexibilium‚
1069 817 1321 874 quorum
1365 798 1726 856 mentionem
1771 795 2011 872 quidem
2055 814 2193 855 mox
2237 795 2460 855 factam
2496 794 2780 870 videmus,
2825 813 3033 853 verum
3068 796 3171 869 818,
3215 798 3285 854 ut

660 904 779 945 non
827 889 1048 964 opponi
1104 887 1227 946 illis
1284 884 1655 961 μοναδικοῖ(
1699 884 2018 945 videantur
2070 884 2174 944 sed
2227 903 2362 944 cum
2416 885 2491 944 118
2545 878 2852 944 confundi'
2910 878 3083 963 [haec
3126 884 3281 942 diffi-

655 977 848 1035 cultas
888 978 1197 1036 amovetur
1232 974 1745 1036 emendationibus
1772 974 2021 1053 Uh11gii,
2069 977 2164 1034 cui
2200 978 2383 1035 etiam
2409 974 2522 1033 hoc
2558 973 2831 1049 concedo,
2875 975 2938 1033 et
2973 973 3279 1035 ποιεῖεθαι

652 1064 1016 1125 infinitivum
1069 1068 1207 1141 post
1260 1059 1460 1126 οὖεαν
1511 1064 1899 1142 participium
1953 1082 2124 1141 posse
2178 1065 2450 1140 tolerari,
2511 1066 2572 1123 et
2625 1060 2744 1137 τὴν
2802 1061 2937 1123 τῶν
2993 1062 3279 1124 τοπικῶν

654 1149 1103 1229 ἐπιρρημάτων
1150 1151 1355 1229 (χέειν
1402 1151 1520 1229 τὴν
1566 1151 1817 1229 τριεεὴν
1862 1148 2182 1215 διάεταειν
2227 1153 2538 1214 ποιεῖεθαι
2584 1153 2736 1212 nihil
2782 1152 3125 1213 offensionis
3174 1153 3277 1212 ha-

651 1242 804 1320 bere,
851 1245 921 1303 81.
959 1263 1128 1320 pron.
1167 1246 1395 1321 47,13.
1445 1245 1548 1320 68,
1572 1246 1670 1303 12.
1764 1243 1964 1322 Egger
2007 1242 2205 1320 Apoll.
2246 1238 2424 1323 202}

831 1335 980 1408 201,
1002 1336 1085 1394 20
1132 1330 1293 1394 κατὰ
1337 1330 1415 1394 τὸ
1461 1328 1642 1411 δέον]
1689 1333 1728 1392 1.
1765 1353 1814 1393 8.
1860 1328 2024 1393 κατὰ
2076 1329 2195 1406 τὴν
2249 1328 2525 1393 δέουεαν
2580 1326 2916 1404 διάεταειν,
2974 1326 3090 1392 ‘ita
3142 1332 3272 1408 qui-

648 1422 783 1482 dem
826 1426 900 1482 ut
944 1423 1221 1484 adverbio
1267 1442 1340 1483 ea
1384 1423 1578 1483 forma
1612 1424 1925 1501 contingat
1958 1442 2111 1499 quae
2148 1425 2413 1482 secretae
2444 1424 2840 1499 propriaeque
2874 1423 3001 1482 eius
3040 1420 3271 1481 notioni

650 1508 987 1571 conveniat'
1036 1505 1199 1594 (cum
1247 1513 1400 1573 aliae
1446 1513 1672 1573 formae
1718 1512 1982 1573 diversas
2028 1514 2298 1573 notiones
2343 1503 2865 1593 complectantur).

831 1604 978 1679 201,
1000 1604 1082 1662 23
1133 1597 1470 1682 εἰρήεεται]
1520 1602 1652 1663 adv.
1693 1603 1844 1677 204,
1866 1603 1949 1660 26
1971 1620 2057 1679 sq.

831 1693 1081 1768 201,25
1139 1686 1444 1772 πρόεθεν]
1502 1693 1669 1751 cuius
1723 1692 1853 1751 loco
1910 1690 2041 1751 adv.
2096 1693 2348 1768 154,10
2405 1686 2761 1766 ἔμπροεθεν
2823 1691 3095 1767 811·81·1;111·;
3158 1686 3275 1764 τὴν

649 1778 902 1855 τριεεὴν
945 1780 1079 1842 τῶν
1124 1781 1409 1842 τοπικῶν
1456 1776 1817 1854 ἐπιδέχεται
1878 1776 2222 1842 διάεταεινε
2287 1799 2463 1856 vorn,
2518 1799 2634 1839 von
2681 1799 2855 1856 vom,
2910 1780 3063 1839 nach
3111 1800 3275 1839 vorn.

654 1869 738 1929 cf.
777 1870 1058 1948 paraphr.
1098 1870 1175 1931 ad
1220 1870 1353 1930 adv.
1395 1871 2024 1947 153,22-154‚21;
2069 1870 2247 1931 schol.
2287 1870 2485 1929 D'rhr.
2527 1871 2674 1946 278,
2699 1872 2779 1929 19
2811 1869 2974 1949 Hflg.

832 1962 981 2036 201,
1003 1961 1085 2019 25
1133 1955 1210 2020 τὸ
1257 1955 1724 2035 προειρημένον
1769 1955 2038 2020 τοπικὸν
2086 1955 2428 2038 ἐπίρρημα]
2477 1960 2601 2020 8811.
2649 1958 2794 2020 ποῦ.

830 2051 977 2125 202,
1001 2051 1034 2108 1
1087 2049 1478 2129 ευνεκδρομῇ
1523 2050 1791 2127 profecto
1837 2051 2161 2128 genuinum
2207 2051 2324 2125 est3
2370 2050 2443 2109 cf.
2484 2049 2616 2108 adv.
2651 2050 2856 2125 142,9
2906 2044 2983 2109 τὸ
3022 2043 3275 2124 ὄφελον

649 2133 712 2200 οἱ
759 2135 875 2213 μὲν
929 2134 1094 2198 κατὰ
1148 2135 1581 2215 ευνεκδρομὴν
1636 2133 1919 2214 ρήματόε
1974 2155 2127 2215 (pact
2183 2135 2549 2200 κεκλίεθαι.
2588 2185 2603 2199 .
2652 2133 2743 2199 εἰ(
2785 2134 3119 2214 πρόεωπα.
3194 2139 3271 2197 111.

651 2227 902 2304 142,15
942 2224 1019 2288 τὸ
1057 2226 1341 2303 δεῦρο..
1378 2224 1541 2289 κατὰ
1578 2224 2099 2304 ευνεκδρομὴν..
2138 2228 2341 2301 δεῦτε,
2380 2229 2478 2288 all
2511 2222 2594 2310 (v.
2624 2220 2804 2309 ind.);
2850 2228 3059 2288 eodem
3094 2247 3275 2288 8811811

647 2320 971 2395 usurpatur
1008 2314 1403 2392 ευνεκτρέχω
1442 2317 1572 2379 adv.
1607 2319 1753 2395 175,
1777 2320 1855 2377 21
1900 2314 2319 2393 ευνεξέδραμε
2358 2314 2461 2379 καὶ
2495 2313 2535 2392 ἡ
2573 2312 2710 2377 ἴεαε
2746 2310 2886 2400 (pro
2935 2311 3097 2400 ἰεάε)
3136 2317 3273 2378 τοῖς

645 2403 966 2468 τοιούτοις
1025 2399 1178 2489 (8811.
1227 2404 1521 2468 λακτίεαε
1579 2399 1765 2489 sim.)3
1823 2427 1879 2468 v.
1924 2407 2045 2466 ind
2096 2403 2498 2482 Συντρέχειν,
2560 2406 2720 2483 quod
2770 2408 2936 2465 1.14
2999 2408 3273 2482 occurrit,

644 2498 828 2556 etiam
875 2497 1009 2556 aliis
1054 2496 1200 2557 locis
1245 2497 1468 2575 legitur
1513 2490 1595 2578 (v.
1641 2488 1821 2578 ind.),
1880 2497 1983 2556 sed
2029 2494 2374 2572 (υνδρομή,
2432 2497 2495 2555 111
2540 2497 2738 2571 fanr,
2781 2496 3105 2572 Apollonio
3150 2515 3272 2556 non

645 2590 736 2645 est
770 2587 1076 2646 usitatum.
1105 2618 1195 2628 —
1223 2582 1641 2662 Προεπάθεια
1683 2585 1840 2646 idem
1879 2589 1971 2646 est
2004 2586 2164 2663 quod
2210 2580 2563 2661 ευμπάθεια
2607 2587 2645 2644 l
2678 2587 2889 2645 8.13.
2938 2580 3273 2647 ‘inclinatio

643 2675 935 2752 quaedam
990 2680 1172 2753 atque
1224 2677 1528 2736 vinculum
1582 2695 1702 2753 quo
1755 2675 2049 2737 vocabula
2101 2676 2367 2736 eiusdem
2420 2677 2652 2755 generis
2706 2676 2865 2736 inter
2919 2694 2981 2736 88
3025 2694 3273 2736 connec-

644 2760 895 2826 timtur'.
984 2765 1069 2827 of.
1107 2765 1251 2826 Lob.
1291 2767 1406 2826 Eu.
1444 2767 1508 2826 Π
1556 2769 1701 2827 253.

823 2858 970 2933 202,
992 2859 1030 2915 2
1077 2850 1296 2935 (τῶν)
1342 2852 1432 2918 εἰ(
1476 2853 1686 2918 τόπον
1729 2856 1946 2916 Matth.
1984 2856 2015 2915 I
2064 2858 2163 2917 70.

824 2947 972 3022 202,
991 2947 1028 3004 5
1076 2940 1742 3027 ευν<εμ>πιπτόντων,
1790 2945 1950 3024 quod
1995 2946 2297 3024 proposui,
2342 2945 2525 3007 fuisse
2560 2945 2966 3023 recipiendum
3006 2943 3263 3005 concedo

649 3034 982 3114 Egenolffio
1029 3034 1060 3093 I
1107 3036 1252 3097 839.

822 3126 972 3199 202,
992 3126 1028 3184 7
1086 3120 1266 3200 μέχρι
1325 3120 1690 3204 εχημάτων]
1752 3122 2039 3201 (χήματα
2097 3128 2239 3186 sunt
2297 3120 2556 3186 ‘dicendi
2620 3128 3044 3203 proprietates,
3107 3144 3263 3201 quae

641 3213 787 3273 fines
831 3214 1135 3293 legitimae
1181 3217 1633 3276 constructionis
1679 3210 2088 3294 egrediuntur'
2137 3209 2586 3297 (Friedlaender
2640 3215 2717 3275 ad
2761 3215 3023 3275 Ariston.
3070 3235 3126 3291 p.
3175 3206 3265 3294 1),

642 3303 809 3363 velut
852 3322 986 3361 cum
1030 3304 1432 3365 nominativus
1477 3307 1738 3381 ponitur,
1797 3304 1902 3364 ubi
1946 3305 2255 3366 vocativus
2300 3307 2643 3382 requiritur,
2688 3306 2760 3364 cf.
2807 3308 2962 3382 synt.
3009 3305 3265 3373 213,18

642 3394 882 3467 -214,
906 3393 1006 3451 16.
1056 3394 1204 3468 221,
1227 3395 1338 3469 26,
1384 3393 1759 3454 OSchneider
1802 3394 1866 3453 H
1913 3396 2061 3454 459.

824 3483 970 3556 202,
989 3483 1069 3541 13
1108 3478 1215 3542 διὰ
1249 3479 1367 3557 τὴν
1402 3481 1828 3559 προκειμένην
1856 3480 2275 3564 ευμπάθειαν]
2306 3479 2575 3563 ‘propter
2600 3484 3052 3544 inclinationem
3091 3482 3263 3541 illam

642 3573 1169 3649 cognationemque
1213 3591 1395 3648 quam
1439 3591 1621 3650 supra
1664 3569 2145 3634 commemoravi'
2192 3568 2336 3656 (1.1
2388 3579 2452 3633 et
2497 3567 2583 3657 8).
2669 3573 2756 3634 Of.
2805 3573 2934 3633 adv.
2985 3574 3134 3647 202,
3160 3574 3262 3631 29.

821 3662 967 3737 202,
991 3661 1070 3720 15
1119 3662 1191 3720 cf.
1231 3661 1361 3720 adv.
1402 3664 1671 3738 209,15.
1720 3664 1942 3741 30sq.;
1984 3663 2129 3723 Ahr.
2167 3663 2231 3722 H
2268 3665 2416 3740 368,
2438 3668 2505 3739 73
2550 3663 2693 3723 Lob.
2732 3663 2948 3740 Phryn.
2989 3664 3090 3721 43.

820 3752 968 3826 202,
988 3752 1068 3809 21
1120 3744 1218 3811 ἐπ’
1267 3745 1514 3813 ἐκείνου
1559 3752 1678 3813 τοῦ
1724 3748 2218 3832 εημαινομένου]
2267 3708 2637 3836 ’(11811811811*
2643 3746 2792 3812 ‘ubi'
2796 3743 2875 3834 '):
2920 3770 2981 3812 es
3028 3751 3263 3811 scheint

641 3841 737 3899 ein
781 3839 1040 3916 Beispiel
1086 3840 1454 3919 ausgefallen
1500 3862 1572 3900 zu
1617 3843 1764 3918 sein,
1806 3844 1873 3902 in
1919 3843 2201 3903 welchem
2236 3844 2325 3923 πῇ
2363 3843 2462 3903 fiir
2498 3841 2627 3904 ποῦ
2664 3837 2847 3902 steht'
2895 3841 3020 3901 Ska
3053 3840 3117 3899 H
3160 3840 3263 3899 28.

647 3927 733 3986 Cf.
776 3928 907 3988 adv.
948 3931 1218 4004 207,13.

818 4015 1122 4078 Adverbia
1172 4021 1240 4079 in
1284 4007 1357 4081 ’δέ
1404 4038 1516 4095 quo
1569 4022 1798 4097 aliquid
1852 4023 2050 4082 tendat
2103 4023 2393 4082 amotam.
2488 4022 2643 4097 Quia
2697 4014 2844 4081 ὧδε
2902 4021 3106 4080 eadm·
3154 4024 3267 4079 ter-

639 4108 956 4167 minatione
995 4111 1197 4185 untur,
1240 4113 1508 4184 primum
1553 4128 1682 4171 eam
1733 4112 1928 4172 induit
1981 4113 2219 4171 localem
2275 4114 2564 4171 notionem
2607 4114 2676 4170 ut
2716 4127 2829 4185 quo
2873 4112 3017 4184 quid
3061 4113 3267 4184 vergat

638 4198 877 4267 indicet,
922 4198 1153 4268 deinde,
1189 4204 1435 4274 propter
1476 4201 1912 4260 inclinationem
1956 4201 2124 4260 illam
2166 4202 2239 4260 de
2283 4219 2401 4275 qua
2446 4202 2705 4261 diximus
2759 4202 3266 4275 eoquationemque

640 4287 1048 4346 adverbiorum
1081 4288 1370 4359 localium,
1410 4292 1583 4349 etiam
1617 4291 1883 4360 alteram,
1918 4294 1989 4350 ut
2021 4307 2132 4365 quo
2168 4290 2288 4350 loeo
2317 4291 2459 4364 quid
2493 4292 2571 4350 sit
2604 4291 2902 4364 siynifieet.
2972 4288 3087 4349 Cui
3120 4289 3266 4348 usui

639 4377 867 4436 obstare
909 4378 1136 4437 videtur
1188 4382 1505 4440 auctoritas
1549 4380 1829 4453 Homeri,·
1883 4381 2048 4454 apud
2101 4398 2231 4439 eum
2286 4382 2440 4439 em’m
2484 4373 2631 4439 ὧδε
2685 4379 2833 4438 nihil
2875 4379 3101 4439 indicat
3140 4379 3265 4437 nisi

638 4467 998 4540 qualitatem,
1041 4468 1304 4544 idemque
1349 4473 1432 4529 est
1474 4470 1628 4544 quod
1672 4464 1933 4531 οὕτως.
2023 4469 2107 4529 In
2151 4470 2299 4530 libro
2343 4470 2416 4529 de
2458 4469 2734 4529 adverbio
2777 4471 3049 4528 accurate
3093 4484 3264 4541 expo-

635 4558 864 4617 suimus
896 4560 1277 4632 posteriorem
1309 4561 1598 4620 notionem
1634 4577 1755 4619 esse
1786 4561 2135 4635 prop-iam,-
2178 4560 2282 4619 sed
2324 4560 2512 4619 multa
2550 4558 2809 4633 exempla
2850 4557 2959 4617 illa
2995 4558 3264 4618 adverbi-

637 4664 805 4707 orum
839 4649 906 4707 in
941 4639 1031 4720 b—e‘,
1078 4649 1288 4722 quibus
1321 4652 1477 4709 notio
1514 4649 1714 4709 localis
1749 4650 1961 4717 subest,
2010 4651 2319 4723 effecerumt
2351 4653 2417 4708 ut
2455 4651 2628 4708 etiam
2663 4642 2811 4708 ὧδε
2852 4648 3262 4714 condicionem,

635 4754 786 4811 quae
830 4738 1111 4797 localibus
1145 4739 1440 4798 adverbiis
1475 4740 1771 4812 definitur,
1816 4742 1972 4798 notet
2009 4740 2460 4813 202,24-36.
2539 4736 2624 4797 Of.
2657 4738 3086 4815 202‚24-27
3128 4755 3265 4795 cum

640 4828 1134 4904 177,13-178,
1159 4829 1260 4887 24.
1313 4829 1942 4904 180,13—181,23;
1988 4828 2417 4904 202,27—36
2467 4847 2601 4888 cum
2642 4828 2787 4902 178,
2810 4827 3262 4900 25—179,2e.

816 4920 965 4994 202,
987 4919 1068 4977 29
1132 4913 1294 4977 κατὰ
1352 4914 1471 4991 τὴν
1529 4914 1955 4992 προκειμένην
2016 4912 2435 4997 ευμπάθειαν]
2501 4919 2648 4993 202,
2673 4920 2727 4975 1.
2779 4918 2835 4975 8.
2888 4917 2990 4975 13.
3082 4909 3260 4995 Τῶν]

635 5005 757 5067 ska
801 5007 864 5067 Π
914 5008 1026 5083 283
1070 5009 1124 5067 si
1168 5006 1280 5081 τῆ(
1326 5006 1553 5081 88111118,
1598 5002 1869 5081 (χέεεωε
1915 5007 2388 5067 subaudiendum
2433 5009 2538 5068 est.
