3738 5530
573 318 1015 375 Commentarius
1044 318 1270 374 criticus
1298 321 1357 373 et
1385 317 1707 388 exegeticus
1735 316 1794 372 in
1823 316 2112 387 Apollonii
2140 316 2370 386 Dyscoli
2398 316 2611 387 scripta
2638 317 2871 372 minora.
2959 317 3042 381 19

606 490 701 548 II.
776 489 1076 562 Definitio,
1124 490 1292 549 wius
1324 492 1532 564 partes
1575 488 1921 564 είηρίῑῑαίίηι
1955 491 2373 562 percenseatur
2419 491 2476 564 9,
2501 488 2778 563 11—13‚
2802 488 2858 547 3.

609 579 1029 653 Defimendswm
1080 579 1262 652 imbuo·
1307 594 1633 653 pronomen
1688 578 1843 638 hamc
1885 579 1954 637 τ’τι
1994 578 2260 638 modum:
2321 581 2404 637 est
2445 595 2556 637 vox
2600 594 2751 652 quae
2790 578 3047 636 nominis

432 669 552 727 loco
587 670 860 743 panim,
926 669 1200 740 definitas
1234 684 1525 742 personas
1568 668 1824 738 indica&
1876 668 1980 727 τῶι·
2018 684 2237 742 yenera
2280 685 2413 726 voce
2455 684 2575 727 non
2617 668 2918 734 discernit,
2962 666 3045 725 ita

427 758 755 818 declinawr
789 760 855 817 ut
888 758 1108 832 sinendi
1144 758 1400 817 eiusdem
1424 758 1794 831 pronominis
1829 774 2005 816 casus
2041 774 2112 816 ac
2145 758 2377 817 nmen}
2414 775 2455 817 a
2489 749 2749 816 diversis
2765 755 3048 830 stirpibus

429 847 764 908 deriventur
810 847 1168 922 9,11-13.
1263 844 1350 905 cf„
1397 848 1550 922 synt.
1603 848 1748 921 101,
1772 848 1806 904 7
1856 841 2097 906 Ἐκεῖνο
2144 840 2263 906 οὖν
2310 840 2706 920 ἀντωνυμία,
2762 840 2839 905 τὸ
2887 840 3046 918 μετὰ

430 932 687 998 δείξεως
714 931 753 1010 ἢ
784 930 1125 1011 ἀναφορᾶς
1153 930 1772 1010 ἀντονομαζόμενον,
1811 930 1866 1014 ᾧ
1896 930 1976 996 οὐ
2007 930 2246 995 ςύνεςτι
2276 931 2352 995 τὸ
2382 930 2641 1010 ἄρθρον.
2714 933 2907 994 Schol.
2937 932 3047 992 AG

435 1026 640 1100 906‚7
674 1050 758 1073 =
793 1027 995 1099 77,17
1027 1024 1189 1103 Hilg.
1240 1020 1366 1085 ἔςτι
1412 1022 1485 1084 δὲ
1532 1020 1728 1099 αὐτῆς
1775 1019 1813 1084 ὁ
1861 1019 2016 1099 ὅρος
2063 1018 2257 1085 οὗτος
2303 1019 2672 1098 ἀντωνυμία
2718 1019 2846 1084 ἐςτὶ
2884 1020 3048 1085 λέξις

434 1108 578 1174 ἀντὶ
639 1108 961 1189 ὀνόματος
1024 1110 1687 1190 παραλαμβανομένη,
1755 1109 2121 1188 προςώπων
2187 1109 2553 1188 ὡριςμένων
2616 1108 3044 1188 παραςτατικὴ

435 1200 594 1278 μετὰ
639 1199 900 1264 κλίςεως
946 1202 1059 1278 τῆς
1105 1199 1266 1263 κατὰ
1309 1201 1548 1263 πτῶςιν
1586 1200 1687 1263 καὶ
1725 1198 1996 1277 ἀριθμὸν
2034 1202 2384 1277 θεματικῆς,
2433 1197 2634 1263 ὁπότε
2673 1199 2753 1276 μὴ
2793 1197 2900 1260 διὰ
2935 1200 3047 1276 τῆς

430 1291 657 1367 φωνῆς
693 1288 769 1352 τὸ
807 1287 998 1364 γένος
1034 1287 1417 1368 παριςτὰνει.
1490 1292 1664 1352 Hanc
1700 1291 2105 1352 definitionem
2144 1284 2508 1373 (Heliodori)
2547 1311 2617 1350 ex
2643 1290 3047 1367 Apolloniana

429 1382 653 1441 factam
699 1400 824 1441 esse
860 1385 1112 1459 apparet
1208 1381 1414 1458 Ipsum
1448 1380 1837 1459 Apollonium
1884 1399 2054 1441 suam
2100 1401 2131 1440 6
2176 1381 2549 1457 Dionysiana
2594 1381 2799 1440 fecisse
2844 1382 3048 1440 monet

431 1469 617 1549 Uhlig
642 1470 807 1529 DTh.
842 1472 944 1546 64,
980 1471 1086 1548 qui
1112 1471 1294 1530 etiam
1320 1472 1645 1531 latinorum
1672 1470 2198 1550 grammaticorum
2226 1470 2618 1545 definitiones,
2654 1488 2807 1546 quae
2844 1486 3046 1529 omnes

429 1580 500 1620 ex
556 1560 761 1620 eodem
814 1559 978 1620 fonte
1031 1560 1343 1635 fluxerunt,
1396 1563 1716 1636 percenset.
1810 1559 2115 1630 Quaedam
2170 1559 2516 1619 testimonia
2561 1558 2733 1618 addit
2777 1557 3055 1636 Egenolff

431 1649 487 1706 V
528 1649 670 1709 128.
764 1648 927 1719 Quae
963 1648 1075 1726 Ap.
1120 1649 1355 1709 addidit
1391 1650 1794 1726 Dionysianae
1833 1644 2157 1725 διάφορον
2185 1680 2274 1691 -
2303 1643 2785 1723 ἀπαρέμφατος,
2833 1648 2909 1707 ad
2946 1647 3045 1706 de-

427 1739 748 1799 finiendam
774 1739 1080 1799 notionem
1104 1739 1329 1798 nullius
1356 1741 1641 1799 momenti
1669 1757 1793 1799 esse
1822 1739 2061 1816 optimo?
2078 1739 2206 1798 iure
2235 1737 2659 1798 animadvertit
2676 1735 3044 1796 GFSchoem.

431 1828 574 1888 Red.
610 1830 752 1887 121.
845 1828 933 1888 Eo
978 1829 1171 1907 magis
1216 1829 1434 1888 mirum
1479 1832 1571 1889 est
1614 1821 1804 1910 (quod
1839 1830 1997 1888 recte
2033 1829 2336 1905 perspexit
2370 1827 2699 1904 Kromayer
2732 1844 2899 1903 pron.
2931 1819 3045 1906 48)

430 1917 819 1995 Apollonium
881 1914 958 1978 τὸ
1023 1913 1243 1979 οὐςίαν
1308 1913 1510 1992 μόνον
1562 1918 1658 1978 vel
1705 1913 1910 1992 μόνην
1957 1913 2277 1991 ςημαίνειν
2341 1915 2674 1976 definitioni
2733 1934 2874 1976 suae
2928 1935 3048 1975 non

430 2008 761 2083 inseruisse,
806 2025 942 2066 cum
986 2007 1123 2067 aliis
1169 2007 1315 2067 locis
1362 1999 1466 2089 (ad
1496 2008 1557 2082 8,
1577 1999 1690 2089 30)
1737 2007 1875 2066 huic
1911 2008 1998 2066 rei
2033 2025 2316 2086 magnum
2352 2008 2717 2066 momentum
2751 2004 3045 2064 tribuerit.

432 2095 708 2157 Ceterum
752 2096 1035 2173 quoniam
1078 2095 1433 2173 Apollonius
1477 2097 1834 2173 Dionysium
1879 2100 2114 2156 secutus
2172 2098 2288 2171 est,
2351 2095 2501 2155 nihil
2554 2097 2802 2155 interest
2845 2097 3048 2154 utrum

432 2185 800 2246 Priscianum
846 2186 1219 2263 exscripsisse
1265 2186 1620 2261 Dionysium
1665 2185 1855 2261 dicas,
1912 2189 1980 2244 ut
2036 2184 2229 2245 voluit
2272 2185 2473 2263 Ublig,
2521 2203 2597 2243 an
2642 2183 3046 2261 ApoUonium‚

431 2275 661 2335 omissis
707 2275 830 2335 illis
877 2295 1030 2351 quae
1065 2274 1179 2351 Ap.
1219 2275 1435 2342 adiecit
1481 2275 1694 2351 verbis,
1739 2279 1809 2334 ut
1853 2275 1942 2334 ait
1987 2274 2198 2334 Matth.
2245 2274 2308 2332 Π
2348 2276 2494 2349 603,
2551 2274 2655 2350 qui
2699 2276 2857 2333 recte
2895 2272 3048 2332 vidit

431 2363 798 2424 Priscianum
843 2364 1318 2424 additamentum
1361 2362 1514 2423 illud
1561 2365 1807 2425 vertisse
1853 2364 1971 2423 XII
2003 2366 2039 2423 2
2076 2384 2134 2440 p.
2167 2365 2314 2438 578,
2338 2366 2371 2421 7
2424 2357 2509 2422 ‘et
2542 2364 2771 2440 primae
2808 2362 3047 2438 quidem

432 2453 718 2531 personae
780 2473 1104 2531 pronomen
1169 2456 1231 2513 et
1292 2453 1580 2513 secundae
1644 2456 1705 2512 et
1766 2454 1981 2513 tertiae
2045 2471 2180 2512 cum
2237 2471 2357 2512 non
2415 2451 2756 2512 discernunt
2813 2471 3047 2530 genera,

435 2543 813 2621 inaequalem
856 2542 1079 2602 habent
1122 2543 1306 2602 etiam
1350 2561 1592 2602 casuum
1639 2542 2098 2603 declinationem
2142 2546 2269 2601 tam
2312 2542 2377 2600 in
2422 2542 2711 2619 singulari
2757 2561 2939 2618 quam
2982 2542 3047 2599 in

434 2632 657 2709 plurali
703 2651 947 2692 numero
987 2678 999 2690 .
1040 2679 1050 2689 .
1093 2679 1104 2689 .
1143 2632 1251 2691 illa
1295 2652 1462 2707 vero,
1525 2651 1679 2710 quae
1723 2631 2102 2710 distinguunt
2146 2650 2389 2709 genera,
2453 2635 2675 2690 certam
2721 2630 2942 2689 habent
2987 2633 3048 2690 et

433 2723 743 2799 aequalem
787 2741 893 2800 per
937 2725 1254 2799 utrumque
1297 2741 1609 2782 numerum
1655 2720 2067 2782 declinationis
2114 2723 2176 2781 et
2219 2738 2463 2781 casuum
2507 2714 2815 2799 regulam'.

613 2810 759 2882 Quis
787 2807 1189 2886 ἀντωνυμία(
1216 2831 1430 2873 nomen
1456 2811 1767 2887 invenerit,
1811 2831 1931 2872 non
1968 2813 2228 2886 constat3
2274 2812 2477 2887 itaque
2514 2810 2788 2870 dubitare
2823 2811 3046 2887 poteris

433 2900 578 2978 quid
621 2901 899 2962 inventor
941 2901 1054 2961 hoc
1097 2920 1312 2961 nomen
1357 2902 1557 2961 valere
1603 2901 1875 2962 voluerit.
1970 2901 2101 2971 Qua
2146 2900 2218 2959 de
2262 2920 2326 2959 re
2372 2919 2524 2977 quae
2561 2900 2761 2979 Egger
2793 2901 3046 2977 protulit

436 2984 769 3072 (Annuaire
815 2989 887 3050 de
931 2991 1083 3051 l'ass.
1131 3010 1284 3068 pour
1327 2990 1600 3050 l’encour.
1648 2991 1750 3051 des
1796 2985 2001 3050 &tudes
2046 3010 2132 3069 gr.
2184 2991 2354 3049 1878
2393 3010 2449 3067 p.
2494 2982 2650 3070 141)
2696 2988 2880 3067 digna
2906 2992 3046 3048 sunt

435 3099 587 3157 quae
624 3079 1150 3140 transscribantur:
1198 3074 1496 3140 ‘J’incline
1536 3073 1570 3138 a
1609 3081 1795 3140 croire
1832 3100 1949 3157 que
1986 3081 2041 3138 16
2078 3082 2205 3139 mot
2241 3078 2430 3139 meme
2468 3074 2852 3153 ἀντωνυμία,
2890 3098 3044 3138 com-

435 3163 579 3246 pose
625 3169 698 3229 de
745 3170 804 3228 la
848 3163 1216 3246 preposition
1262 3163 1403 3230 ἀντί
1450 3172 1511 3229 et
1554 3169 1626 3229 de
1671 3171 1733 3228 la
1777 3169 1966 3229 forme
2013 3162 2277 3229 dolienne
2324 3163 2557 3244 ὄνυμα,
2621 3186 2774 3245 pour
2818 3162 3044 3243 ὄνομα,

434 3258 530 3317 n’a
591 3277 701 3334 pas
757 3253 851 3318 ete
913 3257 1052 3318 bien
1111 3260 1365 3335 compris
1428 3259 1532 3319 des
1596 3253 2042 3336 etymologistes
2104 3258 2365 3318 romains
2429 3250 2542 3339 (‘et
2586 3251 2775 3336 grecs'
2831 3256 3046 3317 addere

432 3339 697 3430 poterat)
753 3366 978 3408 comme
1032 3348 1160 3407 cela
1214 3351 1305 3408 est
1356 3348 1493 3425 plus
1547 3348 1719 3407 d’une
1783 3349 1900 3407 fois
1946 3342 2139 3407 arrivs
2185 3339 2221 3405 a
2268 3349 2397 3407 leur
2441 3341 2860 3423 inexperience.
2952 3346 3046 3405 En

434 3430 646 3496 re'alite
690 3437 776 3496 les
823 3430 1210 3510 ἀντωνυμίαι
1257 3440 1395 3497 sont
1438 3438 1523 3496 les
1569 3455 1737 3497 noms
1783 3438 1889 3514 qui
1933 3454 1995 3496 se
2041 3436 2502 3513 correspondent
2545 3454 2769 3495 comme
2810 3453 2877 3497 se
2915 3436 3047 3497 font

437 3526 526 3585 vis
575 3519 611 3584 a
656 3525 747 3586 vis
792 3526 879 3586 les
924 3544 1321 3605 personnages
1367 3527 1512 3602 qu’il
1549 3521 1955 3603 representent
1975 3571 2021 3583 ..
2116 3525 2199 3585 Le
2236 3528 2363 3585 mot
2399 3521 2557 3596 ἀντί,
2605 3525 2751 3584 dans
2789 3544 2853 3585 ce
2889 3544 3045 3585 com·

440 3609 601 3692 pose,
648 3635 682 3674 a
726 3615 789 3674 la
833 3615 1021 3674 meme
1066 3616 1225 3675 force
1272 3635 1386 3692 que
1432 3615 1579 3675 dans
1626 3610 1935 3687 ἀντίθεος,
1978 3615 2354 3692 comparable
2392 3634 2505 3675 aux
2543 3615 2737 3690 dieux,
2785 3662 2797 3674 .
2829 3661 2841 3673 .
2872 3610 3044 3675 ἀντί-

435 3703 644 3765 παλος
681 3750 694 3763 .
734 3750 747 3763 .
787 3699 1052 3778 ἀντίπηξ
1092 3751 1103 3763 .
1145 3751 1158 3764 .
1197 3699 1579 3765 ἀντίκτυπος
1617 3752 1631 3765 .
1670 3751 1683 3764 .
1723 3698 2166 3765 ἀντιπατάςςω
2201 3751 2213 3763 .
2254 3751 2267 3763 .
2306 3698 2748 3779 ἀντιμέτωπος
2776 3750 2789 3762 .
2822 3751 2833 3762 .
2872 3704 3045 3763 Ainsi

433 3787 563 3865 ἐγώ
600 3796 662 3853 et
697 3788 785 3864 ςύ,
831 3789 1011 3867 ἡμεῖς
1048 3796 1109 3853 et
1144 3789 1321 3868 ὑμεῖς
1357 3813 1420 3853 86
1456 3793 1916 3871 οοιτοψοῃάοῑιὺ
1950 3797 2013 3853 et
2048 3788 2134 3854 ‘se
2171 3787 2549 3871 conjuguent‘
2599 3793 2751 3853 deux
2790 3786 2824 3851 a
2863 3793 3043 3868 deu13

431 3875 570 3942 d'oii
632 3882 1012 3959 l'expression
1067 3884 1394 3959 justement
1457 3884 1848 3961 pittoresque:
1914 3879 2114 3945 λέξεις
2177 3879 2339 3944 κατὰ
2394 3879 2709 3958 πρόςωπα
2768 3878 3039 3954 ςύζυγοι.

433 3971 525 4031 En
587 3970 926 4032 traduisant
988 3966 1355 4047 ἀντωνυμία
1415 3992 1527 4050 par
1582 3967 1973 4049 ‘pronomen',
2037 3973 2123 4032 les
2169 3972 2453 4031 Romains
2510 3974 2615 4032 ont
2670 3973 2913 4032 commis
2961 3992 3041 4031 un

431 4062 573 4120 faux
618 4078 753 4120 sens
769 4106 785 4135 ‚
830 4055 1036 4122 excuse
1083 4061 1380 4121 d'ailleurs
1424 4082 1538 4138 par
1589 4081 1654 4122 ce
1701 4062 1815 4121 fait
1859 4080 1975 4138 que
2022 4062 2075 4120 le
2121 4080 2368 4138 pronom
2414 4061 2726 4138 remplace‚
2771 4081 2845 4120 en
2891 4061 3045 4137 effet,

434 4151 490 4209 le
543 4170 684 4210 nom
729 4149 876 4211 dans
923 4171 1004 4209 un
1061 4150 1249 4229 grand
1294 4150 1537 4211 nombre
1584 4151 1656 4211 de
1703 4170 1830 4226 cas,
1889 4169 1954 4210 ce
2002 4152 2104 4227 qui
2150 4150 2477 4210 n’entraine
2522 4150 2851 4210 nullement
2892 4169 3047 4226 pour

434 4234 833 4316 consequence
888 4239 1032 4316 qu'il
1087 4260 1161 4299 en
1215 4242 1335 4301 soit
1389 4234 1812 4318 l'equivalent'.
1924 4240 2054 4299 Hac
2100 4240 2162 4298 in
2209 4261 2272 4298 re
2330 4241 2595 4316 profecto
2641 4243 2802 4299 errat
2846 4239 3046 4318 Egger

438 4328 595 4406 quod
641 4328 947 4389 contendit
1000 4332 1292 4388 neminem
1347 4330 1465 4389 nisi
1509 4347 1784 4390 romanos
1830 4329 2249 4408 grammaticos
2295 4323 2663 4403 ἀντωνυμία
2707 4347 2912 4388 vocem
2957 4329 3046 4388 ita

435 4419 754 4495 accepisse,
813 4422 883 4478 ut
937 4420 1019 4478 sit
1069 4437 1208 4495 pars
1256 4419 1542 4478 orationis
1590 4438 1741 4495 quae
1786 4438 1895 4497 pro
1943 4419 2179 4478 nomine
2226 4418 2320 4478 vel
2365 4437 2474 4494 pro
2520 4419 2756 4477 nomine
2802 4420 3043 4496 proprio

433 4511 714 4583 ponatur:
761 4507 945 4568 etiam
981 4524 1220 4586 graecos
1252 4508 1389 4567 inde
1427 4528 1465 4567 a
1499 4508 1774 4585 Dionysii
1812 4509 2056 4567 Thracis
2104 4507 2468 4584 temporibus
2514 4511 2694 4584 atque
2730 4509 2927 4568 nescio
2966 4527 3043 4566 an

437 4600 574 4655 ante
627 4617 763 4657 eum
817 4596 1021 4657 eadem
1075 4597 1372 4656 sententia
1425 4615 1626 4657 vocem
1682 4597 1852 4656 illam
1899 4598 2192 4675 accepisse
2238 4616 2309 4655 ex
2354 4615 2557 4655 eorum
2604 4596 3044 4656 definitionibus

439 4685 643 4744 elucet.
735 4686 895 4745 Illud
951 4706 1088 4745 vero
1145 4688 1602 4746 consentaneum
1656 4689 1748 4746 est
1785 4685 2118 4745 Aristarchi
2170 4685 2575 4745 definitionem
2638 4677 2727 4767 (3,
2750 4677 2862 4767 12)
2907 4705 3043 4762 pro·

439 4774 692 4834 nominis
757 4778 1035 4835 naturam
1098 4776 1298 4851 aptius
1361 4776 1835 4835 circumscribere
1901 4785 1969 4835 a
2032 4777 2283 4835 fortasse
2337 4776 2582 4852 propius
2638 4775 2911 4835 accedere
2968 4776 3044 4835 ad

445 4880 575 4921 eam
619 4865 919 4924 notionem
966 4883 1146 4941 quam
1191 4864 1426 4924 subesse
1473 4865 1664 4925 voluit
1709 4859 2111 4938 ἀντωνυμίας
2155 4864 2409 4924 nominis
2455 4865 2743 4924 inventor.

614 4954 710 5029 9,1
722 4956 754 5013 1
768 4948 1520 5034 <παραλαμβανομένην>
1533 4955 1659 5015 sine
1675 4954 1854 5013 dubio
1871 4953 2205 5013 addendum
2221 4972 2347 5014 esse
2361 4957 2559 5014 censet
2568 4953 2883 5033 Egenolffl
2896 4955 3041 5013 839.

2557 5054 2632 5108 2*
