3738 5530
723 344 811 418 84
897 344 1341 408 Commentarius
1371 345 1597 406 criticus
1626 350 1684 405 et
1712 346 2033 421 exegeticus
2062 346 2119 403 in
2150 344 2439 420 Apollonii
2467 343 2695 419 Dyscoli
2724 344 2936 419 scripta
2960 344 3194 403 minora.

722 521 885 592 Quae
951 542 1313 600 quamquam
1376 525 1517 581 sunt
1579 513 1890 599 oppressa',
1952 524 2153 579 tamen
2219 520 2374 578 infra
2441 515 2587 597 (τοῦ
2634 517 2706 580 δὲ
2753 514 3090 595 δευτέρου)
3154 518 3352 593 respi-

723 613 986 689 ciuntur3
1032 611 1105 671 ad
1157 615 1213 687 7,
1236 613 1333 671 28.

904 704 1062 777 58,?
1114 697 1280 762 ἑκών
1317 732 1405 743 -
1443 695 1621 779 εἴκω]
1668 699 1813 759 Lob.
1861 699 2068 759 Rhem.
2120 700 2221 758 58.

904 794 1005 866 58,
1026 794 1063 851 9
1113 786 1238 869 ἑοῖ]
1287 811 1339 851 v.
1390 809 1540 867 quae
1587 790 1662 849 ad
1712 791 1872 865 51,8
1922 790 2356 853 adnotavimus.

900 880 1265 954 Arqumenta
1309 880 1417 939 illa
1459 881 1915 955 redaryuuntur.
2008 878 2105 938 Ad
2152 871 2216 959 a)
2274 877 2559 938 Dialectis
2603 879 2749 937 nihil
2795 877 3200 952 comprobatur
3211 896 3234 947 ,·
3275 878 3352 933 in

720 972 811 1029 leis
849 973 999 1029 enim
1024 972 1404 1043 pleonasmus
1436 986 1555 1028 non
1590 971 1788 1029 minus
1823 970 2099 1043 frequens
2136 973 2218 1026 est
2243 985 2421 1042 quam
2456 968 2793 1042 aphaeresis
2824 968 2927 1041 58,
2952 967 3228 1025 11—15.
3262 997 3345 1006 —

720 1060 813 1117 Ad
852 1052 918 1141 b)
966 1059 1243 1118 Fortasse
1274 1056 1311 1119 ῐξ
1352 1060 1544 1118 littera
1589 1076 1739 1133 quae
1782 1055 1818 1118 ἶ
1866 1059 2090 1117 litterae
2134 1059 2322 1117 locum
2367 1059 2670 1133 occupavit
2713 1054 2937 1134 (τῆνος
2974 1087 3062 1099 —-
3099 1052 3346 1131 κεῖνος)

722 1167 903 1209 causa
928 1152 1274 1224 salinarem
1301 1165 1506 1223 aspero
1543 1150 1706 1220 fieret
1742 1149 1890 1207 lenis
1928 1148 2329 1225 58,15-18.
2376 1179 2450 1188 —-
2493 1146 2588 1206 Ad
2626 1140 2686 1228 c)
2734 1147 2964 1206 Littera
3001 1144 3034 1206 ἒ
3071 1148 3136 1204 in
3173 1147 3350 1203 senia

720 1240 895 1298 denso
938 1256 1057 1297 non
1102 1241 1422 1313 aspiratur,
1480 1240 1601 1297 nisi
1645 1235 1681 1297 E
1725 1238 1945 1307 littera,
2011 1255 2189 1312 quam
2230 1237 2402 1296 habet
2443 1238 2727 1306 secunda,
2792 1238 3052 1297 detracta
3100 1239 3182 1295 est
3237 1235 3350 1308 58,

722 1330 999 1388 23—25.
1055 1361 1129 1371 ·-
1179 1328 1490 1387 Accedunt
1535 1328 1656 1386 alia
1702 1330 2075 1406 argumenta,
2123 1326 2339 1403 quibus
2374 1325 2412 1386 ἐ’
2448 1345 2566 1386 non
2612 1327 2947 1386 redundare
2989 1325 3345 1386 ostenditur.

721 1414 789 1495 α)
848 1418 964 1478 Ubi
1008 1414 1044 1476 ἒ
1089 1418 1279 1476 littera
1339 1418 1653 1477 abundans
1698 1419 1778 1476 ad
1824 1435 1987 1477 voces
2032 1418 2291 1475 duarum
2335 1416 2701 1490 syllabarum
2746 1418 3008 1483 accessit,
3074 1418 3349 1474 accentus

721 1508 1070 1578 retrahitur;
1116 1508 1180 1566 id
1206 1509 1271 1566 in
1300 1502 1595 1567 ἐκεῖνος
1613 1510 1962 1581 pronomine
1987 1507 2209 1580 factum
2235 1523 2354 1564 non
2393 1510 2474 1564 est
2522 1508 2624 1582 58,
2647 1506 2925 1565 20-23.
2981 1536 3056 1546 -
3112 1500 3175 1581 β)
3212 1503 3346 1561 Μί-

720 1600 843 1655 tera
888 1594 924 1656 *e*
969 1598 1232 1655 abumdal
1286 1599 1351 1655 in
1403 1598 1570 1655 initio
1614 1614 1734 1654 non
1781 1614 1984 1656 earum
2029 1614 2232 1655 vocum
2278 1612 2428 1669 quae
2472 1613 2513 1654 a
2558 1598 2926 1665 consonanti,
2992 1595 3092 1653 sed
3138 1610 3347 1651 earum

720 1703 868 1759 quae
913 1703 953 1743 a
996 1686 1183 1744 vocali
1238 1688 1530 1759 incipiunt
1585 1687 1688 1762 58,
1710 1688 1989 1744 25-28.
2063 1718 2137 1727 -
2208 1682 2277 1762 γ)
2324 1685 2555 1743 Littera
2599 1682 2634 1745 ἒ
2681 1686 2798 1744 leni
2843 1686 3174 1759 aspiratur,
3236 1683 3345 1740 ubi

708 1793 822 1849 per
867 1776 1214 1849 aphaeresin
1248 1774 1482 1833 sublata
1518 1793 1709 1833 vocem
1744 1777 2036 1850 relinquit,
2079 1793 2229 1849 qaae
2265 1776 2382 1834 dici
2407 1778 2598 1849 possit
2632 1792 2915 1849 suamque
2949 1777 3070 1833 vim
3102 1773 3348 1843 habeat,-

716 1867 803 1922 oe'ta
850 1860 1546 1926 ἐκεῖνος-κεῖνος
1593 1869 1934 1940 comparata
1978 1870 2116 1924 sumt
2164 1865 2479 1939 59‚1—6.
2535 1896 2610 1907 --
2664 1861 2729 1942 δ)
2777 1864 2971 1923 Plena
3013 1865 3208 1937 forma
3250 1864 3344 1919 in·

719 1956 865 2014 dicet
906 1972 1135 2015 necesse
1180 1958 1262 2013 est
1305 1954 1533 2029 aliquid
1575 1956 1943 2026 redundarc,·
2000 1958 2196 2029 itaque
2241 1957 2295 2013 si
2338 1956 2405 2013 in
2452 1950 2608 2014 ἐκεῖ
2651 1955 3008 2013 redundaret
3051 1951 3087 2013 ’ἑ
3132 1953 3343 2019 littera,

709 2045 895 2118 plena
938 2046 1131 2117 forma
1177 2043 1291 2104 κεῖ
1336 2048 1567 2103 artaret.
1650 2042 1833 2118 Atqui
1877 2061 1997 2104 non
2040 2048 2219 2103 extat:
2267 2061 2397 2118 erqo
2443 2042 2475 2104 ἒ
2523 2062 2640 2103 non
2684 2044 2978 2104 redundat
3026 2042 3343 2116 59,6-8.

902 2135 1005 2209 58,
1028 2137 1104 2193 11
1157 2135 1229 2192 cf.
1260 2133 1392 2193 adv.
1428 2136 1574 2207 147,
1598 2134 1696 2192 16.
1771 2135 1825 2192 A
1864 2133 2183 2210 Tryphone
2229 2133 2375 2193 haec
2422 2135 2666 2211 petiisse
2697 2133 2809 2210 Ap.
2842 2136 3042 2193 censet
3069 2130 3353 2209 Egenolff

720 2222 910 2281 Anon.
950 2242 1194 2300 gramm.
1236 2223 1373 2298 epit.
1420 2224 1516 2282 16.
1603 2222 1689 2281 Cf.
1728 2223 1865 2283 Her.
1906 2223 1969 2281 H
2011 2224 2135 2283 182
2157 2242 2242 2300 sq.
2318 2224 2440 2282 Ska
2486 2225 2550 2281 in
2595 2222 2682 2282 Fl.
2725 2221 2865 2282 0111
2907 2223 3052 2282 634.

902 2313 1107 2386 58,12
1157 2312 1413 2370 Bekkeri
1462 2314 1719 2371 mutatio
1775 2313 2114 2372 confirmari
2160 2312 2398 2372 videtur
2443 2316 2599 2389 synt.
2651 2313 2844 2387 5,15;
2904 2313 3054 2371 coni.
3105 2311 3346 2384 254‚8;

721 2402 851 2461 adv.
906 2402 1183 2477 158,16;
1248 2400 1351 2461 sed
1416 2401 1633 2461 codicis
1691 2403 2048 2479 scripturam
2104 2404 2310 2461 tuetur
2355 2401 2468 2460 EM
2519 2403 2767 2477 560,31
2823 2398 3013 2463 λεώς·
3063 2396 3178 2460 ἐὰν
3225 2397 3344 2473 μὲν

718 2486 1047 2564 ὀξύνηται,
1095 2486 1382 2552 Ἀττικόν
1429 2487 1612 2562 ἐςτιν,
1661 2486 1794 2551 ἀπὸ
1839 2491 1959 2552 τοῦ
2007 2487 2191 2552 λαός·
2239 2486 2293 2551 εἰ
2340 2490 2412 2551 δὲ
2462 2489 2819 2568 βαρύνεται,
2869 2486 3164 2566 ἀποβολή
3214 2484 3345 2549 ἐςτι

718 2579 836 2641 τοῦ
901 2578 1163 2640 τελέως·
1228 2577 1307 2641 ὃν
1354 2575 1478 2655 γὰρ
1534 2577 1782 2655 τρόπον
1838 2576 2259 2656 προςέρχεται
2303 2576 2344 2655 ἡ
2393 2580 2463 2642 τ’-ε
2511 2577 2583 2642 ἐν
2639 2583 2730 2661 τῷ
2791 2577 3101 2654 τέτρομος
3169 2571 3343 2661 (Lob.

718 2669 833 2729 ΕΠ.
871 2669 902 2729 Ι
944 2662 1119 2751 176),
1168 2664 1532 2745 ἀφαιρεῖται
1581 2665 1653 2729 ἐν
1698 2671 1791 2749 τῷ
1835 2667 2072 2731 τελέως
2120 2667 2302 2741 λέως,
2352 2689 2504 2747 quae
2549 2669 2736 2730 Lentz
2776 2662 2866 2752 (Π
2909 2664 3065 2751 190)
3103 2668 3349 2728 dubitat

718 2779 796 2819 an
860 2758 1199 2819 Herodiano
1262 2759 1577 2820 tribuenda
1641 2760 1777 2820 sint.
1889 2759 2059 2820 Phot.
2109 2780 2153 2821 s.
2194 2781 2246 2820 v.
2297 2758 2700 2835 λεωκόρητος
2764 2755 3170 2839 (λεώλεθρος
3229 2759 3342 2817 ins.

718 2845 960 2929 Nabar>
1024 2845 1608 2924 ἐξωλοθρευμένος·
1677 2847 1753 2910 τὸ
1818 2846 1943 2925 Ῡὰρ
2009 2847 2174 2910 λέως
2239 2846 2366 2910 ἐςτὶ
2431 2847 2685 2911 τελέως.
2804 2849 3060 2926 Hesych.
3128 2844 3344 2909 λείως·

720 2933 973 3018 ῥᾳδίως.
1021 2938 1264 3010 δεινῶς,
1314 2936 1582 3014 ςφόδρα.
1629 2935 1908 2999 τελείως.
1956 2938 2184 3000 καλῶς.
2262 2937 2621 2999 GHermann
2661 2938 2737 2998 ad
2774 2938 2954 3016 Soph.
2994 2939 3134 2998 Ant.
3170 2939 3339 2997 1261

720 3031 780 3086 et
817 3028 1111 3106 ThBergk
1157 3029 1232 3086 ad
1269 3027 1612 3088 Archilochi
1657 3029 1728 3087 fr.
1774 3031 1897 3087 112
1947 3033 2192 3089 monent
2238 3029 2455 3089 codicis
2501 3031 2860 3105 scripturam
2903 3024 3140 3089 τελέως
3178 3023 3348 3086 λέως

718 3135 838 3176 non
883 3121 1041 3176 recte
1081 3136 1117 3175 a
1154 3116 1425 3178 Bekkero
1462 3118 1763 3177 sublatam
1811 3137 1966 3193 esse;
2012 3116 2370 3178 GHermann
2408 3120 2447 3178 1.
2485 3137 2529 3178 e.
2569 3136 2615 3178 s.
2664 3115 2851 3179 λείως
2893 3114 3057 3178 λέως
3095 3136 3132 3175 a
3169 3115 3346 3177 λεῖος

719 3200 983 3283 ‘planus’
1032 3206 1366 3267 derivatum
1412 3225 1538 3267 esse
1579 3207 1891 3285 praecipit,
1937 3207 2080 3267 Lob.
2120 3207 2234 3266 En.
2273 3208 2305 3267 I
2348 3209 2471 3267 148
2514 3229 2548 3267 a
2587 3204 2751 3269 λεώς
2781 3234 2865 3256 ---
2897 3204 3055 3267 λαός
3106 3207 3345 3283 repetit.

901 3297 1106 3371 58,15
1154 3293 1231 3356 τὸ
1276 3291 1338 3375 ἒ]
1387 3295 1511 3356 ska
1556 3295 1586 3357 Ῑ
1634 3299 1733 3357 15.
3219 3365 3223 3371 ,

900 3387 1002 3461 58,
1027 3388 1105 3444 17
1154 3385 1194 3443 J
1196 3383 1529 3464 Guttentag
1572 3385 1770 3445 locum
1816 3405 1853 3445 a
1900 3405 1962 3446 se
1999 3386 2377 3447 emendatum
2413 3390 2502 3446 ita
2538 3387 2993 3464 interpretatur:
3041 3380 3345 3446 ‘Fortasse

718 3471 755 3534 ’ἶ
818 3475 1025 3534 littera
1088 3493 1242 3552 quae
1304 3477 1368 3533 in
1435 3471 1677 3536 ἔκταςις
1743 3471 1927 3537 ἐκτός
1990 3479 2109 3553 est,
2173 3495 2353 3536 causa
2415 3478 2535 3536 fuit
2599 3496 2703 3536 cur
2756 3477 3068 3536 tolleretur
3127 3475 3343 3535 densus

718 3564 994 3641 spiritu8‚
1053 3567 1123 3624 ut
1174 3566 1403 3625 factum
1458 3568 1549 3625 est
1593 3565 1656 3623 in
1704 3559 1986 3625 ἀταλός’.
2078 3567 2166 3625 At
2208 3568 2409 3643 potuit
2455 3568 2769 3644 quisquam
2817 3587 2948 3626 eam
2993 3564 3030 3626 ·ῖ’
3075 3566 3346 3625 litteram

720 3673 872 3730 quae
918 3658 1011 3714 est
1054 3654 1117 3713 in
1165 3650 1346 3714 ἐκτός
1394 3649 1663 3725 ἔκταςις,-
1702 3654 1777 3713 ab
1825 3652 1860 3714 ἒ
1906 3653 2111 3714 littera
2157 3658 2486 3716 seiunctam
2523 3675 2632 3733 per
2666 3655 2703 3716 ἱ
2737 3658 3171 3734 interpositam,
3207 3674 3345 3713 cum

719 3740 755 3801 ’ἶ
790 3744 901 3803 illa
938 3743 1202 3803 conferre
1242 3763 1392 3820 quae
1430 3742 1472 3803 ἃ
1510 3743 1894 3820 subsequitur
1929 3745 1994 3802 in
2032 3739 2314 3806 ἀταλόςῖ
2357 3745 2548 3805 Immo
2584 3746 2731 3805 haec
2766 3748 2996 3822 profert
3031 3745 3345 3821 DyscoluS,

716 3835 788 3892 ut
832 3834 1086 3893 alterum
1131 3833 1609 3893 adversariorum
1655 3836 2074 3911 argumentum
2121 3835 2365 3894 refutet:
2431 3830 2489 3894 ‘E
2534 3838 2675 3895 ante
2720 3834 2758 3894 R
2803 3835 3068 3895 litteram
3113 3836 3343 3895 inter-

718 3921 880 3982 dum
917 3915 1024 4005 (ad
1057 3942 1226 4000 pron.
1258 3923 1316 3998 8,
1342 3925 1550 3983 15--1
1564 3915 1630 4003 7)
1669 3922 1791 3982 leni
1828 3924 2048 3999 spiritu
2083 3926 2401 4000 profertur,
2438 3927 2507 3984 ut
2542 3925 2605 3984 in
2644 3920 2841 3996 ἐκτός,
2881 3919 3148 3995 ἔκταςις;
3188 3942 3343 4000 quae

718 4013 988 4089 exempla
1025 4012 1074 4072 si
1115 4013 1249 4089 quis
1285 4012 1513 4087 reiciat,
1560 4009 1718 4088 quod
1755 4013 1819 4070 in
1859 4012 1955 4071 his
2000 4014 2149 4073 insit
2186 4010 2255 4074 ἐκ
2291 4015 2654 4092 praepositio
2691 4034 2799 4091 per
2835 4032 2896 4073 se
2933 4014 3149 4074 leniter
3183 4014 3344 4089 aspi-

716 4105 877 4165 rata:
921 4103 1101 4160 etiam
1140 4103 1273 4161 aliis
1312 4104 1374 4160 in
1412 4102 1655 4162 vocibus
1692 4104 1928 4161 mutata
1966 4103 2224 4179 quadam
2261 4105 2485 4180 littera,
2522 4123 2674 4181 quae
2711 4103 2978 4164 vocalem
3014 4104 3344 4180 aspiratam

717 4191 1126 4268 subsequitur,
1172 4193 1418 4269 spiritus
1466 4194 1760 4266 mutatur,
1806 4192 1975 4251 velut
2018 4193 2082 4251 in
2131 4188 2380 4254 ἁπαλός
2428 4189 2692 4264 ἀταλός;
2741 4194 2945 4253 eodem
2992 4192 3167 4252 modo
3212 4191 3343 4250 fieri

715 4282 918 4358 potuit
961 4285 1047 4358 ut,
1094 4300 1225 4341 cum
1272 4278 1309 4341 ἶ
1356 4281 1579 4355 littera,
1625 4299 1807 4357 quam
1851 4280 1914 4339 in
1960 4281 2072 4342 hoc
2119 4284 2466 4360 pronomine
2504 4284 2838 4343 naturalem
2876 4301 3003 4343 esse
3041 4301 3111 4342 ex
3147 4280 3344 4356 τῆνος

692 4372 908 4452 *forma
955 4371 1284 4450 colligitur,
1342 4389 1478 4430 cum
1523 4369 1559 4429 i
1605 4373 1971 4430 commutata
2017 4375 2197 4448 esset,
2254 4374 2436 4433 etiam
2491 4374 2779 4449 aspiratio
2826 4375 3005 4432 antea
3049 4371 3231 4432 densa
3277 4372 3344 4431 in

716 4461 908 4520 lenem
953 4454 1277 4521 transiret'.
1354 4459 1525 4531 Quod
1571 4480 1641 4519 ex
1687 4461 1944 4520 dialecto
1992 4462 2223 4541 colligit
2259 4462 2372 4540 Ap.
2412 4460 2449 4523 ἶ
2486 4462 2748 4523 litteram
2795 4462 3149 4541 originalem
3195 4479 3344 4537 esse,

715 4549 777 4608 id
830 4569 950 4610 non
1005 4553 1239 4628 pugnat
1293 4568 1427 4609 cum
1485 4550 1589 4625 58,
1611 4553 1722 4626 113
1781 4550 1867 4609 ibi
1924 4554 2081 4610 enim
2136 4551 2286 4611 nihil
2342 4552 2514 4613 docet
2558 4552 2675 4612 nisi
2728 4553 2865 4628 hoc,
2919 4572 3039 4612 non
3085 4552 3262 4611 licere
3310 4572 3344 4611 e

716 4639 989 4699 dialectis
1036 4640 1325 4700 iudicium
1371 4641 1522 4700 ferre
1569 4639 1641 4698 de
1687 4640 2105 4716 pleonasmo
2153 4644 2216 4701 et
2260 4642 2525 4720 ellipsi.

900 4730 1003 4804 58,
1028 4731 1289 4789 18-20
1336 4731 1564 4808 optimo
1610 4730 1738 4788 iure
1785 4731 1926 4789 eicit
1974 4729 2095 4789 Ska
2140 4731 2172 4790 I
2213 4732 2325 4808 15,
2369 4737 2440 4792 ut
2477 4753 2629 4809 qnae
2675 4733 2825 4792 nihil
2870 4731 3134 4793 habeant
3179 4731 3343 4809 quod

716 4818 792 4876 ad
849 4819 1003 4878 hanc
1059 4820 1468 4896 quaestionem
1524 4821 1848 4896 pertineat3
1914 4820 2177 4896 ascripta
2223 4839 2349 4881 esse
2395 4824 2733 4900 suspicatur
2778 4842 2815 4882 a
2861 4821 3147 4899 quodam,
3207 4840 3344 4881 cum

715 4906 949 4967 videret
1003 4910 1195 4968 multa
1241 4910 1296 4967 h.
1335 4910 1373 4968 1.
1421 4909 1541 4968 dici
1596 4908 1669 4968 de
1730 4908 2054 4986 aphaeresi.
2149 4908 2239 4969 De
2293 4932 2357 4971 re
2413 4913 2484 4971 cf.
2532 4911 2717 4971 Lentz
2773 4913 2836 4971 in
2881 4911 3095 4972 Philol.
3144 4913 3341 4989 suppl.
