3738 5530
673 350 1117 407 Commentarius
1145 351 1373 407 criticus
1400 353 1461 406 et
1486 350 1807 423 exegeticus
1831 350 1894 406 in
1919 348 2209 420 Apollonii
2236 348 2465 419 Dyscoli
2493 349 2705 419 scripta
2730 349 2961 404 minora.
3049 349 3131 413 67

698 513 758 602 6)
805 518 1218 580 Orthotonesis
1265 519 1514 581 debetur
1548 519 1815 597 poeticae
1859 518 2155 595 lieentiae,
2200 538 2322 596 qua
2365 518 2496 580 fieri
2538 520 2740 596 potest
2782 520 2852 578 ut
2896 519 3131 596 plenior

520 611 712 670 forma
757 612 1034 687 ponatur,
1077 608 1182 668 ubi
1226 610 1524 670 sententia
1567 628 1686 669 non
1731 609 2057 688 flagitatur.

698 691 765 777 d)
811 698 921 760 Vis
968 719 1037 759 ao
1082 698 1248 758 notio
1294 716 1475 759 causa
1521 702 1631 774 est,
1676 718 1784 758 cur
1817 701 2046 758 rectum
2082 700 2291 758 tonum
2329 700 2636 759 assumant
2670 698 3040 776 pronomina.

702 790 807 864 40,
828 791 868 848 4
913 790 989 849 of
1029 790 1183 864 synt.
1225 790 1492 864 121,13.
1566 787 1707 847 Her
1744 788 1777 847 1
1812 790 1962 864 474,
1983 789 2137 866 4sq
2211 786 2395 847 Lehrs
2432 807 2488 864 q.
2517 808 2566 847 ο
2608 789 2750 847 111.
2830 783 2923 847 Τὸ
2969 783 3133 862 πρός

521 895 579 938 τι
626 872 1053 954 λαμβάνεεθαι
1104 878 1264 937 idem
1317 880 1410 938 est
1463 877 1621 954 quod
1667 872 1935 953 ἔμφαειε
1980 872 2206 952 ἑτέρου
2253 873 2604 952 προεώπου
2650 880 2804 954 synt.
2849 878 3134 953 121,14,

521 970 843 1043 utrumque
907 958 1000 1049 (et
1052 962 1130 1027 τὸ
1184 962 1348 1042 πρό(
1403 983 1462 1027 τι
1517 962 1942 1042 λαμβάνεεθαι
2003 969 2066 1027 et
2108 962 2196 1036 τὸ
2252 960 2845 1027 ἀντιδιαεταλτικῶε
2890 961 3130 1042 λαμβά-

524 1048 767 1138 νεεθαι)
829 1056 1153 1134 opponitur
1211 1057 1304 1137 τῷ
1362 1050 1668 1136 ἀπολύτῳ
1713 1056 1812 1116 vel
1855 1057 1949 1136 τῷ
1994 1050 2129 1116 κατ’
2177 1050 2488 1117 ἀπόλυειν
2532 1056 2629 1116 vel
2674 1056 2767 1136 τῷ
2814 1049 3131 1117 ἀπολελυ-

524 1142 697 1227 μένῳ
740 1164 907 1222 pron.
949 1146 1054 1221 36,
1076 1145 1245 1206 5-6
1296 1137 1431 1227 (ubi
1467 1165 1522 1206 v.
1559 1137 1671 1227 11.).
1747 1143 1833 1204 Cf.
1872 1114 2011 1204 Her.
2051 1144 2082 1203 I
2120 1145 2367 1220 555,11
2401 1163 2487 1222 sq.
2568 1144 2978 1204 Herodianum
3021 1144 3134 1205 hae

521 1237 587 1295 in
622 1255 685 1293 re
723 1234 800 1295 ad
834 1234 1081 1295 verbum
1117 1235 1240 1294 fere
1276 1234 1606 1296 consentire
1644 1253 1782 1294 cum
1815 1237 1990 1312 patre
2025 1237 2229 1294 monet
2255 1233 2440 1294 Lehrs
2469 1253 2524 1310 q
2554 1233 3136 1294 6.108*.Β6111161·

523 1324 599 1384 ad
643 1325 685 1384 1.
722 1342 770 1384 6.
819 1324 993 1384 affert
1034 1322 1280 1384 Homeri
1334 1324 1534 1383 locum
1578 1321 1637 1385 Φ
1677 1325 1834 1399 226,
1892 1324 1997 1383 ubi
2051 1342 2415 1401 quamquam
2469 1339 2547 1398 με
2602 1326 2664 1384 et
2708 1319 2824 1385 τόν
2870 1324 3026 1383 inter
3071 1341 3134 1383 se

523 1416 928 1491 opponuntur,
972 1415 1172 1473 tamen
1218 1413 1493 1474 enclitioa
1538 1429 1613 1488 με
1657 1414 1853 1475 forma
1895 1413 2131 1491 legitur.
2209 1413 2379 1484 Quod
2415 1413 2633 1472 mirum
2669 1430 2788 1472 non
2826 1430 2951 1473 esse
2988 1412 3135 1472 dicit

526 1502 716 1564 Cauer
758 1504 822 1561 in
870 1501 1030 1563 Ourt.
1079 1501 1244 1562 Stud.
1290 1502 1412 1561 VH
1452 1504 1606 1579 1323
1668 1521 1810 1562 nam
1869 1502 2197 1562 Homerum
2260 1501 2340 1561 ad
2403 1501 2785 1580 opponendas
2851 1502 3009 1562 inter
3070 1521 3133 1562 se

522 1611 804 1670 personas
865 1593 1048 1652 etiam
1110 1592 1253 1653 solis
1314 1592 1630 1653 verborum
1690 1591 2211 1653 terminationibus
2273 1592 2393 1667 uti,
2455 1595 2526 1652 ut
2579 1590 2631 1653 Σ
2680 1593 2825 1653 308.
2897 1623 2974 1634 -
3040 1591 3132 1652 De

524 1677 727 1744 ἰδικόν
772 1683 1070 1759 scriptura
1116 1682 1192 1741 ad
1237 1684 1297 1757 4,
1320 1684 1355 1741 7
1405 1681 1544 1741 dixi

703 1772 1091 1847 40,10-14
1139 1771 1211 1830 ef.
1259 1773 1412 1848 synt.
1465 1773 1611 1847 132,
1632 1772 1956 1847 20—133,
1977 1774 2033 1831 2.

699 1860 875 1920 Recto
927 1864 1120 1921 tenore
1169 1863 1418 1920 wtwntur
1470 1877 1844 1936 quaeeunque
1877 1878 1993 1936 per
2036 1843 2426 1934 copulativam
2469 1859 2925 1921 commotione„
2969 1856 3130 1938 (καί)

524 1967 653 2011 eum
712 1952 794 2010 eis
850 1951 1409 2025 quaepraeoedwnt
1463 1950 1777 2010 cohaerent.
1874 1949 2058 2010 Gaius
2114 1951 2202 2008 rei
2256 1950 2736 2010 haece-stratio.
2838 1950 3132 2024 Ubipro-

522 2057 732 2099 nomen
784 2042 947 2099 adra
999 2040 1417 2114 copulationem
1462 2042 1739 2113 ponitur,
1805 2042 1979 2100 etiam
2022 2039 2289 2098 absoluta
2334 2039 2566 2110 evadet;
2626 2040 2731 2099 ubi
2774 2039 2962 2099 locum
2995 2043 3135 2114 post

526 2124 645 2188 καί
680 2132 936 2203 occupat,
983 2119 1075 2211 (et
1116 2128 1183 2187 in
1225 2129 1551 2206 pleniorem
1595 2130 1850 2189 formam
1894 2127 2231 2188 mutabitur
2265 2119 2354 2208 et)
2390 2131 2609 2188 rectam
2645 2132 2844 2188 tonwm
2878 2131 3136 2203 accipiet.

524 2217 639 2278 Sed
683 2221 766 2277 est
805 2218 910 2278 ubi
941 2235 1283 2292 pronomen,
1329 2235 1683 2293 quamquam
1726 2220 2180 2278 coniunctionem
2224 2213 2347 2277 καί
2390 2218 2775 2293 subsequitur,
2823 2235 2893 2278 ea
2938 2222 3131 2278 tamen

522 2324 642 2367 non
695 2308 989 2382 copuletur
1043 2299 1215 2390 (quia
1269 2305 1513 2368 verbum
1570 2307 1982 2368 coniunctione
2035 2297 2406 2387 copulam),
2465 2307 2551 2367 ibi
2610 2325 2756 2368 smne
2804 2325 3131 2382 pronomen

528 2397 851 2457 andiacum
895 2400 980 2456 est
1023 2397 1130 2472 40,
1152 2397 1317 2457 15—
1325 2397 1428 2456 25.
1524 2395 1608 2456 cf.
1657 2399 1810 2474 synt.
1863 2399 2010 2472 121,
2033 2397 2200 2455 25-
2212 2396 2359 2471 126,
2381 2397 2435 2455 2.
2456 2387 2519 2478 *)

706 2486 810 2561 40,
833 2485 915 2545 25
965 2480 1302 2565 εἰρήεεται]
1351 2487 1511 2562 41,1
1545 2504 1630 2563 sq.
3192 2519 3203 2544 ι

702 2575 929 2635 Eodem
971 2576 1139 2635 modo
1183 2579 1334 2634 recto
1379 2579 1509 2634 tono
1552 2577 1864 2651 stynantur
1909 2591 2059 2649 quae
2091 2592 2207 2650 per
2240 2574 2654 2635 dietumettvam
2689 2576 3141 2635 commotionem

529 2659 626 2741 (ἤ)
691 2665 1039 2738 copulantur
1103 2665 1208 2740 40,
1229 2665 1510 2741 26-41,
1532 2664 1586 2724 6.
1694 2662 1781 2724 of.
1829 2666 1984 2740 synt
2036 2664 2182 2738 126,
2205 2665 2326 2722 2-
2338 2664 2485 2740 127,
2506 2664 2561 2722 6.
2653 2663 2791 2724 Her.
2841 2664 2871 2723 1
2911 2665 3059 2740 559,
3080 2666 3136 2724 9.

708 2755 916 2830 40,27
966 2748 1148 2834 epact]
1194 2753 1399 2815 Habro
1447 2710 1667 2832 al’iique
1713 2754 1784 2814 ef.
1833 2756 1988 2831 synt.
2041 2754 2321 2831 121,13;
2370 2709 2575 2830 126,3
2608 2772 2693 2831 sq.

706 2845 915 2920 40,29
964 2843 1034 2903 cf.
1074 2846 1227 2920 synt.
1269 2844 1505 2920 126,4,
1562 2842 1672 2904 AG
1724 2843 1928 2920 1154,
1988 2842 2126 2902 Her.
2165 2842 2227 2901 Π
2266 2843 2490 2919 66,17.
2587 2841 2772 2905 Lehrs
2810 2863 2863 2921 q.
2894 2863 2941 2905 e.
2985 2847 3140 2921 112,

529 2931 668 2993 Lob.
707 2932 822 2992 Eu.
861 2932 923 2992 Π
962 2934 1120 3009 335,
1172 2931 1262 2992 La
1305 2932 1504 2993 Roohe
1548 2934 1606 2992 11.
1644 2933 1715 2993 U.
1768 2933 1911 2993 145.

707 3023 813 3097 40,
833 3022 919 3081 30
967 3022 1037 3081 of.
1086 3021 1215 3081 EM.
1267 3024 1414 3098 757,
1436 3024 1546 3098 24,
1594 3020 1861 3082 Schmidt
1905 3021 2090 3081 Beitr.
2142 3022 2285 3081 566.

701 3067 864 3171 Sitne
904 3128 1228 3186 pronomen
1286 3112 1616 3187 copulatam»
1666 3112 1756 3171 vel
1810 3112 2166 3171 disiwnetum
2207 3128 2410 3180 neone,
2468 3111 2556 3170 ita
2601 3128 2814 3186 quaere
2856 3116 2948 3182 ut,
2996 3114 3141 3187 qwid

517 3218 631 3279 per
692 3201 938 3259 alteram
1000 3203 1453 3261 coniunctionem
1505 3202 1902 3269 subnectatur,
1967 3201 2419 3260 animadvertas
2508 3199 2577 3260 Si
2626 3218 2954 3275 pronomen
3014 3194 3139 3283 (vel

530 3287 686 3367 quod
730 3287 888 3349 idem
934 3290 1098 3350 valet
1141 3282 1382 3373 nomen)
1427 3291 1798 3361 subneetitnr,
1833 3305 2160 3392 pronomen
2206 3293 2289 3350 est
2330 3291 2452 3349 sive
2496 3291 2827 3365 copulatum
2861 3293 2983 3351 sive
3018 3293 3136 3351 dis·

526 3381 812 3448 iunctum,
876 3380 1047 3439 verbo
1088 3380 1433 3454 plerumque
1484 3380 1826 3452 sabaudum
1889 3381 1987 3439 sin
2038 3378 2279 3438 verbum
2330 3380 2709 3450 sabneetttur,
2776 3381 2858 3440 ad
2900 3382 3143 3441 verbum

517 3470 771 3543 pertinet
805 3470 1143 3538 coniwnetzo,
1182 3473 1250 3528 ut
1282 3470 1597 3530 subiectum
1623 3471 1850 3544 prioris
1884 3470 2198 3529 sententiae
2224 3468 2570 3543 plerumque
2598 3471 2770 3528 etiam
2798 3472 2879 3530 ad
2906 3471 3142 3530 verbum

528 3558 681 3632 quod
724 3559 1091 3633 subsequitur
1134 3559 1523 3633 supplendum
1557 3561 1636 3618 sit
1680 3559 2039 3635 41,7—25.
2135 3555 2222 3616 Cf.
2261 3559 2415 3635 synt.
2459 3560 2606 3635 121,
2629 3560 2710 3618 25
2741 3577 2855 3637 sq.;
2905 3561 3141 3637 126,9;

533 3649 680 3724 129,
711 3648 766 3706 6.

707 3738 812 3811 41,
833 3737 871 3795 8
939 3732 1018 3798 οὐ
1054 3767 1143 3779 -
1179 3732 1645 3816 διακρούεεθαι]
1712 3730 1884 3796 ‘haee
1943 3736 2112 3796 brevi
2179 3736 2590 3797 observatione
2643 3736 2960 3799 «absolvere
3023 3757 3141 3798 non

529 3820 719 3902 lieet’3
765 3825 835 3885 ef.
885 3825 1042 3903 quod
1087 3828 1384 3886 nostrates
1429 3827 1599 3885 aiunt
1643 3819 1843 3886 ε1111619
1889 3825 2043 3885 Knie
2085 3820 2380 3885 brechen’.

707 3916 871 3989 41‚9
919 3915 990 3973 ef.
1039 3918 1193 3992 synt
1246 3917 1490 3991 123,19
1523 3935 1636 3992 sq.3
1680 3914 1862 3976 Prisc.
1910 3914 2086 3974 XVII
2126 3917 2206 3975 95
2253 3935 2311 3993 p.
2355 3915 2801 3993 160,16—21.

707 4005 812 4080 41,
835 4007 916 4063 14
953 4000 1030 4066 τὸ
1067 4001 1170 4065 καὶ
1198 4000 1539 4066 Διονύειοε
1576 4000 1658 4084 <ἢ
1688 3999 2072 4083 Διονύειοε)
2106 3999 2146 4079 ἤ
2185 4020 2245 4065 τι
2273 4004 2603 4083 EgenolffI
2632 4007 2776 4065 840.
2824 4005 2919 4064 Ad
2962 4007 3018 4081 7,
3042 4007 3142 4066 28.

709 4095 813 4169 41,
836 4095 915 4153 16
945 4089 985 4168 ἡ
1015 4090 1339 4169 ευμπλοκή
1377 4113 1486 4171 pro
1513 4090 1553 4168 ἡ
1593 4090 1906 4168 ἐπιπλοκή
1944 4092 2283 4170 ponendum
2321 4113 2445 4155 esse
2482 4096 2821 4172 suspicatur
2855 4094 3137 4155 Hoersoh.

533 4184 689 4259 376,
734 4182 1014 4261 Egenolff
1052 4182 1142 4242 IV
1187 4184 1272 4241 44
1319 4182 1556 4243 dubitat
1600 4184 1754 4243 sitne
1801 4178 2114 4258 ἐπιπλοκή
2146 4209 2230 4231 =
2262 4178 2561 4259 ἐπιφορά,
2609 4186 2678 4243 ut
2721 4187 2877 4261 synt.
2932 4185 3077 4260 119,
3100 4186 3138 4244 9

530 4267 569 4333 ὁ
624 4267 966 4347 εύνδεεμοε
1020 4267 1222 4333 αἴτιος
1276 4269 1625 4347 γενόμενος
1681 4268 2099 4345 ἐπιπλοκῆς
2154 4267 2381 4348 ἑτέρου
2437 4268 2639 4344 λόγου
2699 4269 2960 4334 πάντως
3005 4270 3139 4347 διή-

530 4376 701 4436 γειρε
756 4358 872 4436 τὴν
928 4357 1359 4437 ἀντωνυμίαν,
1416 4356 1526 4422 ἵνα
1579 4357 1862 4423 δεόντως
1918 4356 2376 4443 ἀντιδιαετείλῃ
2431 4358 2509 4421 τὸ
2566 4358 3144 4438 ἐπιφερόμενον

536 4446 770 4526 ἕτερον
806 4446 1174 4526 πρόςωπον,
1221 4446 1382 4526 ὅπερ
1421 4446 1697 4512 ἐνέκειτο
1736 4447 1807 4511 ἐν
1842 4451 1937 4531 τῷ
1984 4446 2517 4532 ἐπιφερομένῳ
2563 4447 2757 4533 λόγῳ.
2830 4452 2965 4529 Ipse
3001 4471 3146 4529 quo-

536 4560 648 4616 que
695 4535 1005 4615 ἐπιπλοκή
1053 4542 1137 4600 sie
1183 4541 1372 4617 accipi
1414 4559 1587 4618 posse
1631 4543 1808 4617 puto,
1863 4539 1933 4599 61
1981 4540 2128 4599 coni.
2179 4542 2327 4616 240,
2349 4540 2431 4600 29
2487 4537 2654 4601 τινὲς
2702 4537 2916 4616 μέντοι
2980 4537 3141 4603 ἐπι-

531 4626 832 4703 πλοκὴν
872 4625 1243 4692 ἐξεδέξαντο
1275 4629 1408 4689 τῶν
1447 4625 1763 4690 αἰτιωδῶν
1791 4625 2170 4704 ευνδέεμων.
2218 4632 2372 4706 synt.
2404 4631 2550 4705 202,
2572 4632 2609 4690 3
2648 4627 2771 4690 τὰ.
2801 4627 3097 4706 .μ..έρη

537 4718 615 4797 τῇ
671 4718 791 4779 τοῦ
855 4717 1057 4792 λογοῦ
1123 4714 1401 4780 ευνθέεει
1459 4713 1941 4794 ἀναμεμέριεται
2006 4713 2096 4780 εἰ(
2159 4714 2580 4793 ἐπιπλοκὴν
2642 4712 3145 4802 (coniunctionem

535 4799 745 4889 Prisc.)
793 4807 911 4868 τοῦ
957 4804 1120 4883 πρὸς
1166 4804 1204 4869 ὃ
1250 4803 1516 4869 δύναται
1562 4805 1881 4884 φέρεεθαι.

714 4994 762 5075 ⁶)
799 4998 944 5073 synt.
986 5000 1104 5067 125,
1126 5000 1159 5052 8
1195 4995 1366 5055 verba
1399 4999 1512 5056 ὑπὸ
1546 5004 1664 5056 τῶν
1701 4999 2068 5069 ἀντωνυμιῶν
2107 4994 2351 5052 delenda
2385 5013 2507 5054 esse
2542 5001 2697 5070 puto.

2646 5088 2716 5147 5*
