3738 5530
666 328 751 392 24
1597 334 1777 385 ΠΕΡΙ
1816 332 2319 383 Asmurnam.

1549 441 2380 491 p.28(288)09-³1(291)C4h

839 538 974 602 Ἐπὶ
1016 538 1232 615 τρίτου
1273 536 1353 601 οὐ
1400 536 1703 601 ςυντείνει
1748 536 1828 600 τά
1872 539 1990 599 τοῦ
2038 534 2260 610 λόγου.
2335 535 2615 598 πάντοτε
2660 536 2782 612 γὰρ
2826 537 2924 599 δεῖ
2951 541 3042 616 τῷ
3072 534 3262 616 τρίτῳ
3297 552 3363 601 29
3388 547 3439 600 A

669 642 784 718 τὴν
845 639 1251 716 ἀντωνυμίαν
1305 639 1344 715 ἢ
1401 639 1477 703 τὸ
1524 636 1733 715 ὄνομα
1789 636 2233 716 ἐπιφέρεςθαι,
2298 636 2385 698 δι’
2442 634 2520 699 οὗ
2577 636 2652 700 τὸ
2712 636 3098 713 λειπόμενον
3155 635 3265 701 ἀν-

672 740 1206 820 απληρωθήςεται.
1281 738 1566 819 γράφει
1597 739 1748 817 γάρ·
1793 739 1909 802 τίς
1939 738 2385 817 ἐπιζητοῦμεν,
2433 739 2534 801 καὶ
2569 737 2639 801 ἐν
2672 739 3035 816 διαςτήματι
3065 738 3264 803 ἐκεῖ·

675 863 841 924 νος,
909 842 978 906 ἐν
1038 843 1109 906 δὲ
1168 841 1459 917 ἐγγύτητι
1519 839 1792 920 οὗτος,
1851 840 1890 917 ἢ
1945 841 2016 904 ἐν
2073 839 2383 922 ἀναφορᾷ
2439 838 2708 916 αὐτός,
2773 840 2811 917 ἢ
2869 838 2939 903 ἐν
2999 839 3268 918 ὀνόματι

607 960 638 1006 5
676 946 1099 1022 περιπατεῖ
1143 942 1575 1020 (Σωκράτης.
1650 941 1769 1006 οὐκ
1814 942 2152 1006 ἀντίκειται
2200 932 2275 1005 τὸ
2320 940 2416 1017 ὕει
2460 941 2498 1018 ἢ
2547 944 2785 1025 βροντᾷ
2828 942 2866 1019 ἢ
2909 941 3267 1022 ἀςτράπτει,

676 1045 987 1121 αὐτοτελῆ
1033 1042 1194 1109 ὄντα
1216 1065 1231 1080 ·
1280 1043 1667 1109 ὑπακούεται
1710 1045 1835 1120 γὰρ
1881 1042 2141 1107 πάντως
2176 1043 2213 1105 ὁ
2244 1042 2443 1123 Ζεύς,
2491 1040 2621 1116 εἴγε
2654 1043 2857 1107 αὐτοῦ
2887 1047 3085 1106 ταῦτα
3114 1041 3267 1109 ἴδια.

848 1146 978 1224 Χρὴ
1035 1146 1105 1210 δὲ
1162 1146 1524 1226 γινώςκειν,
1584 1143 1683 1208 ὅτι
1737 1145 1841 1208 ἐπὶ
1896 1148 2030 1208 τῶν
2084 1145 2402 1209 τοιούτων
2460 1144 2763 1223 φράςεων
2819 1145 3144 1208 λείπουςιν
3200 1143 3265 1206 αἱ

676 1248 1084 1327 ἀντωνυμίαι,
3303 1246 3348 1299 Β

1386 1348 1582 1412 αὐτὸς
1627 1347 1790 1412 ἑκών
1837 1345 1899 1410 οἱ
1944 1350 2122 1412 δῶκα
2168 1348 2235 1430 (δ
2279 1346 2472 1429 649),

581 1467 645 1516 10
1392 1449 1586 1515 αὐτὸς
1631 1452 1751 1512 νῦν
1795 1446 1893 1512 ἴδε
1940 1451 2133 1526 πῶμα
2178 1452 2242 1532 (θ
2284 1448 2456 1529 443).

680 1553 735 1617 εἰ
793 1554 917 1630 γὰρ
975 1552 1014 1630 ἡ
1072 1551 1265 1616 αὐτός
1322 1555 1460 1614 ταῖς
1517 1550 2215 1629 ἀντιδιαςτελλομέναις
2272 1550 2703 1626 ςυντάςςεται,
2769 1551 2847 1613 τὰ
2904 1552 2974 1614 δὲ
3032 1549 3274 1628 ῥήματα

684 1653 763 1719 οὐ
808 1652 1239 1734 διαςταλτικά,
1298 1652 1591 1716 ἀπόλυτα
1646 1653 1717 1715 δὲ
1773 1651 2088 1730 πρόςωπα
2132 1650 2444 1730 ςημαίνει,
2500 1658 2639 1716 πῶς
2697 1651 2844 1729 οὐχὶ
2888 1652 2953 1716 ἐξ
2995 1651 3274 1731 ἀνάγκης

683 1755 759 1819 τὸ
806 1758 918 1832 τῆς
964 1753 1368 1832 ἀντωνυμία(
1414 1753 1765 1831 πρόςωπον
1812 1752 2015 1832 ἐνδεῖ,
2071 1753 2142 1816 ἐν
2189 1753 2242 1834 ᾧ
2288 1751 2368 1830 ἦν
2410 1752 2952 1831 ἀντιδιαςταλτικὴ
2996 1753 3276 1833 ἐκφορᾶς

853 1855 1296 1934 Διδαςκόμεθα
1351 1856 1429 1933 δὴ
1482 1854 1779 1919 ἐντεῦθεν
1838 1854 1929 1918 ὼς
1984 1861 2227 1936 φυςικῷ
2284 1874 2402 1918 τινι
2461 1853 2636 1937 λόγῳ
2681 1853 2743 1918 αἱ
2788 1854 3125 1930 ἐγκλιτικαὶ
3168 1858 3278 1933 τῆς

589 1968 650 2016 15
687 1957 934 2021 εὐθείας
979 1956 1378 2034 ἐςιγήθηςαν,
1425 1955 1625 2034 πάςης
1668 1955 1966 2035 φράςεως
2010 1955 2426 2033 μεταβατικὸν
2472 1956 2542 2020 ἐν
2590 1944 2963 2034 προςώποις
3009 1958 3277 2036 ἐχούςης

683 2060 759 2123 τὸ
822 2058 1018 2137 ῥῆμα,
1076 2056 1240 2134 ὅπερ
1295 2056 1375 2135 ἦν
1432 2057 1694 2133 δυνάμει
1755 2056 2168 2134 ἐγκλινομένη
2214 2055 2599 2136 ἀντωνυμία.
2670 2094 2743 2103 --
2811 2058 2992 2136 Πρός
3034 2079 3107 2134 γε
3153 2061 3275 2138 μὴν
3318 2065 3358 2121 C

684 2163 819 2225 τοῖς
875 2159 1261 2237 εἰρημένοις,
1331 2158 1470 2223 οὐδ’
1534 2158 1597 2222 αἱ
1653 2157 2263 2237 ἀνθυποφερόμεναι
2316 2163 2456 2223 τοῖς
2508 2158 2818 2238 πύςμαςιν
2885 2158 3065 2224 ἐκτός
3129 2160 3279 2226 εἰςιν

687 2262 1185 2338 ἀντιδιαςτολῆς.
1290 2258 1342 2324 εἰ
1393 2260 1517 2337 γὰρ
1573 2258 1701 2323 ὧδέ
1755 2278 1846 2323 τις
1906 2258 2378 2343 ἀποφαίνοιτο,
2435 2259 2549 2325 τίς
2606 2260 2949 2342 ἔγραψε,
3008 2261 3123 2325 τίς
3168 2266 3278 2325 δι-

687 2363 1058 2444 ετάξατο,
1103 2362 1316 2442 φαμὲν
1363 2361 1547 2443 ἐγώ,
1592 2361 1996 2439 ἐξαιροῦντες
2040 2365 2151 2439 τῆς
2196 2363 2356 2425 κατὰ
2398 2360 2474 2425 τὸ
2520 2363 2731 2442 πύςμα
2775 2362 3076 2441 ἀορίςτου
3121 2383 3279 2441 προ-

589 2474 654 2522 20
689 2469 902 2545 φορᾶς
944 2464 1020 2528 τὸ
1066 2464 1375 2542 δεδρακὸς
1419 2463 1787 2541 πρόςωπον.

858 2649 965 2714 Ὡς
995 2652 1110 2727 μὲν
1142 2649 1262 2714 οὖν
1293 2650 1369 2713 τὸ
1403 2649 1571 2728 ῥῆμα
1598 2650 1712 2713 τὰς
1743 2649 2093 2725 ἐγκλιτικὰς
2122 2652 2234 2725 τῆς
2265 2649 2514 2715 εὐθείας
2555 2652 2976 2731 παρωθεῖται,
3009 2648 3276 2730 εἴρηται·
3315 2664 3379 2712 30
3406 2657 3453 2709 A

688 2756 810 2818 νῦν
872 2753 942 2817 δὲ
1000 2751 1231 2836 ῥητέον
1290 2749 1379 2815 ὼς
1438 2752 1539 2816 καὶ
1593 2751 1778 2815 αὐταὶ
1838 2751 1919 2815 τὰ
1983 2749 2268 2829 ὀνόματα
2334 2751 2788 2832 ἀποθλίβουςιν
2855 2750 3004 2815 ἀντ’
3069 2751 3284 2817 αὐτῶν

691 2853 1361 2933 παραλαμβανόμεναι.
1459 2854 1575 2917 τὰς
1627 2854 1741 2931 μὲν
1798 2850 1918 2916 οὖν
1964 2851 2164 2915 ἄλλα(
2208 2854 2475 2917 ’πτώςεις
2518 2854 2589 2916 ἐν
2636 2853 3008 2930 προςώποις
3050 2854 3285 2931 τρίτοις

591 2963 659 3011 25
696 2959 1007 3029 νοεῖςθαι,
1064 2955 1266 3033 μόνην
1325 2955 1397 3017 δὲ
1450 2955 1566 3031 τὴν
1622 2954 1916 3031 κλητικὴν
1973 2952 2045 3017 ἐν
2089 2953 2400 3036 δευτέρῳ,
2457 2953 2557 3016 ὡς
2602 2953 2674 3016 ἐν
2719 2959 2818 3036 τῷ
2863 2952 2917 3017 ὦ
2963 2954 3046 3017 ςὺ
3091 2954 3288 3033 Ἀρί-

692 3075 995 3134 ςταρχε.
1093 3056 1131 3119 ὃ
1188 3053 1309 3118 οὖν
1368 3054 1529 3132 ὑπὲρ
1585 3053 1820 3117 ἑαυτοῦ
1877 3052 2411 3132 ἀποφαινόμενος
2466 3054 2504 3131 ἢ
2564 3055 2728 3132 πρός
2771 3074 2911 3118 τινα
2954 3053 3289 3134 ἀπερειδό-

693 3178 884 3237 μενος
928 3158 1046 3222 τὸν
1091 3157 1293 3231 λόγον
1338 3154 1500 3233 ὑπὲρ
1545 3152 1746 3219 αὐτοῦ
1789 3158 1907 3218 τοῦ
1963 3156 2569 3233 προςφωνουμένου
2629 3155 2926 3232 ἠδυνάτει
2971 3160 3288 3235 προςχρῆ·

828 3359 1043 3413 Anovu.
1084 3363 1109 3409 1
1133 3355 1358 3410 Tertiae
1384 3369 1518 3408 vero
1545 3354 1704 3408 verbi
1727 3369 2003 3423 personae
2029 3352 2292 3422 quoniam
2317 3354 2572 3409 infinitae
2598 3356 2753 3422 sunt,
2777 3373 2955 3424 usque
2980 3373 3289 3427 pronomen

695 3444 796 3496 aut
845 3457 1050 3495 nomen
1097 3439 1420 3492 addendum
1468 3441 1579 3502 est;
1625 3438 1683 3491 in
1729 3437 1816 3491 his
1862 3438 2035 3507 ‘pluit
2076 3440 2258 3492 tonat’
2303 3438 2521 3508 Iupiter
2565 3440 2917 3494 subauditur.
2956 3472 3018 3479 —
3057 3447 3086 3495 7
3135 3441 3292 3495 Desi-

694 3527 928 3581 deratur
969 3540 1308 3593 pronomen,
1353 3523 1451 3576 ubi
1496 3524 1670 3578 αὐτός
1715 3525 1872 3576 recto
1907 3538 2039 3576 casu
2076 3540 2203 3575 eum
2239 3523 2412 3577 verbo
2449 3524 2817 3588 construitur;
2865 3526 3103 3578 verbum
3141 3527 3290 3580 enim

695 3610 980 3665 absolutas
1023 3625 1169 3679 pers.
1212 3605 1455 3672 indicat,
1499 3608 1673 3662 αὐτός
1722 3608 1979 3661 diseretis
2024 3607 2343 3676 apponitur.
2384 3638 2441 3646 -
2485 3613 2548 3661 14
2586 3606 2862 3662 Enelitiea
2903 3609 3078 3677 igitur
3112 3609 3288 3663 nomi-

693 3693 876 3748 nativi
921 3691 1256 3761 pronomina
1299 3690 1418 3744 iure
1465 3706 1578 3744 non
1623 3693 1869 3755 exstant;
1919 3708 1988 3745 ea
2032 3692 2181 3746 enim
2218 3694 2418 3761 suapte
2455 3693 2658 3746 natura
2686 3693 2974 3767 absolutas
3010 3709 3154 3762 pers.
3192 3694 3286 3747 de-

696 3779 1013 3848 signarent,
1039 3792 1178 3845 quas
1202 3775 1378 3829 verba
1398 3775 1523 3844 ipsa
1545 3792 1649 3844 per
1672 3792 1731 3829 se
1756 3775 2088 3845 significant.
2109 3806 2174 3815 —-
2193 3776 2533 3831 Pronomina
2554 3777 2615 3830 in
2639 3779 2917 3846 responsis
2940 3778 3164 3847 prolata
3182 3778 3291 3831 dis-

698 3865 854 3917 creta
890 3863 1024 3915 sunt
1088 3895 1147 3904 -
1195 3866 1259 3912 22
1297 3858 1544 3913 Nomina
1577 3859 1781 3914 tertiae
1817 3876 1965 3927 pers.
2002 3862 2157 3928 sunt,
2204 3863 2433 3929 praeter
2475 3862 2826 3924 vocativum,
2875 3861 2974 3931 qui
3008 3861 3288 3916 secundae

696 3946 982 4003 tribuitur.
1066 3944 1259 3997 Prima
1299 3943 1474 4012 igitur
1517 3945 1576 3998 et
1610 3944 1858 3998 secunda
1891 3946 2316 4013 pronominibus
2359 3944 2701 4010 vindicatur,
2747 3947 2918 4000 tertia
2951 3945 3289 4011 nominibus,

699 4030 796 4084 sed
845 4029 1077 4083 nomina
1119 4028 1219 4082 ubi
1255 4045 1382 4082 oum
1417 4027 1606 4081 verbis
1640 4028 2005 4082 substantivis
2041 4030 2466 4093 construuntur,
2516 4030 2687 4083 etiam
2725 4030 2797 4084 ad
2832 4030 3072 4099 primam
3111 4032 3171 4083 et
3203 4046 3285 4083 se-

700 4118 939 4168 cundam
974 4112 1280 4182 pertinent.
1341 4112 1406 4165 In
1442 4112 1613 4166 tertia
1647 4112 1983 4181 pronomina
2017 4129 2129 4167 non
2154 4115 2496 4182 usurpantur
2527 4114 2637 4167 nisi
2660 4113 3083 4168 demonstrandi
3107 4130 3291 4167 eausa.

837 4281 1031 4336 Disca.
1075 4300 1270 4335 sempr.
1350 4288 1427 4337 13.
1474 4283 1960 4348 ἀντιδιαςταλτικὴ
1996 4281 2064 4348 b,
2110 4284 2612 4349 ανταδιαςταλτικη
2650 4285 2692 4336 Α
2760 4286 2769 4352 Ι
2838 4289 2915 4337 17.
2951 4283 3011 4337 in
3047 4285 3089 4336 A
3128 4286 3293 4337 ανθυ-

701 4383 1088 4434 πεφερομεναι
1122 4367 1292 4420 fuisse
1328 4367 1586 4432 videtur,
1621 4370 2155 4432 ανθυποφερομεναι
2191 4381 2331 4423 corr
2370 4370 2434 4422 A'
2488 4375 2496 4429 Ι
2550 4372 2628 4421 18.
2667 4368 2797 4436 post
2833 4384 3044 4434 εγραφε
3082 4365 3114 4420 ν
3151 4383 3290 4421 eras.

700 4452 760 4505 in
799 4453 841 4505 A
908 4453 916 4518 Ι
983 4457 1066 4510 23.
1115 4453 1206 4505 καὶ
1250 4451 1417 4505 αὐταὶ
1463 4449 1849 4515 RSehneider‚
1901 4453 1990 4504 καὶ
2037 4452 2183 4504 αυτὰ
2228 4449 2321 4505 Ab
2387 4454 2395 4515 Ι
2460 4452 2596 4504 ἀντ’
2640 4451 2861 4522 αὐτῶν]
2906 4451 3142 4506 fol.153
3179 4469 3231 4504 v.
3281 4453 3287 4520 Ι

701 4542 787 4594 24.
826 4539 956 4590 ante
993 4538 1097 4590 τὰς
1134 4538 1237 4600 μὲν
1273 4537 1375 4590 οὖν
1410 4527 1671 4588 lacunam
1706 4533 1933 4587 maioris
1970 4534 2217 4588 ambitus
2251 4534 2449 4588 statuit
2487 4534 2767 4590 GDronke
2814 4543 2823 4600 1
2869 4535 3093 4590 litterae
3130 4525 3288 4590 ςπτω

703 4637 907 4675 vocum
944 4623 1362 4676 αλλαςπτωςεις
1400 4635 1563 4674 evan.
1602 4618 1661 4672 in
1699 4620 1742 4674 A
1785 4625 1793 4683 Ι
1832 4625 1915 4673 25.
1957 4636 2082 4686 ικην
2126 4619 2352 4672 litterae
2388 4619 2542 4673 vocis
2578 4623 2850 4688 κλητικην
2886 4636 3049 4674 evan.
3092 4619 3150 4673 in
3188 4622 3231 4674 A
3274 4621 3282 4689 Ι

704 4713 790 4760 26.
833 4708 964 4775 post
1005 4706 1323 4773 Ἀρίςταρχε
1368 4703 1722 4757 intercidisse
1767 4704 1944 4772 δῆλον
1997 4702 2090 4756 vel
2137 4702 2462 4770 προείρηται
2515 4704 2831 4811 suspicatur
2873 4704 3236 4759 RSkrzeozka
3277 4705 3284 4773 Ι

701 4813 921 4864 26-27.
959 4808 1394 4874 ἀπερειδόμενος
1430 4805 1493 4874 b,
1531 4808 1956 4873 επερειδομενος
1993 4807 2036 4859 Α
2069 4807 2191 4873 127.
2224 4806 2402 4859 αὐτοῦ
2441 4805 2502 4871 b,
2541 4819 2716 4859 αυτου
2753 4807 2796 4859 Α
