3738 5530
576 330 1018 390 Commentarius
1048 334 1276 390 criticus
1307 337 1365 391 et
1392 335 1712 406 exegeticus
1740 336 1800 390 in
1829 334 2115 406 Apollonii
2145 336 2373 406 Dyscoli
2403 337 2614 409 scripta
2639 337 2872 395 minora.
2947 339 3078 405 205

642 508 846 582 197,6
898 500 1071 584 ἄγχι]
1120 505 1252 565 adv.
1296 508 1565 583 176,14.
1618 508 1763 583 192,
1785 508 1887 566 22.
1979 502 2169 587 Ὕψι]
2218 507 2294 567 ib.
2338 510 2605 585 192,21.

641 597 786 672 197,
809 598 846 655 8
910 591 1228 667 εὐλόγως,
1291 593 1395 656 καὶ
1452 593 1719 657 τοπικόν
1777 591 1886 675 ἦν]
1949 596 2092 656 Ahr.
2141 597 2304 657 diall.
2352 598 2416 657 Π
2464 600 2611 675 366,
2642 601 2699 657 4.
2805 600 3078 661 Fortasse

458 684 776 763 legendum
820 688 912 745 est
958 680 1273 758 εὐλόγως,
1319 679 1495 766 (misc)
1538 682 1642 746 καὶ
1687 683 1956 747 τοπικόν
2001 681 2099 762 ἦν.

642 777 786 850 197,
811 777 895 835 10
931 775 1164 834 Ahrens
1193 775 1269 834 ad
1297 773 1500 834 Bucol.
1531 793 1719 853 graec.
1750 775 1877 835 rell.
1907 778 2048 836 tom.
2077 777 2108 835 I
2143 796 2200 852 p.
2236 779 2378 837 103.
2444 778 2534 836 Ac
2561 796 2701 838 sane
2737 779 2849 838 hoc
2885 798 3078 839 exem-

457 864 626 939 plum
662 867 915 941 saepius,
961 864 1068 923 ubi
1105 864 1177 923 de
1214 859 1391 925 ἔνδοι
1428 867 1643 942 agitur,
1682 865 1938 925 afferunt
1973 869 2365 945 grammatici,
2411 869 2480 926 ut
2518 867 2612 927 Jo.
2641 868 2807 928 Alex.
2840 871 2942 945 36,
2967 872 3078 944 113

459 950 631 1031 erog.
664 951 793 1013 cor.
825 952 1052 1013 Schaef.
1085 955 1242 1029 3673
1278 953 1386 1013 Ao
1413 954 1506 1012 111
1537 956 1770 1031 397‚e;
1807 955 2263 1032 Eust.140,13.
2300 957 2619 1033 1839,55;
2663 958 2778 1016 EM
2809 959 2955 1034 663,
2974 961 3075 1018 30.

642 1045 785 1119 197,
811 1046 891 1102 12
938 1039 1339 1121 προείρηται]
1388 1043 1518 1103 adv.
1562 1046 1786 1121 197,5.

641 1134 890 1208 197,13
931 1128 1131 1211 μέεοι]
1173 1133 1303 1192 adv.
1338 1134 1542 1209 177,5
1593 1130 1827 1211 μέεεοις
1873 1135 1945 1194 cf.
1975 1135 2119 1194 Ahr.
2149 1135 2312 1195 diall.
2342 1135 2373 1193 I
2415 1137 2515 1212 17,
2538 1137 2649 1211 263
2694 1136 2829 1196 Mei.
2858 1136 2889 1196 I
2932 1139 3073 1198 193.

640 1224 785 1298 197,
811 1224 890 1281 15
948 1219 1317 1282 GFSchoem.
1354 1222 1417 1281 Π
1458 1224 1538 1282 15
1561 1249 1646 1271 =
1667 1242 1862 1300 opusc.
1902 1224 1991 1284 IV
2032 1226 2186 1284 260:
2251 1219 2661 1303 ‘Apollonium
2716 1246 2835 1286 non
2892 1225 3078 1301 τηλοῖ

460 1310 563 1370 sed
607 1307 790 1385 τήλοι
835 1312 1138 1389 scripsisse
1183 1314 1371 1388 ipsius
1418 1312 1748 1388 disputatio
1795 1308 2007 1373 docet.'

640 1400 790 1461 Cum
824 1402 1195 1476 paenultima
1247 1403 1656 1462 adverbiorwm
1699 1406 1765 1462 in
1810 1396 1929 1464 δ’ὅν
1974 1421 2016 1463 a
2058 1406 2390 1464 nominibus
2433 1405 2828 1465 derivatorum
2886 1409 2992 1465 aut
3036 1403 3076 1480 ἦ

459 1493 565 1549 aut
608 1488 651 1549 ἇ
693 1492 903 1551 habere
945 1492 1142 1561 soleat,
1184 1489 1560 1567 βοτρυδόν
1604 1497 1868 1553 notatum
1914 1498 1996 1553 est
2039 1511 2079 1552 a
2119 1494 2452 1567 Tryphone:
2497 1513 2853 1569 quamquam
2899 1513 2969 1554 ca
3012 1513 3077 1553 re

459 1584 781 1649 excusatur,
829 1582 983 1655 quod
1021 1584 1319 1656 genetivus
1366 1577 1689 1658 βότρυος
1733 1581 1772 1642 ὖ
1818 1587 2027 1642 servat.
2111 1580 2413 1643 Aduerbia
2455 1586 2520 1643 in
2566 1577 2684 1644 δ’(Τν
2730 1586 3076 1644 derivantur

459 1671 631 1728 etiam
688 1688 729 1728 a
775 1673 1115 1746 panicipiis
1172 1672 1465 1732 adverbiis
1520 1673 1711 1733 verbis
1773 1674 2266 1750 197,16—198,
2294 1674 2349 1732 2.
2445 1671 2531 1732 Of.
2579 1674 2719 1732 Her.
2765 1674 2798 1732 Ι
2846 1676 2994 1750 509,
3017 1675 3072 1733 3.

458 1758 519 1816 11
563 1760 710 1835 232,
734 1761 833 1818 25.
884 1761 1154 1837 951,16.

639 1851 887 1925 197,17
937 1845 1277 1930 εκηνηδόν]
1328 1849 1402 1909 ad
1455 1852 1722 1927 196,13.

640 1941 783 2015 197,
810 1940 889 1998 18
927 1939 1043 1998 huc
1079 1939 1520 2016 transponenda
1556 1959 1680 2000 esse
1718 1959 1871 2017 quae
1908 1942 1947 1999 l.
1980 1943 2194 2001 22—3
2233 1941 2599 2021 legebantur,
2638 1945 3077 2020 apertissimum

456 2030 573 2087 est:
617 2029 900 2087 nimirum
945 2026 1331 2104 κλιμακηδόν
1377 2026 1741 2105 δονακηδόν
1787 2049 1824 2089 a
1868 2030 2280 2090 nominibus
2327 2031 2598 2091 derivata
2643 2036 2796 2091 sunt.

639 2121 782 2194 197,
808 2121 887 2177 19
936 2114 1326 2197 δονακηδόν]
1375 2139 1445 2178 ex
1490 2119 1602 2179 hoc
1647 2139 1766 2179 uno
1812 2119 1927 2196 Ap.
1976 2121 2105 2180 loco
2152 2120 2399 2180 affertur
2442 2124 2505 2180 in
2553 2123 2721 2181 Thes.
2763 2122 2964 2199 Steph.

638 2210 782 2284 197,
805 2209 889 2267 20
935 2204 1041 2267 διὰ
1093 2205 1211 2282 τὴν
1267 2203 1714 2283 φυλάεεουεαν
1767 2206 2024 2285 γενικὴν
2078 2206 2155 2269 τὸ
2201 2205 2266 2288 ὖ]
2328 2211 2606 2271 insolitae
2663 2212 3069 2272 collocationis

457 2296 772 2356 verborum
817 2297 1086 2374 exempla
1132 2300 1400 2375 congessi
1445 2299 1522 2357 ad
1567 2319 1732 2375 pron.
1774 2300 1878 2375 42,
1906 2300 2005 2358 25.

636 2389 781 2464 197,
806 2389 885 2446 21
936 2387 1119 2446 Lehrs
1165 2387 1382 2446 Herod.
1426 2389 1581 2464 1563
1629 2386 1753 2447 ska
1796 2389 1827 2447 I
1877 2390 2110 2448 27-8.

636 2479 781 2551 197,
814 2479 894 2535 22
944 2472 1322 2556 ἑκοντηδόν]
1370 2481 1519 2537 coni.
1562 2479 1796 2555 231,7;
1859 2478 2005 2537 Lob.
2042 2478 2118 2537 ad
2163 2478 2383 2555 Phryn.
2424 2480 2481 2538 6.

635 2568 779 2641 197,
812 2569 892 2624 24
941 2563 1134 2640 χωρὶς
1180 2561 1235 2626 εἰ
1277 2562 1387 2646 μὴ]
1451 2567 1526 2626 ad
1573 2567 1703 2628 adv.
1749 2569 1895 2644 195,
1917 2570 1971 2627 9.
2026 2600 2102 2610 —-
2154 2568 2244 2626 De
2302 2568 2414 2628 hac
2474 2568 2781 2630 derivandi
2840 2572 3073 2630 ratione

453 2654 689 2714 dubitat
733 2655 874 2714 Lob.
916 2657 1028 2714 ΕΠ.
1066 2657 1099 2715 Ι
1147 2657 1293 2731 335,
1349 2653 1740 2731 λαθραιηδόν
1795 2676 2089 2734 nusquam
2134 2658 2256 2737 legi
2300 2677 2572 2719 monens:
2638 2660 2741 2719 sed
2788 2659 2935 2718 haec
2981 2663 3073 2720 est

453 2745 644 2805 forma
688 2744 830 2806 ficta
877 2738 982 2827 (ad
1030 2746 1160 2807 adv.
1205 2746 1349 2824 189,
1372 2738 1515 2829 22);
1561 2746 1779 2808 Parall.
1823 2748 1968 2807 153.

634 2838 778 2910 197,
800 2838 880 2895 27
929 2833 1263 2912 κρυφηδόν
1299 2856 1418 2895 non
1457 2857 1494 2898 a
1530 2837 1707 2898 verbo
1754 2837 2000 2913 κρυφῶ,
2048 2839 2151 2898 sed
2194 2859 2231 2899 a
2266 2839 2478 2915 κρυφῆ
2526 2842 2727 2915 potius
2775 2840 3069 2916 proficisci

455 2928 657 2984 monet
701 2925 843 2984 Lob.
885 2926 998 2984 ΕΠ.
1035 2927 1068 2985 Ι
1116 2928 1243 2986 335
1283 2930 1426 2985 extr.

633 3017 779 3090 197,
800 3016 882 3075 38
930 3011 1177 3095 κριδόν]
1227 3011 1418 3075 ‘verbi
1455 3012 1609 3091 κρίω
1641 3063 1654 3077 .
1685 3063 1698 3076 .
1736 3018 2027 3077 memoria
2061 3020 2370 3079 revirescit
2405 3021 2468 3078 in
2507 3019 2787 3079 adverbio
2826 3013 3071 3093 κριδόν’

452 3103 594 3163 Lob.
633 3104 839 3164 Rhem.
883 3107 1027 3165 130.

633 3196 880 3270 197,29
930 3190 1342 3273 ἀναφανδόν]
1390 3195 1719 3256 Buttmann
1766 3196 1949 3256 Lexil.
1989 3197 2019 3255 I
2071 3199 2181 3273 163
2226 3197 2368 3258 Lob.
2409 3197 2625 3258 Parall.
2665 3199 2696 3257 I
2746 3200 2889 3257 152.

633 3286 879 3360 197,29
929 3282 1173 3359 χανδόν
1234 3288 1416 3346 etiam
1472 3286 1629 3363 apud
1689 3286 2131 3365 Theognostum
2184 3286 2292 3347 AO
2338 3288 2400 3346 H
2450 3289 2595 3364 162,
2621 3290 2656 3345 7
2714 3291 2952 3347 restitui
3008 3290 3069 3347 in

448 3371 790 3434 Bodleianis
843 3375 990 3434 meis
1035 3395 1093 3452 p.
1138 3377 1217 3434 19
1265 3395 1373 3451 pro
1429 3376 1838 3436 commenticio
1895 3373 2268 3450 ετοχανδόν,
2332 3377 2487 3453 quod
2546 3380 2608 3436 et
2652 3377 2993 3438 Herodiano
3040 3378 3071 3437 I

453 3463 598 3538 509,
623 3466 705 3522 10
753 3466 812 3522 et
858 3464 1129 3524 omnibus
1176 3464 1345 3524 libris
1392 3465 1764 3526 eximendum
1810 3468 1914 3526 est.

632 3555 776 3629 197,
798 3556 878 3613 32
927 3550 1122 3614 κλίνω
1169 3555 1483 3614 delendum
1529 3558 1645 3629 est3
1690 3575 1831 3616 nam
1866 3574 1986 3615 non
2024 3555 2100 3614 ab
2136 3557 2248 3615 hac
2284 3555 2494 3632 forma,
2540 3556 2643 3617 sed
2689 3557 2764 3615 ab
2802 3576 2871 3615 ea
2918 3577 3070 3634 quae

447 3637 486 3699 l.
529 3644 607 3701 31
668 3644 972 3719 praecedit
1024 3640 1277 3705 κέκλικα
1330 3643 1684 3722 Apollonius
1744 3642 1967 3705 κλιδόν
2021 3645 2268 3706 derivat.
2362 3645 2672 3725 Simplicia
2728 3642 2947 3720 κριδόν
3010 3653 3071 3704 et

449 3728 668 3792 κλιδόν
706 3734 919 3812 legisse
957 3733 1342 3810 Apollonium
1379 3754 1496 3794 non
1535 3738 1625 3794 est
1669 3737 1797 3795 veri
1842 3735 2062 3811 simile3
2105 3735 2279 3794 finxit
2315 3738 2623 3812 tamquam
2661 3736 3067 3810 fundamenta,

449 3821 661 3897 quibus
708 3823 1038 3899 composita
1081 3820 1407 3900 διακριδόν
1453 3820 1851 3899 παρακλιδόν
1897 3825 2244 3883 niterentur.

630 3913 774 3988 198,
799 3915 835 3971 2
899 3908 1050 3973 ἱετῶ
1114 3907 1240 3992 (fl)
1295 3908 1500 3988 ἵετημι
1554 3914 1767 3974 Matth.
1816 3913 1846 3972 I
1896 3915 2007 3991 703
2070 3914 2229 3990 quod
2294 3915 2421 3973 iure
2488 3916 2559 3972 ut
2618 3914 2834 3975 falsum
2897 3916 3068 3973 reicit

447 3998 726 4079 Egenolff
755 4001 843 4060 IV
882 4003 982 4062 50.
1027 4035 1103 4044 —-
1145 4003 1235 4062 De
1283 3999 1516 4063 εταδόν
1552 4003 1711 4063 idem
1748 4003 2062 4062 dicendum
2107 4006 2198 4063 est
2233 4004 2392 4080 quod
2430 4004 2502 4062 de
2549 4000 2767 4078 κριδόν
2816 4001 3065 4073 κλιδόν;

447 4088 692 4169 fingitur
738 4092 920 4151 etiam
966 4092 1125 4169 apud
1170 4092 1309 4151 Her.
1347 4092 1410 4151 Π
1449 4094 1657 4168 444,4
1680 4119 1764 4141 =
1787 4093 2049 4172 Theogn.
2087 4091 2196 4152 AO
2233 4093 2297 4153 Π
2336 4094 2437 4169 58,
2464 4095 2543 4152 19
2592 4089 2845 4153 (τάδιοε
2891 4088 3067 4167 παρὰ

448 4176 524 4239 τὸ
571 4177 821 4253 (ταδόν,
873 4180 975 4240 ubi
1022 4181 1285 4241 Dindorf
1323 4185 1386 4240 in
1434 4181 1634 4259 Steph.
1684 4182 1839 4242 Thes
1904 4201 1949 4241 S.
1997 4202 2051 4241 v.
2099 4177 2334 4258 (τάδην
2381 4183 2752 4242 scribendum
2800 4201 2924 4243 esse
2971 4178 3066 4242 su-

448 4271 726 4345 spicatur.

622 4351 680 4441 r)
738 4356 1038 4420 Adverbia
1090 4363 1157 4421 in
1202 4353 1328 4434 §Tu-v
1386 4362 1670 4437 barytona
1723 4364 1892 4432 sunt‚·
1951 4363 2293 4419 derivantur
2351 4365 2402 4418 et
2454 4380 2494 4419 a
2538 4363 2872 4420 nominibus
2933 4365 2983 4420 ct
3028 4380 3063 4420 α

445 4450 634 4508 verbis
685 4451 1085 4524 1ee,3—19.
1162 4448 1249 4509 cf.
1287 4450 1426 4509 Her.
1466 4449 1496 4508 1
1545 4450 2004 4526 508,12—20;
2051 4450 2311 4528 Theogn.
2350 4449 2459 4509 Ao
2506 4451 2567 4509 11
2617 4452 3063 4527 161,19—21.

445 4536 476 4596 I
523 4539 763 4614 361,53
809 4540 925 4597 EM
965 4541 1246 4615 781,23;
1291 4538 1433 4599 Lob.
1474 4539 1690 4598 Parall.
1728 4539 1761 4598 I
1810 4541 1954 4598 153.

629 4629 833 4703 198,4
896 4624 1210 4707 μονὰδην]
1277 4629 1392 4686 ΕΜ
1440 4630 1647 4705 367,9
1711 4625 1791 4688 τὰ
1850 4624 1973 4702 γὰρ
2040 4622 2170 4687 ἀπὸ
2236 4623 2578 4702 ὀνομάτων
2643 4628 2775 4688 τῶν
2838 4623 2927 4689 εἰ(
2992 4625 3064 4688 δέ

446 4713 753 4792 γινόμενα
800 4713 1194 4793 ἐπιρρήματα
1240 4714 1346 4777 διὰ
1393 4718 1509 4778 τοῦ
1558 4717 1599 4778 ἇ
1637 4713 2046 4793 ἐκφέρονται.
2122 4711 2264 4777 οἷον
2313 4714 2511 4792 μόνος
2558 4713 2861 4792 μονάδην,
2911 4716 3062 4777 (πό-

447 4822 562 4879 ρο(
626 4801 969 4882 εποράδην,
1034 4803 1270 4882 τροχός
1334 4803 1675 4882 τροχάδην.
1755 4803 1847 4867 Τὸ
1913 4805 1985 4866 δὲ
2048 4803 2397 4881 παμπήδην
2464 4803 2533 4866 ἐκ
2596 4807 2713 4866 τοῦ
2777 4803 3062 4882 πάμπαν.

446 4894 589 4954 Lob.
629 4896 844 4955 Parall.
885 4898 915 4956 I
957 4899 1081 4957 153
1131 4892 1459 4971 (μονάδην,
1509 4897 1667 4974 quod
1712 4896 1871 4956 idem
1918 4896 2137 4955 dicitur
2173 4915 2305 4955 cum
2352 4897 2668 4956 metathesi
2707 4898 3064 4972 quantitatis

445 4979 813 5062 μουναδόνὶ
