3738 5530
646 324 751 387 40,
1590 325 1763 377 ΠΕΡΙ
1800 321 2300 377 ΑΝΤῼΝΤΜΙΑΣ.

1522 434 1776 481 ammon)
1808 432 2361 479 05—52(312)B5b

649 528 956 609 ὁμολογεῖ
1019 528 1136 593 τόν
1195 527 1393 605 ὀρθὸν
1449 527 1649 591 τόνον
1707 528 1814 590 διὰ
1867 530 1979 602 τῆς
2036 528 2153 590 τοῦ
2199 529 2234 589 ἐ’
2275 530 2561 609 γραφῆς,
2627 528 2730 591 καὶ
2785 525 3080 606 φαίνεται
3139 525 3239 590 ὅτι

648 632 755 696 διὰ
797 629 1131 708 ποιητικὴν
1177 626 1428 711 ἄδειαν,
1483 631 1602 692 τοῦ
1660 627 2128 707 ςημαινομένου
2173 626 2293 692 οὐκ
2339 628 2729 705 ἐπείγοντος.
2777 666 2860 674 -
2902 627 2976 693 Αἱ
3020 629 3236 707 μέντοι

650 731 1156 809 ὑπολειπόμεναι
1207 732 1341 793 τῶν
1400 728 1982 808 ὀρθοτονουμὲνων
2041 728 2255 807 ἔχουςι
2313 731 2477 809 πρὸς
2530 732 2606 795 τὸ
2654 731 3117 811 ςημαινόμενον
3161 730 3238 793 τὸ

650 833 874 899 αἴτιον.
967 831 1076 896 Καὶ
1118 832 1376 908 γενικόν
1421 833 1536 910 μὲν
1580 832 1655 894 τὸ
1702 830 1865 909 πρός
1909 852 1968 895 τι
2012 831 2466 911 λαμβάνεςθαι,
2514 832 2712 897 ἰδικὸν
2760 835 2833 897 δὲ
2877 834 3037 914 <τό>
3068 832 3237 898 ἀντι·
3275 842 3412 897 5οΛ

582 957 613 1004 5
650 937 1114 1010 διαςταλτικῶς,
1152 1009 1159 1015 ,

1313 1036 1412 1100 ςοὶ
1454 1036 1567 1113 μὲν
1614 1033 1778 1117 ἐγώ,
1825 1034 1899 1097 ςὺ
1943 1032 2000 1098 δ’
2043 1032 2183 1111 ἐμοί
2226 1033 2315 1119 (Δ
2364 1035 2499 1118 63)·

1313 1139 1421 1201 ςεῦ
1466 1137 1523 1201 δ’
1566 1135 1702 1200 ἐπεὶ
1746 1135 2000 1200 ἐξέλετο
2045 1137 2261 1216 ψυχὴν
2310 1136 2393 1219 (Ω
2441 1137 2621 1221 754)-

647 1242 812 1317 πρὸς
855 1240 929 1303 τὸ

1308 1339 1551 1405 ἄλλους
1594 1341 1709 1417 μὲν
1753 1340 1878 1418 γὰρ
1923 1342 2157 1405 παῖδας
2202 1339 2285 1421 (Ω
2332 1339 2500 1423 751).

555 1468 614 1512 10
651 1442 689 1507 ὅ
743 1464 815 1508 τε
869 1441 1309 1522 προκατὰρξας
1356 1442 1616 1521 χάριτος
1660 1441 1759 1505 καὶ
1803 1442 1980 1519 παρὰ
2024 1443 2100 1506 τὸ
2147 1442 2301 1506 δέον
2346 1445 2577 1508 παθὼν
2624 1442 2784 1525 ὀρθῇ
2829 1442 2998 1505 τάςει
3044 1461 3234 1519 προς-

650 1549 907 1628 χρῆται,
965 1545 1096 1622 ἐμὲ
1154 1540 1592 1623 ἐτόλμηςας
1649 1545 2149 1624 λοιδορῆςαι,
2218 1543 2551 1623 ἐμφαίνων
2618 1545 2707 1609 ὡς
2769 1543 2972 1607 ἄλλον
3042 1543 3236 1621 ἐχρῆν

652 1648 813 1725 ἤπερ
860 1646 1080 1712 αὐτόν.
1183 1646 1221 1709 ὅ
1264 1665 1334 1709 τε
1380 1644 1652 1726 ἀμοιβὴν
1698 1643 1942 1722 ὕβρεως
1987 1643 2182 1709 αἰτῶν
2228 1644 2385 1728 ὀρθῇ
2429 1645 2599 1710 τάςει
2643 1645 2951 1709 πολλάκις
2995 1647 3236 1722 χρῆται,

650 1751 770 1813 δεῖ
814 1749 1004 1826 ἐμοῦ
1051 1747 1411 1826 ὁρῶντος
1457 1746 1702 1812 αὐτὸν
1733 1746 2196 1821 αἰκίζεςθαι,
2243 1747 2342 1810 καὶ
2371 1750 2566 1812 τοῦτο
2599 1749 2669 1812 δὲ
2699 1748 2892 1811 πάλιν
2923 1745 3233 1826 ἐμφαίνει,
3275 1761 3316 1809 13

653 1850 743 1915 ὥς
789 1849 930 1914 οὐκ
974 1847 1225 1913 ἄλλου
1269 1849 1571 1925 μᾶλλον
1615 1850 1654 1926 ἢ
1701 1849 1915 1928 ἐμοῦ.

556 1974 615 2019 15
825 1950 1017 2015 Ἀλλὰ
1060 1952 1181 2028 μὴν
1227 1951 1327 2014 καὶ
1372 1949 1436 2013 αἱ
1480 1950 2014 2033 ςυμπλεκόμεναι,
2059 1951 2181 2013 καὶ
2226 1949 2444 2029 ἐμοῦ,
2490 1951 2615 2015 καὶ
2659 1951 2806 2031 ἐμέ.
2882 1948 3236 2014 πιςτούςθω

653 2054 723 2117 δὲ
770 2052 808 2116 ὁ
853 2052 1051 2126 λόγος
1096 2051 1326 2116 οὕτως.
1402 2049 1455 2115 εἰ
1497 2051 1680 2116 ἐκτὸς
1723 2054 1833 2130 τῆς
1880 2054 2239 2130 ςυμπλοκῆς
2282 2053 2321 2131 ἡ
2352 2052 2722 2132 ἀντωνυμία
2749 2053 3030 2132 γένοιτο,
3077 2051 3236 2115 πάν-

651 2176 777 2220 τως
832 2153 976 2218 τότε
1034 2153 1133 2217 καὶ
1182 2153 1508 2217 ἀπόλυτος
1549 2154 1911 2235 γενήςεται,
1970 2154 2102 2218 δός
2146 2174 2274 2233 μοι
2319 2156 2442 2221 καὶ
2487 2153 3012 2236 Ἀπολλωνίῳ·
3069 2153 3124 2216 εἰ
3168 2155 3237 2217 δὲ

653 2255 1247 2335 ἀντιςτραφήςεται,
1293 2252 1550 2319 πάντως
1594 2256 1698 2319 καὶ
1727 2254 2329 2336 ὀρθοτονηθήςεται,
2379 2256 2518 2321 δὸς
2565 2255 3072 2337 Ἀπολλωνίῳ
3117 2256 3238 2318 καὶ

652 2358 844 2438 ἐμοί.
934 2358 1086 2421 ὅθεν
1131 2356 1206 2420 τὸ
2385 2370 2406 2387 ·

551 2482 617 2529 20
1303 2458 1404 2521 καί
1448 2478 1551 2538 μοι
1595 2459 1783 2523 τοῦτ’
1826 2458 2185 2537 ἀγόρευςον
2233 2461 2297 2541 (δ
2342 2458 2498 2540 645)
2739 2478 2748 2482 ”
3273 2467 3315 2519 C

653 2561 1001 2639 ἐγκλίνεται
1048 2561 1127 2625 οὐ
1160 2560 1553 2641 ςυμπλακὲν,
1600 2565 1716 2626 τοῦ
1746 2560 1889 2638 ἑξῆς
1921 2561 2115 2626 ὄντος
2161 2561 2278 2625 καὶ
2323 2560 2561 2627 τοῦτό
2607 2581 2733 2641 μοι
2780 2559 3235 2638 ἀγόρευςον.

651 2665 755 2729 καὶ
798 2663 889 2728 ἔτι

1303 2764 1404 2830 καί
1447 2787 1521 2848 με
1567 2765 1829 2845 φίληςεν
1876 2768 1918 2844 (Ι
1965 2764 2122 2846 481)

653 2870 783 2935 καὶ
838 2867 1165 2949 ἐφίληςέ
1225 2887 1337 2944 με.
1425 2868 1527 2931 καὶ
1580 2867 1660 2931 τὰ
1712 2866 1968 2932 τούτοις
2012 2866 2223 2945 ὅμοια.
2315 2866 2402 2932 ὡς
2446 2869 2571 2946 γὰρ
2615 2868 2678 2932 αἱ
2723 2868 3114 2946 ἀντωνυμίαι
3158 2871 3238 2933 οὐ

554 2987 619 3035 25
656 2968 1161 3051 ςυμπλεκόμεναί
1206 2967 1398 3047 εἰςιν,
1447 2967 1748 3048 εἰρήςεται
1792 2970 2015 3048 μικρὸν
2062 2967 2349 3048 ὕςτερον.

823 3071 1250 3149 Ὁμοίως·καὶ
1306 3069 1372 3133 αἱ
1425 3072 1890 3150 διεζευγμέναι,
1944 3071 1983 3148 ἢ
2043 3070 2213 3151 ἐμοὶ
2269 3072 2307 3148 ἢ
2352 3076 2580 3156 τῷδε,
2638 3073 2676 3150 ἢ
2722 3072 2854 3150 ἐμὲ
2898 3071 2937 3149 ἢ
2981 3071 3248 3162 τόνδε,

657 3174 767 3246 Καὶ
811 3174 917 3237 διὰ
960 3170 1156 3237 τοῦτό
1201 3191 1354 3254 φαςι
1401 3172 1475 3236 τὸ

1303 3274 1342 3353 ἤ
1387 3273 1458 3351 μ’
1502 3274 1758 3353 ἀνάειρ’
1800 3277 1839 3354 ἢ
1886 3275 2014 3349 ἐγὼ
2062 3277 2128 3341 ςέ
2174 3276 2262 3356 (Ψ
2308 3272 2458 3360 724)
3279 3288 3342 3333 51
3373 3286 3420 3333 Λ

655 3378 940 3455 ἐγκλιθὲν
984 3375 1396 3454 παράλογον·
1456 3375 1651 3441 οὐδὲν
1706 3378 1831 3455 γὰρ
1878 3377 2161 3443 ἐκώλυεν
2207 3376 2621 3461 ὀρθοτονεῑν,
2674 3381 2793 3441 τοῦ
2837 3378 2980 3440 κατ’
3037 3377 3240 3455 ἀρχὴν

554 3499 619 3546 3ο
654 3485 688 3546 ἒ
738 3478 1286 3557 ςυναληλιμμένου
1345 3479 1435 3543 ὡς
1490 3477 1596 3542 ἐπὶ
1639 3482 1755 3543 τοῦ
1809 3479 2002 3562 τήμῇ,
2069 3479 2277 3561 τώμῷ.
2380 3479 2479 3543 καὶ
2546 3480 2840 3559 φαίνεται
2896 3478 2984 3543 ὡς
3045 3498 3237 3559 μονο-

788 3684 1004 3735 Anava.
1088 3685 1150 3733 15
1187 3677 1361 3733 Recto
1405 3680 1602 3733 tenore
1646 3681 2012 3748 proferuntur
2056 3696 2197 3748 quae
2233 3696 2336 3748 per
2370 3678 2750 3748 copulativam
2789 3680 3237 3734 coniunctionem

654 3767 743 3834 (τε
780 3764 872 3820 vel
909 3764 1022 3831 καί)
1059 3762 1457 3829 adnectuntur,
1500 3794 1558 3802 —-
1598 3769 1663 3817 26
1700 3766 1759 3818 et
1793 3781 1938 3832 quae
1974 3782 2076 3832 por
2112 3763 2507 3817 disiunetivam
2546 3767 2640 3831 (ἤ).

787 3970 976 4026 stcss.
1014 3987 1211 4023 nomm,
1288 3975 1334 4022 1.
1383 3971 1642 4036 ομολογει
1687 3967 1954 4022 iteratum
1989 3968 2047 4020 in
2086 3969 2129 4021 Α
2195 3971 2203 4033 Ι
2266 3966 2492 4022 litterae
2538 3986 2659 4023 εται
2697 3970 2849 4022 vocis
2884 3986 3145 4037 φαινεται
3184 3970 3238 4022 in

655 4074 758 4111 ras.
779 4059 845 4112 Αί
890 4058 900 4124 Ι
954 4062 1002 4109 3.
1042 4071 1259 4121 εχουςιν
1285 4058 1328 4109 Α
1378 4058 1387 4121 Ι
1433 4061 1481 4108 4.
1517 4070 1585 4120 με
1623 4055 1774 4108 vocis
1810 4071 1914 4120 μεν
1948 4053 2006 4106 in
2043 4069 2148 4106 rae.
2189 4054 2254 4106 Αί
2297 4057 2305 4120 Ι
2344 4070 2376 4107 ο
2411 4052 2469 4105 in
2507 4070 2648 4120 προς
2685 4069 2823 4110 corr.
2864 4055 2935 4107 ab
2963 4057 3065 4120 At,
3104 4054 3239 4123 quid

655 4143 823 4196 antea
864 4139 1036 4194 fuerit
1079 4154 1191 4193 non
1236 4138 1485 4193 cernitur
1531 4143 1540 4207 Ι
1589 4141 1763 4194 ιδικον
1800 4141 1869 4202 Α,
1928 4139 2136 4193 εἰδικόν
2172 4138 2209 4192 b
2252 4140 2260 4205 Ι
2314 4139 2376 4192 δέ
2411 4137 2482 4191 τὸ
2516 4138 2581 4204 b,
2636 4141 2696 4192 δε
2735 4140 2776 4192 Α
2827 4144 2835 4203 Ι
2881 4145 3050 4193 4-5.
3091 4157 3238 4193 αντι-

653 4228 1056 4282 διαςταλτικῶς
1094 4227 1162 4288 Α,
1197 4225 1410 4293 puncta
1444 4222 1514 4276 ab
1553 4226 1616 4278 Αι
1683 4226 1692 4292 Ι
1756 4229 1804 4277 6.
1843 4224 2017 4289 δ’ἐμοί
2058 4224 2125 4288 b,
2163 4226 2222 4277 δε
2261 4240 2380 4287 εμοι
2418 4225 2459 4277 Α
2510 4224 2519 4290 Ι
2577 4230 2625 4278 9.
2660 4241 2767 4290 γαρ
2804 4227 3005 4279 παιδας
3040 4223 3097 4276 in
3134 4241 3237 4281 rae.

656 4313 721 4366 Αι
797 4315 807 4376 Ι
882 4314 962 4363 10.
1008 4309 1208 4365 παθῶν
1251 4309 1517 4362 iteratum
1560 4309 1618 4361 in
1653 4311 1696 4362 Α
1763 4312 1772 4376 Ι
1843 4314 1919 4362 11.
1957 4311 2288 4375 λοιδωρηςαι
2333 4312 2375 4362 Α
2442 4311 2451 4376 Ι
2517 4325 2595 4362 ως
2640 4311 2816 4362 αλλον
2860 4308 2918 4361 in
2963 4326 3065 4365 ras,
3105 4311 3168 4364 Α1
3229 4311 3235 4368 Ι

661 4402 736 4453 12.
770 4410 942 4463 supra
1001 4398 1239 4461 αμοιβην
1283 4391 1497 4462 aliquid
1551 4409 1768 4446 erasum
1823 4392 1884 4444 in
1935 4396 2006 4458 Α;
2061 4395 2470 4458 atramentum,
2527 4409 2637 4462 quo
2694 4394 2753 4446 et
2808 4393 2948 4447 haee
3011 4410 3117 4448 vox
3182 4395 3244 4446 et

655 4478 798 4534 aliae
852 4478 1133 4548 quaedam
1187 4479 1565 4531 extremorum
1618 4478 1787 4531 trium
1840 4493 2102 4531 versuum
2160 4477 2255 4532 fol.
2315 4483 2410 4532 159
2445 4496 2487 4535 r.
2534 4480 2796 4533 exarat-ae
2851 4480 3009 4545 sunt,
3061 4479 3241 4547 magis

653 4565 896 4635 nigricat
928 4579 1098 4632 quam
1134 4561 1218 4624 id,
1265 4577 1377 4630 quo
1421 4563 1612 4616 cetera
1654 4561 1863 4631 scripta
1907 4564 2037 4616 sunt
2116 4565 2125 4631 Ι
2211 4569 2286 4618 13.
2325 4565 2582 4630 ὁρῶντος
2628 4564 2828 4632 αὐτόν]
2877 4563 2974 4617 fol.
3015 4570 3109 4617 159
3129 4582 3182 4617 v.
3229 4565 3235 4632 Ι

654 4666 828 4704 τουτο
865 4651 938 4717 Α,
976 4649 1168 4717 τούτῳ
1204 4647 1242 4701 b
1308 4651 1316 4714 Ι
1381 4663 1640 4715 εμφαινει
1676 4648 1750 4714 Α,
1799 4648 2097 4715 ἐμφαίνων
2131 4649 2167 4703 b
2222 4651 2231 4716 Ι
2283 4655 2365 4704 21.
2402 4651 2570 4705 ὄντος
2604 4649 2670 4716 b,
2715 4665 2883 4703 οντος
2916 4665 2985 4702 το
3024 4651 3092 4714 Α,
3141 4648 3240 4701 sed

655 4751 724 4788 το
760 4732 915 4788 delet
947 4735 1016 4788 Αι
1078 4737 1088 4801 Ι
1150 4736 1229 4787 23.
1275 4748 1342 4798 με
1379 4732 1615 4800 φίληςεν
1651 4729 1713 4799 b,
1762 4733 1828 4798 μ’
1862 4735 2125 4804 εφιληςεν
2161 4737 2233 4801 Α,
2279 4750 2345 4799 με
2383 4733 2580 4801 φίλης’
2614 4732 2889 4787 Homerus
2940 4735 2951 4802 Ι
3003 4741 3084 4786 24.
3124 4749 3238 4798 εφι·

658 4823 825 4886 ληςεν
846 4834 911 4884 με
930 4819 975 4872 Α
1007 4821 1017 4884 Ι
1046 4823 1127 4870 27.
1154 4820 1377 4884 φαςινΑ
1410 4821 1418 4884 Ι
1450 4822 1529 4871 28.
1552 4820 1587 4882 ἦ
1611 4820 1664 4881 μ’
1682 4817 1737 4884 b,
1766 4835 1810 4873 ει
1832 4819 1941 4883 μἈ
1975 4822 1983 4886 Ι
2013 4825 2098 4874 30.
2119 4821 2686 4888 ςυναληλειμμενουΑ
2719 4822 2728 4887 Ι
2756 4821 2908 4886 τήμῇ
2929 4818 2984 4886 b,
3006 4819 3238 4886 τημενΑ
