3738 5530
694 348 778 411 26
1628 352 1806 402 ΠΕΡΙ
1844 349 2353 402 ΑΝΤῼΝΤΜῙΑΣ.

1574 459 2414 509 p.31(291)05—34(294)01b

696 555 752 619 εἰ
796 556 877 633 μὴ
925 554 1387 638 ἀνθυπαλλαγῇ
1432 556 1543 630 τῆς
1588 553 1992 631 ἀντωνυμία(
2037 553 2125 617 εἰς
2171 555 2477 632 δεύτερον
2524 553 2683 618 αὐτὸ
2729 554 3097 634 ἐπέςτρεψε,

1193 727 1202 736 ,
1712 658 1787 721 τὸ
1833 656 1906 719 δέ
1950 675 2050 719 τοι
2096 657 2376 734 ξεινήιον
2422 655 2589 720 ἔςται
2635 655 2684 741 (ι
2727 654 2905 739 370).

697 757 929 837 ὅμοιον
974 759 1098 836 γὰρ
1143 759 1247 823 καὶ
1288 760 1364 824 τὸ
1411 759 1513 822 ἐπὶ
1556 758 1963 837 Τηλεμάχου,
2120 837 2123 840 ἦ

1305 858 1358 922 ὦ
1402 861 1632 942 γέρον,
1678 859 1800 936 οὐχ
1847 859 1996 924 ἑκὰς
2041 857 2233 924 οὗτος
2269 857 2472 959 .ἀνήρ,

628 980 660 1026 5
1304 963 1380 1026 ὃς
1426 963 1588 1026 λαὸν
1631 963 1853 1040 ἤγειρα
1901 962 1966 1041 (β
2008 959 2113 1024 40.
2160 961 2298 1040 41)·

697 1065 891 1129 πάλιν
944 1066 1069 1143 γὰρ
1125 1064 1392 1143 πρώτου
1449 1065 1553 1128 διὰ
1609 1065 1683 1128 τὸ
1740 1064 1983 1141 ἤγειρα.
2071 1062 2189 1126 οὐκ
2241 1061 2486 1137 ἄλογον
2545 1064 2616 1127 δὲ
2671 1065 2746 1128 τὸ
2788 1065 2906 1135 τὴν
2951 1067 3083 1128 τῶν
3131 1062 3281 1127 ὀνο-
3317 1072 3462 1124 32A

652 1162 659 1167 ’
697 1167 915 1244 μάτων
960 1165 1249 1246 ἐκφορὰν
1295 1165 1367 1230 ἐν
1411 1166 1643 1243 τρίτοις
1689 1168 2002 1239 νοεῑςθαι,
2051 1165 2188 1229 ἐπεὶ
2233 1164 2297 1227 αἱ
2339 1164 2492 1230 ἴδιαι
2536 1165 2736 1229 θέςεις
2778 1172 2911 1229 τῶν
2940 1165 3288 1244 ὀνομάτων

697 1268 778 1331 οὐ
824 1269 940 1332 τὸν
985 1267 1149 1345 πρός
1192 1288 1336 1331 τινα
1379 1268 1581 1343 λόγον
1625 1267 1910 1345 ἔχουςιν,
1958 1267 2128 1331 ’ἀλλὰ
2170 1267 2284 1330 τὸν
2329 1266 2473 1344 περί
2516 1287 2714 1331 τινος.

866 1369 940 1433 Αἱ
986 1369 1376 1448 ἀντωνυμίαι
1421 1368 1572 1433 οὔτε
1617 1367 1761 1434 ἀντὶ
1804 1372 1938 1433 τῶν
1983 1372 2469 1446 προςηγορικῶν
2516 1367 2893 1449 ὀνομάτων,
2952 1367 3103 1433 οὔτε
3149 1369 3292 1432 ἀντὶ

600 1484 662 1532 10
700 1471 1105 1551 ἐπιθετικῶν,
1171 1471 1301 1546 εἴγε
1357 1470 1422 1534 αἱ
1476 1472 1590 1548 μὲν
1647 1468 1966 1549 ὀρίζουςιν
2024 1469 2096 1535 ἕν
2151 1491 2237 1551 τι,
2303 1469 2377 1532 τὸ
2435 1469 2506 1533 δὲ
2560 1470 3033 1547 προςηγορικὸν
3090 1471 3287 1547 διήκει

697 1572 854 1636 κατὰ
920 1573 1274 1650 πλειόνων,
1340 1571 1794 1651 ἄνθρωπος,
1858 1570 2167 1635 ἵππος.·
2237 1571 2311 1634 τὸ
2380 1571 2450 1634 δὲ
2516 1570 2664 1644 ἐγώ
2723 1571 2883 1649 εἰμι
2948 1570 2985 1634 ὁ
3041 1575 3284 1635 ταῦτα

697 1678 903 1752 δρῶν
958 1673 1101 1738 ἀντὶ
1145 1673 1463 1751 ὀνόματος
1508 1673 1731 1751 κυρίου
1775 1676 1893 1737 τοῦ
1948 1673 2233 1752 Τρύφων
2287 1672 2327 1750 ἢ
2373 1670 2573 1737 Δίων.
2662 1672 2830 1737 ἀλλὰ
2874 1674 2994 1751 μὴν
3041 1672 3288 1737 τάπιθε-
3324 1678 3369 1732 Β

695 1777 837 1839 τικὰ
881 1776 919 1852 ἢ
966 1774 1353 1853 πηλικότητα
1407 1775 1445 1852 ἢ
1501 1774 1827 1853 ποςότητα
1871 1776 1909 1852 ἢ
1954 1773 2227 1838 διάθεςιν
2274 1777 2486 1853 ψυχῆς
2528 1774 2717 1851 δηλοῖ
2771 1774 2809 1851 ἤ
2853 1795 2911 1837 τι
2955 1779 3290 1838 τοιοῦτον·

698 1876 763 1939 αἱ
828 1878 901 1939 δὲ
966 1876 1356 1953 ἀντωνυμίαι
1420 1875 1690 1940 οὐδενὸς
1757 1876 2013 1939 τούτων
2082 1875 2562 1953 παραςτατικαί,
2642 1875 2844 1951 μόνον
2915 1877 2986 1940 δὲ
3053 1875 3290 1941 οὐςίας.

601 1990 662 2037 15
699 1978 916 2057 ἀμέλει
980 1978 1056 2041 τὸ
1125 1978 1407 2042 λευκός
1475 1978 1681 2043 ἐςτιν
1738 1979 1777 2056 ἢ
1845 1979 2085 2055 μέλας
2142 1977 2182 2055 ἢ
2240 1976 2535 2051 ἀγαθός
2592 1976 2680 2041 εἰς
2736 1976 3143 2056 ἀντωνυμίαν
3211 1976 3290 2040 οὐ

699 2082 1279 2161 μεταλαμβάνεται,
1347 2082 1483 2144 τοῖς
1552 2081 1622 2143 δὲ
1690 2080 1927 2155 κυρίοις
1993 2081 2072 2143 τὰ
2138 2078 2457 2142 έπιθετικὰ
2525 2082 2931 2157 ςυναρτᾶται,
3000 2080 3292 2156 μακρός

698 2182 856 2244 ἐςτι
912 2181 1288 2260 Τρύφων,
1350 2181 1637 2245 λευκός
1699 2180 1857 2243 ἑςτι
1903 2180 2144 2243 Δίων·
2204 2181 2420 2259 φαμὲν
2482 2181 2553 2243 δὲ
2597 2179 2750 2255 ἐγὼ
2798 2180 3076 2245 λευκός
3122 2159 3292 2259 εἰμι,

698 2282 997 2357 ἀγαθὸς
1043 2281 1115 2345 εἶ
1160 2281 1274 2345 ςύ·
1333 2284 1436 2346 καὶ
1482 2284 1641 2347 κατὰ
1684 2286 1882 2346 τοῦτο
1930 2282 2050 2345 οὖν
2097 2282 2239 2345 ἀντὶ
2285 2282 2519 2359 κυρίων
2566 2282 2921 2346 δείκνυνται
2967 2285 3293 2361 παραλαμ-

699 2385 1062 2463 βανόμεναι.
1160 2384 1290 2447 Ἔτι
1353 2384 1451 2447 καὶ
1506 2386 1582 2448 τὸ
1634 2383 1881 2448 ἵππος
1924 2403 2009 2461 με
2065 2382 2455 2464 ἐλάκτιςε,
2513 2383 3159 2463 μεταλαμβανόμενον
3206 2383 3294 2447 εἰς
3331 2383 3372 2438 C

596 2499 664 2547 20
698 2486 774 2549 τὸ
831 2485 1071 2549 οὗτός
1117 2505 1201 2563 με
1257 2485 1700 2562 ἐλάκτιςεν,
1758 2485 1971 2549 οὐκέτι
2017 2485 2355 2562 κοινότητα
2398 2487 2516 2548 τοῦ
2558 2482 2765 2549 ἵππου
2811 2484 3292 2568 ἐπαγγέλλεται,

698 2588 816 2651 τὸν
862 2588 933 2651 δὲ
979 2586 1154 2653 ἰδίως
1199 2587 1586 2668 νοούμενον.

869 2774 1037 2838 Ἐπεὶ
1080 2776 1150 2837 δὲ
1195 2774 1295 2838 καί
1338 2795 1506 2839 τινε(
1550 2780 1681 2839 τῶν
1729 2776 1968 2840 λέξεων
2001 2774 2531 2856 ἀμφιβάλλονται,
2576 2774 2857 2851 πότερον
2902 2772 3291 2851 ἀντωνυμίαι

698 2876 737 2952 ἢ
784 2874 1104 2953 ὀνόματα,
1164 2877 1269 2939 διά
1320 2894 1498 2940 τινας
1544 2876 1920 2955 ὁμοιότητας
1978 2876 2016 2952 ἢ
2061 2877 2279 2940 κοινὰς
2324 2874 2938 2952 παρακολουθήςεις,
2998 2875 3101 2937 καὶ
3144 2875 3291 2951 περὶ

601 2997 667 3043 25
701 2975 937 3039 τούτου
983 2978 1275 3059 λεκτέον,
1316 2976 1426 3040 ἵνα
1468 2976 1756 3056 τάκριβὲς
1800 2981 1916 3039 τοῦ
1963 2976 2164 3052 λόγου
2194 2974 2705 3054 προςγινόμενον
2735 2976 2810 3038 τὸ
2841 2976 3293 3053 διςταζόμενον
3475 3027 3486 3044 .

700 3078 858 3141 κατὰ
900 3077 1085 3141 τάςδε
1130 3079 1241 3142 τὰς
1285 3079 1483 3143 λέξεις
1526 3077 1975 3156 ἀποτρίψηται.
3321 3098 3386 3146 33
3413 3099 3465 3150 Α

870 3179 964 3243 Τὰ
1008 3184 1170 3254 γοῦν
1217 3179 1531 3255 ἑγκλιτικὰ
1574 3185 1704 3244 τῶν
1751 3185 2089 3243 πτωτικῶν
2135 3178 2536 3257 ἀντωνυμίας
2579 3179 2771 3256 φαςὶν
2818 3177 3013 3261 εἶναι,
3067 3177 3288 3257 τίμη-

705 3280 838 3344 ςόν
882 3300 999 3364 με,
1963 3321 1992 3348 s

1410 3366 1575 3445 κόψε
1619 3364 1743 3443 γάρ
1789 3365 1990 3429 αὐτον
2036 3364 2131 3448 (Μ
2177 3363 2366 3448 204),

1413 3467 1568 3531 οὐδέ
1611 3467 1668 3530 τί
1711 3486 1818 3544 μοι
1862 3465 2202 3544 περίκειται
2247 3466 2293 3551 (Ι
2342 3464 2523 3550 321)-

835 3653 1053 3709 Anava.
1113 3659 1144 3705 9
1180 3651 1523 3705 Pronomina
1557 3667 1742 3718 neque
1778 3651 1837 3703 in
1873 3650 2276 3705 adiectivorum
2313 3650 2582 3719 nequein
2608 3651 3084 3720 appellativorum
3107 3651 3292 3705 locum

700 3735 1133 3790 substituuntur.
1206 3736 1352 3788 Nam
1395 3734 1802 3805 appellativum
1838 3735 2006 3804 plura
2049 3736 2470 3804 complectitur,
2527 3734 2872 3789 adiectivum
2923 3737 3024 3788 aut
3074 3735 3294 3803 quanti·

701 3821 880 3874 tatem
923 3821 1025 3873 aut
1071 3819 1404 3887 qualitatem
1448 3827 1550 3872 aut
1594 3817 1858 3873 affectum
1902 3819 2076 3872 animi
2119 3819 2421 3889 significat:
2467 3820 2803 3888 pronomina
2844 3821 3035 3873 autem
3081 3821 3294 3873 certam

700 3919 999 3974 personam
1035 3902 1337 3973 designant
1370 3905 1435 3957 ut
1467 3904 1698 3958 nomina
1732 3903 1987 3972 propria,
2032 3920 2271 3973 quorum
2318 3904 2506 3959 locum
2542 3908 2837 3974 occupant.
2874 3935 2937 3944 —
2976 3911 3042 3959 23
3078 3904 3161 3957 De
3198 3919 3294 3957 vo-

702 3988 859 4042 cibus
893 3987 1032 4041 salso
1066 3986 1127 4039 in
1161 3987 1555 4055 pronominum
1591 3996 1886 4042 numerum
1923 3988 2133 4042 relatis.
2184 4018 2248 4027 —
2297 3995 2361 4043 27
2406 3991 2503 4045 Τις
2545 3991 2605 4044 et
2646 3990 2967 4044 encliticum
3009 3991 3068 4043 et
3108 3987 3296 4042 ortho-

701 4075 1047 4127 tonumenon
1084 4073 1172 4126 est
1191 4088 1424 4132 nomen:
1463 4085 1773 4141 pronomen
1811 4089 1931 4127 esse
1967 4074 2034 4127 ut
2066 4073 2458 4143 comprobent,
2499 4090 2596 4128 sex
2631 4074 2898 4144 deinceps
2933 4074 3177 4128 afferunt
3199 4072 3296 4125 ad—

704 4156 938 4212 versarii
973 4160 1335 4227 argumenta,
1373 4157 1583 4226 partim
1620 4174 1651 4211 e
1688 4157 1897 4223 forma,
1932 4156 2143 4226 partim
2178 4174 2209 4211 e
2246 4159 2475 4212 notione
2515 4158 2697 4212 ducta.

839 4326 1031 4384 D1sc12.
1070 4346 1273 4381 sempr.
1340 4334 1382 4381 1.
1423 4345 1732 4395 επεςτρεψε
1770 4329 1841 4394 Α,
1893 4329 2096 4394 ἔτρεψε
2133 4327 2191 4395 b]
2227 4327 2325 4381 fol.
2365 4333 2463 4381 154
2486 4346 2530 4384 r.
2582 4331 2592 4394 1
2639 4334 2688 4385 2.
2730 4344 2879 4383 εςται
2917 4329 2960 4381 Α
2999 4326 3294 4391 Homerus,

703 4413 847 4465 ἔςτω
894 4411 931 4464 b
994 4412 1006 4480 Ι
1068 4419 1115 4466 5.
1160 4415 1356 4479 ἤγειρα
1401 4412 1678 4467 Homerus
1723 4410 1861 4480 (vid.
1901 4427 2046 4479 quae
2090 4412 2452 4480 sequuntur),
2497 4415 2690 4480 ἄγειρα
2740 4412 2840 4467 Ab
2904 4413 2913 4480 Ι
2977 4419 3027 4468 6.
3063 4428 3296 4477 πρωτου

706 4498 780 4564 Α,
829 4500 1064 4562 πρῶτον
1099 4495 1135 4548 b
1201 4499 1210 4562 Ι
1273 4503 1321 4551 7.
1360 4498 1489 4550 ἴδιαι
1526 4497 1698 4552 θέςεις
1734 4494 1983 4565 GUhHg,
2030 4497 2297 4550 διαθέςεις
2333 4497 2425 4551 Ab
2488 4502 2498 4562 Ι
2564 4501 2642 4550 10.
2682 4500 2751 4552 τὸ
2787 4499 2850 4551 δὲ
2886 4496 3297 4564 προςηγορικὸν

705 4579 771 4646 b,
817 4597 923 4634 ατο
969 4583 1029 4634 δε
1066 4597 1493 4648 προςηγορικων
1530 4581 1600 4644 Α,
1647 4578 1804 4634 ‘Cod.
1851 4597 1986 4635 οςτο
2020 4582 2083 4641 δε
2130 4583 2578 4649 προςηγορικων’
2614 4583 2651 4635 b
2697 4582 2757 4634 in
2792 4597 2907 4635 var.
2946 4580 3074 4634 lect.
3113 4583 3122 4648 Ι
3165 4587 3297 4633 12-

707 4670 788 4722 13.
824 4670 1151 4720 ταπιθετικα
1188 4668 1259 4725 Α,
1298 4667 1371 4719 τὰ
1407 4666 1696 4718 ἑπιθετικὰ
1729 4664 1767 4717 b
1820 4665 1831 4733 Ι
1887 4670 1966 4720 16.
2004 4666 2489 4731 μεταλαμβάνεται
2524 4667 2590 4733 b,
2639 4669 3160 4732 μεταλαμβανονται
3199 4665 3242 4717 Α
3283 4664 3290 4730 1

708 4755 787 4803 17.
825 4751 955 4817 post
986 4751 1287 4817 utrumque
1325 4765 1440 4803 εςτι
1474 4767 1508 4802 ν
1544 4764 1685 4802 eras.
1708 4750 1766 4801 in
1791 4752 1830 4802 A
1860 4749 1869 4817 Ι
1911 4754 1993 4803 19.
2017 4750 2147 4817 post
2184 4753 2433 4806 ελακτιςε
2459 4768 2492 4804 ν
2516 4767 2655 4809 eras.
2679 4748 2738 4803 in
2765 4752 2808 4806 A
2847 4753 2857 4819 Ι
2897 4755 2979 4802 22.
3003 4746 3297 4816 inscriptio

707 4851 835 4902 περι
870 4851 974 4888 του
1008 4849 1095 4888 τις
1132 4849 1180 4887 ει
1214 4850 1541 4899 αντωνυμια
1575 4835 1803 4889 maiusc.
1843 4840 1891 4888 A
