3738 5530
614 316 1057 378 ,Commentarius
1084 317 1313 373 criticus
1343 318 1401 370 et
1427 315 1747 387 exegeticus
1776 316 1836 370 in
1864 315 2153 386 Apollonii
2179 314 2409 385 Dyscoli
2436 315 2649 386 scripta
2673 316 2907 371 minora.
2985 316 3109 383 161

679 487 884 562 141,8
933 481 1339 565 θαρςήςειε<ν
1386 481 1511 565 ἂν)
1555 485 1767 545 Matth.
1805 484 1837 543 I
1879 486 1988 561 753
2035 504 2089 545 v.
2129 488 2438 545 comment.
2486 485 2558 546 de
2602 485 2716 563 Ap.
2764 489 3023 547 consuet.

680 577 828 651 141,
851 579 928 636 11
979 572 1141 636 κατὰ
1185 572 1262 636 τὸ
1308 572 1461 636 δέον
1509 570 1937 653 ἐκτεθείμεθα]
1984 576 2048 634 in
2092 574 2247 633 libro
2283 575 2358 634 de
2402 573 2683 635 nomine?
2727 594 2804 635 an
2850 578 2916 635 in
2959 575 3114 636 libro

500 668 604 742 qui
657 661 804 740 περὶ
859 660 1188 739 ςτοιχείων
1245 667 1374 724 erat
1427 656 1512 746 (v.
1549 656 1837 746 fragm.)?
1908 663 2000 723 De
2053 664 2457 724 numeralibus
2511 664 2786 742 deinceps
2845 664 3119 743 pluribus

498 754 695 815 verbis
742 756 873 834 agit
915 753 1050 831 Ap„
1096 754 1318 814 addens
1362 754 1401 813 1.
1442 755 1527 814 30
1573 750 1677 813 καὶ
1721 750 1798 813 τὸ
1845 752 2146 814 τοιοῦτον
2192 749 2639 829 ἐντελέςτερον
2687 750 3119 829 ἐπιδειχθήςε-

498 861 602 904 ται
649 839 722 905 ἐν
768 840 1030 919 ἑτέροις.

674 925 729 1016 f)
774 933 1127 994 Numeralia
1169 933 1609 993 mdeelinabilia
1652 933 1749 991 eui
1791 934 2075 993 orabimus
2108 935 2279 1007 parti
2322 933 2632 993 mbuenda
2675 935 2795 993 smt
2838 950 3120 1008 quaereu-

499 1024 642 1083 dwm
687 1028 786 1093 est,
831 1041 906 1083 ne
941 1025 1073 1098 quis
1106 1024 1247 1083 haec
1282 1040 1519 1097 quoque,
1568 1023 1709 1096 qua‘a
1741 1022 2183 1081 indeclinabilia
2217 1024 2351 1091 sint,
2398 1023 2680 1083 adverbia
2716 1040 2839 1083 esse
2882 1027 3120 1084 statuat.

500 1111 1203 1188 Quaautemdecausa,
1240 1113 2041 1187 quamqumnnomimsint,
2077 1114 2556 1184 nonnae-tantur,
2592 1113 3118 1188 inlibrodepro-

497 1204 730 1261 nomine
766 1204 1085 1276 expositemn
1125 1206 1208 1261 est
1243 1193 1377 1284 (12,
1399 1192 1629 1281 8-9),
1676 1217 2068 1275 quaecamque
2104 1202 2258 1260 enim
2291 1202 2577 1261 voeabula
2609 1219 2737 1261 ima
2771 1203 2968 1276 forma
3003 1205 3123 1262 tn'a

494 1308 712 1366 ymera
745 1292 1027 1360 mdieant,
1062 1308 1184 1351 non
1218 1292 1601 1352 declinamur.
1656 1287 1898 1350 Accedit
1931 1291 2084 1365 quod
2118 1291 2288 1350 nulla
2325 1295 2411 1351 est
2443 1291 2516 1350 de
2548 1293 3124 1364 nommwmfleoeione

498 1381 702 1455 reyula
747 1382 829 1441 acl
872 1399 1052 1455 quam
1096 1374 1325 1441 πέντε
1369 1381 1459 1439 vel
1504 1375 1579 1441 ἕξ
1626 1380 1807 1454 diriqi
1838 1381 2047 1454 possit.
2120 1380 2390 1439 Maxime
2433 1384 2628 1440 autem
2674 1398 2704 1440 e
2748 1382 3122 1441 construendi

497 1471 725 1529 ratione
767 1470 1145 1543 manifestum
1191 1475 1274 1530 est
1316 1466 1544 1530 πέντε
1589 1471 1716 1528 sim.
1756 1471 1997 1528 nomina
2043 1486 2181 1539 esse,
2228 1464 2598 1529 πεντάκις
2641 1472 2770 1529 sim.
2809 1471 3125 1543 adverbia,-

499 1577 643 1619 nam
689 1554 1050 1619 πεντάκις
1095 1577 1227 1619 oum
1269 1560 1564 1634 singulari
1606 1559 1768 1618 verbi
1809 1575 2054 1618 nmero
2099 1561 2356 1619 consona
2389 1563 2607 1632 potest,
2653 1554 2885 1620 πέντε
2931 1563 3126 1619 autem

501 1649 682 1722 efficit
723 1652 792 1708 ut
835 1650 1074 1709 verbwm
1109 1650 1343 1723 plurali
1376 1649 1725 1723 proferatur
1774 1649 2271 1725 141,16-142,
2292 1649 2349 1707 8.

682 1739 829 1812 141,
852 1740 936 1798 20
982 1733 1073 1798 ὡς
1118 1732 1333 1816 ἕνεκα]
1382 1738 1455 1797 cf.
1495 1738 1628 1799 adv.
1671 1738 1817 1813 164,
1839 1738 1897 1796 5.
1950 1739 2016 1813 63
2064 1737 2140 1797 ad
2188 1737 2319 1797 adv.
2361 1739 2588 1814 121,8.

683 1829 828 1900 141,
851 1829 932 1885 22
972 1826 1116 1903 quid
1154 1828 1236 1887 sit
1279 1823 1635 1902 τριγένειαν
1672 1822 2119 1901 ὑπαγορεύειν,
2166 1823 2510 1902 μοναδικὸς
2555 1822 2717 1886 κατὰ
2763 1823 3119 1901 τριγένειαν

501 1918 630 1976 sim.
676 1915 949 1993 pluribus
996 1916 1191 1976 verbis
1237 1920 1481 1992 exposui
1527 1916 1605 1975 ad
1647 1935 1817 1992 pron.
1860 1919 1962 1992 11,
1985 1918 2087 1976 29.

683 2006 829 2080 141,
852 2007 934 2064 24
996 2003 1119 2064 Ska
1163 2005 1226 2064 H
1273 2007 1375 2064 25.
1434 2037 1523 2047 —
1577 2001 1674 2065 Τὰ
1733 2002 1806 2066 δὲ
1863 2002 2060 2066 πέντε
2118 2002 2222 2065 καὶ
2278 2001 2360 2065 τὰ
2419 2000 2638 2084 ὅμοια]
2699 1999 2884 2064 ‘tales
2946 2024 3119 2066 voces

502 2094 708 2170 quales
754 2091 950 2155 πέντε
996 2097 1239 2170 eiusque
1285 2095 1509 2154 similes
1556 2088 1735 2154 sunt’.

684 2186 829 2259 141,
853 2184 1112 2243 25-26
1161 2180 1224 2244 οἱ
1269 2180 1539 2244 κανόνες
1583 2215 1672 2226 -
1717 2181 1834 2256 τὴν
1895 2180 2064 2244 θέειν
2123 2183 2237 2258 τῆς
2293 2179 2553 2263 λέξεως]
2612 2178 2828 2244 ‘omnis
2882 2184 3125 2262 regulas

499 2273 740 2333 initium
798 2274 887 2332 ita
947 2275 1356 2349 comparatum
1416 2275 1533 2349 est,
1591 2276 1661 2332 ut
1718 2274 1912 2332 forma
1965 2273 2129 2333 vocis
2189 2273 2263 2332 de
2320 2292 2441 2350 qua
2501 2277 2714 2351 agetur
2766 2268 3123 2333 definiatur'.

499 2362 787 2423 Notiones
831 2364 995 2422 vocis
1042 2358 1206 2424 θέςις
1251 2382 1307 2421 v.
1344 2364 1408 2421 in
1453 2361 1573 2422 ind.
1617 2361 1898 2441 Egenolff
1934 2361 1966 2420 I
2012 2363 2141 2422 843
2188 2380 2299 2439 pro
2346 2359 2511 2423 θέςις
2556 2362 2765 2423 scribit
2809 2362 2982 2437 λῆξις
3026 2363 3125 2423 vel

499 2448 711 2522 τέλος;
760 2455 825 2511 at
868 2471 989 2511 non
1034 2452 1227 2512 solum
1264 2452 1456 2512 exitus
1497 2451 1850 2512 indicandus
1897 2455 2006 2526 est,
2050 2451 2154 2512 sed
2190 2454 2432 2512 omnino
2471 2451 2763 2529 quaedam
2801 2453 3125 2528 qualitates

500 2560 532 2601 e
569 2540 783 2618 quibus
819 2560 1005 2620 genus
1042 2541 1341 2617 quoddam
1375 2541 1799 2602 vocabulorum
1844 2540 2245 2619 cognoscitur3
2289 2538 2485 2602 πέντε
2523 2544 2724 2603 autem
2769 2545 2831 2601 et
2876 2537 2943 2605 ἕξ
2989 2561 3124 2601 cum

499 2630 725 2690 formae
769 2632 1100 2709 singulares
1147 2632 1286 2706 sint,
1332 2632 1408 2691 ad
1455 2632 1683 2691 nullam
1726 2630 1997 2708 regulam
2043 2629 2223 2709 dirigi
2266 2633 2533 2707 possunt.

683 2720 931 2796 141,31
985 2716 1057 2781 ἐν
1105 2715 1376 2800 ἑτέροις]
1425 2720 1502 2781 ad
1547 2720 1681 2781 adv.
1724 2722 1994 2796 141,11.

682 2812 828 2886 142,
855 2814 885 2869 1
941 2809 1079 2872 τοῖς
1125 2806 1593 2889 προκειμένοις]
1643 2810 1775 2872 adv.
1818 2810 2391 2885 119‚7-121,13.

683 2901 891 2975 142,3
940 2895 1031 2960 ὡς
1076 2896 1266 2979 πρός]
1313 2920 1369 2960 v.
1414 2900 1576 2959 infra
1620 2900 1658 2960 l.
1698 2901 1765 2975 83
1812 2900 1891 2959 ad
1939 2898 2070 2959 adv.
2113 2900 2338 2975 121,8.

681 2991 828 3065 142,
850 2991 888 3048 ὅ
937 2984 1099 3065 ὅπερ
1153 2990 1266 3049 hoc
1310 3007 1545 3066 quoque
1590 2990 1721 3049 loco
1767 3009 1900 3048 eam
1952 2989 2258 3048 notionem
2300 2988 2500 3047 induit
2544 2988 2617 3048 de
2664 3007 2783 3065 qua
2830 2989 2906 3048 ad
2949 3010 3120 3066 pron.

505 3080 649 3153 103,
673 3080 708 3136 7
758 3078 1039 3139 diximus:
1086 3073 1334 3154 ‘quare'.
1426 3078 1737 3139 Sententia.
1780 3081 1941 3139 enim
1984 3079 2130 3138 haec
2173 3080 2291 3137 est:
2337 3072 2545 3154 ‘quare
2592 3074 2805 3150 πέντε,
2851 3079 2971 3138 nisi
3016 3099 3121 3140 no-

499 3168 719 3227 minale
763 3171 943 3244 esset,
997 3169 1164 3227 nullo
1210 3168 1548 3228 discrimine
1594 3172 1655 3229 et
1699 3188 1834 3228 cum
1878 3168 2171 3247 singulari
2214 3170 2276 3226 et
2319 3185 2455 3227 cum
2505 3167 2729 3244 plurali
2773 3168 2940 3228 verbi
2984 3186 3121 3229 oon-

497 3260 852 3331 strueretur3
898 3258 1067 3334 atqui
1105 3258 1473 3318 construitur
1507 3277 1642 3317 cum
1676 3278 1796 3318 uno
1842 3258 2094 3336 plurali=
2141 3275 2282 3335 ergo
2317 3276 2532 3316 nomen
2574 3251 2706 3317 est.'
2789 3253 2996 3332 “Ouep
3041 3291 3115 3302 —-

506 3348 541 3405 7
592 3343 882 3407 ςύνταξιν
929 3347 1087 3407 delet
1132 3347 1345 3406 Matth.
1382 3347 1413 3407 Ι
1460 3349 1574 3424 473
1617 3350 1746 3408 iure
1792 3348 2137 3424 obloquitur
2182 3345 2461 3424 Egenolff
2499 3345 2587 3404 IV
2635 3348 2810 3406 47-
2825 3349 2927 3407 48.

682 3437 828 3511 142,
852 3439 887 3495 7
947 3436 1194 3496 verbum
1251 3455 1374 3496 una
1430 3457 1564 3497 cum
1625 3437 1889 3498 subiecto
1948 3456 1981 3496 e
2040 3436 2333 3515 singulari
2395 3454 2640 3495 numero
2698 3439 2762 3495 in
2824 3437 3122 3513 pluralem

499 3525 771 3600 transire,
807 3544 926 3584 uno
962 3526 1074 3586 hoc
1110 3525 1289 3586 verbo
1327 3522 1872 3601 ςυμπληθύνεςθαι
1908 3526 2295 3606 significatur,
2331 3528 2402 3584 ut
2436 3528 2590 3602 synt.
2623 3527 2726 3602 54,
2750 3529 2850 3585 17.
2892 3527 3040 3602 205,
3064 3529 3117 3586 1.

503 3615 650 3691 224,
674 3616 773 3674 26.
825 3616 972 3690 236,
994 3616 1049 3674 3.
1140 3615 1349 3692 Neque
1404 3616 1480 3675 ad
1525 3616 1680 3676 hanc
1732 3636 1858 3676 rem
1904 3635 2094 3693 neque
2140 3615 2217 3673 ad
2262 3615 2453 3674 ullam
2511 3615 2695 3674 aliam
2739 3614 3121 3674 indicandam

501 3703 681 3763 verbo
730 3701 1114 3779 ςυμπληρόω
1161 3723 1302 3780 usus
1349 3708 1440 3765 est
1483 3706 1627 3782 Ap.;
1681 3725 1790 3765 nec
1834 3725 1974 3765 vero
2019 3700 2289 3779 πληρόω
2335 3703 2406 3763 de
2460 3704 2573 3763 hac
2616 3723 2681 3762 re
2726 3704 2847 3763 dici
2890 3706 3120 3781 potest3

501 3789 747 3868 πλήρης
792 3793 951 3852 enim
994 3793 1153 3853 idem
1198 3797 1289 3853 est
1333 3794 1493 3870 quod
1540 3791 1801 3870 ἐντελής
1837 3786 2003 3877 (opp.
2034 3785 2350 3875 ἐλλιπής);
2396 3791 2688 3868 πληροῦν
2732 3793 2921 3871 igitur
2964 3795 3119 3853 nihil

500 3899 625 3941 esse
672 3885 868 3958 potest
912 3882 1029 3942 nisi
1075 3877 1328 3959 ‘aliquid
1374 3879 1629 3945 ἐντελές
1673 3879 1967 3944 reddere’:
2013 3882 2172 3960 quod
2219 3882 2293 3942 ab
2339 3882 2395 3940 h.
2435 3883 2473 3940 l.
2522 3883 2781 3941 alienum
2826 3886 2932 3942 est.

677 3964 744 4053 g)
791 3966 873 4031 ”O
887 3970 1130 4047 φελον
1178 3973 1283 4031 alii
1327 3976 1548 4049 putant
1591 3976 1828 4050 proprie
1865 3972 2211 4033 adverbium
2248 3990 2394 4047 esse,
2438 3971 2538 4030 sed
2576 3975 2820 4046 propter
2862 3973 3121 4046 formam

498 4060 722 4120 verbali
763 4060 990 4133 formae
1033 4063 1281 4121 similem
1325 4064 1400 4122 ab
1436 4063 1692 4122 Homero
1734 4064 1982 4137 aliisque
2015 4080 2129 4136 per
2162 4078 2455 4137 personas
2489 4063 2737 4133 fleaemm
2783 4062 2891 4121 alii
2936 4080 3118 4139 genu-

500 4149 667 4208 inum
711 4152 949 4209 verbum
994 4168 1063 4210 ex
1107 4145 1450 4226 ὤφειλον
1496 4154 1800 4212 eone-istun.
1885 4151 2141 4211 Videtur
2195 4154 2395 4211 autem
2451 4149 2798 4209 adverbium
2843 4168 2969 4211 esse
3004 4169 3119 4226 pa-

481 4233 643 4298 'aeiter
679 4243 851 4314 atque
886 4238 1141 4314 δεῦρο,
1179 4242 1332 4314 quod
1366 4244 1563 4316 ips-eom
1598 4260 1820 4316 quoque
1855 4245 2155 4316 tamquam
2180 4240 2479 4314 pluralem
2515 4241 2733 4314 accepit
2766 4239 3015 4311 δεῦτε,
3052 4245 3119 4299 ut

501 4321 636 4399 ἄγε
675 4322 898 4399 ἄγετε
942 4330 1343 4405 142‚9-—19.
1411 4329 1498 4390 cf.
1527 4333 1682 4407 synt.
1716 4320 2419 4411 247,20-—250‚27*);
2464 4328 2643 4389 schol.
2683 4329 2879 4389 D'rhr.
2913 4331 3115 4405 946,4

502 4442 586 4465 =
621 4419 768 4492 2⁷9,
790 4419 876 4477 20
905 4417 1069 4497 Hflg.

682 4509 828 4583 142,
850 4510 886 4568 9
935 4502 1098 4567 κατὰ
1145 4505 1606 4588 ςυνεκδρομὴν]
1653 4531 1708 4570 v.
1755 4510 2034 4587 paraphr.
2082 4513 2144 4569 et
2185 4508 2307 4570 ind.

680 4598 825 4672 142,
850 4598 930 4655 12
969 4594 1338 4657 GFSchoem.
1367 4599 1429 4657 Π
1462 4603 1536 4658 11
1566 4625 1651 4648 =
1671 4618 1869 4677 opusc.
1900 4600 1987 4659 IV
2017 4601 2173 4660 255:
2220 4593 2632 4657 ‘Scribendum
2667 4599 2760 4657 est
2797 4593 2962 4657 κατὰ
2999 4596 3116 4673 τὴν

673 4817 721 4888 ‘)
749 4821 894 4888 synt.
916 4825 1117 4887 248,13
1146 4824 1398 4891 διαφέρει
1424 4826 1460 4891 ἡ
1492 4826 1555 4879 ἐκ
1579 4831 1697 4880 τῶν
1725 4826 1994 4895 ῥημάτων
2023 4827 2246 4896 εὐκτικὴ
2278 4826 2548 4895 ἔγκλιςις
2576 4821 2781 4893 (scribo
2811 4826 3115 4894 διάθεςις)

495 4894 599 4957 τῆς
644 4891 1074 4961 ἑπιρρηματικῆς
1122 4898 1253 4962 κτλ.,
1301 4894 1368 4949 cl.
1407 4894 1442 4948 l
1478 4901 1571 4962 16,
1617 4896 1753 4950 ibid.
1794 4896 1829 4950 l.
1862 4902 1930 4951 18
1966 4900 2034 4953 τό
2071 4915 2136 4965 γε
2175 4902 2274 4968 μὲν
2312 4899 2424 4955 εἴθε
2473 4896 2695 4962 ςχεδὸν
2731 4892 2883 4971 (lego
2923 4898 3114 4965 μόνον

499 4961 566 5015 cl.
598 4965 718 5028 249,
740 4968 788 5015 3.
828 4967 878 5017 9.
920 4969 1001 5017 13.
1044 4970 1125 5018 16.
1168 4969 1255 5036 18)
1293 4969 1473 5034 ὄνομά
1509 4969 1654 5022 ἐςτιν
1692 4971 1876 5036 εὐχῆς.

604 5059 2682 5113 Aponmiwnywl.1.11
