3738 5530
635 275 722 341 56
813 273 1271 329 Commentarius
1300 273 1527 329 criticus
1555 276 1612 327 et
1640 273 1962 343 exegeticus
1990 273 2049 326 in
2078 271 2363 342 Apollonii
2391 271 2618 341 Dyscoli
2648 273 2857 342 scripta
2884 272 3113 327 minora.

632 445 778 505 dern
823 443 1086 504 Nomina
1139 443 1326 518 seien,
1391 461 1512 503 was
1562 444 1632 519 ja
1689 443 2046 521 fiberflfissig
2090 462 2243 516 war,
2306 462 2477 501 wenn
2523 441 2649 502 dies
2695 441 2875 503 sehon
2919 443 3255 504 concediert

633 528 797 594 war?
887 532 1058 611 Nego
1110 533 1253 593 hoc:
1309 531 1634 593 adversarii
1687 531 1760 592 de
1814 535 2094 593 merismo
2154 532 2393 591 omnino
2440 551 2556 591 non
2605 533 3035 608 quaesiverant.
3127 534 3254 594 Nec

635 626 827 703 magis
871 622 1108 683 firmum
1155 623 1410 683 alterum
1457 625 1874 700 argumentum
1921 625 2037 682 est:
2083 616 2377 682 ‘Drittens
2423 624 2505 681 ist
2549 621 2889 698 uberhaupt
2929 624 3097 683 nicht
3133 625 3254 683 ein·

637 713 915 787 znsehen‚
977 732 1202 772 warum
1249 711 1360 789 Ap.
1417 712 1513 771 die
1568 731 1755 790 ganze
1801 712 1993 790 Frage
2048 731 2125 771 an
2172 710 2364 771 dieser
2408 710 2593 771 Stelle
2638 714 2918 785 erortert,
2976 732 3147 772 wenn
3191 733 3255 774 es

633 803 760 864 sich
805 822 938 862 nur
983 822 1094 861 um
1139 801 1254 860 die
1303 801 2025 880 Zusammensetzung
2068 800 2330 861 handelt.
2420 800 2593 861 Denn
2651 801 2756 861 der
2799 821 2986 880 ganze
3030 801 3255 863 Absatz

635 912 753 953 von
803 894 909 967 26,
930 892 1011 950 23
1070 910 1144 950 an
1200 890 1314 952 soll
1363 892 1433 968 ja
1478 891 1809 970 diejenigen
1855 891 2065 951 Worte
2110 889 2439 950 behsndeln
2458 935 2475 964 ,
2520 909 2637 951 von
2684 889 2873 952 denen
2917 911 2980 952 es
3025 894 3256 972 sti-ittig

634 984 743 1057 ist,
806 981 882 1042 ob
937 981 1024 1041 sie
1071 980 1432 1041 Pronomina
1475 979 1607 1040 sind
1655 980 1797 1042 oder
1841 975 2049 1040 nicht’.
2138 979 2345 1057 Neque
2391 979 2504 1057 Ap.
2551 981 2861 1041 contendit
2904 1002 3098 1059 neque
3142 1001 3254 1060 ego

635 1070 928 1132 contendo
973 1071 1046 1130 de
1093 1071 1261 1130 nulla
1307 1071 1428 1129 alia
1470 1090 1534 1129 re
1581 1072 1698 1131 nisi
1742 1070 1820 1130 de
1861 1070 2290 1147 compositione
2337 1072 2464 1148 agi:
2508 1071 2637 1147 ipse
2682 1071 2840 1130 enim
2884 1071 2999 1149 Ap.
3046 1073 3255 1131 statim

636 1162 711 1221 ab
756 1161 933 1220 initio
980 1160 1090 1219 hoc
1135 1161 1356 1237 premit
1400 1156 1704 1221 (κεπτέον
1750 1155 1871 1222 οὖν
1918 1156 2020 1220 καὶ
2065 1155 2210 1219 τίνα
2255 1155 2337 1219 ἂν
2384 1156 2541 1235 μέρη
2590 1157 2793 1231 λόγου
2837 1154 2954 1234 εἴη,
3002 1162 3099 1221 cui
3136 1181 3255 1221 non

634 1268 870 1311 necesse
923 1252 1081 1310 esset
1134 1249 1276 1309 addi
1330 1244 1509 1324 εἴπερ
1572 1245 1843 1321 ἔγκειται
1892 1246 1969 1309 τὸ
2016 1242 2239 1321 οὗτος,
2303 1250 2356 1308 si
2402 1250 2729 1309 adversarii
2773 1251 3046 1329 regulam
3089 1251 3259 1310 illam

635 1336 717 1401 τὰ
779 1335 931 1413 τέλη
998 1335 1321 1414 ἐπικρατεῖ
1383 1341 1508 1399 sive
1572 1340 1993 1417 cognovissent
2055 1340 2180 1398 sive
2245 1340 2643 1417 agnovissent.
2736 1338 2853 1399 Sed
2908 1340 2980 1400 de
3038 1340 3151 1400 hac
3194 1361 3259 1400 re

636 1432 781 1490 satis
827 1429 1027 1499 multa
1065 1428 1247 1489 verba
1288 1429 1420 1488 feci.

818 1521 921 1592 29,
943 1520 1024 1578 13
1074 1513 1145 1579 ἐν
1192 1513 1246 1597 ᾧ
1295 1512 1504 1595 ‘quia’‚
1550 1512 1818 1593 ‘indem’,
1863 1511 2009 1593 ‘da’‚
2056 1536 2177 1594 quo
2225 1535 2404 1577 sensu
2448 1518 2561 1595 Ap.
2609 1519 2793 1577 etiam
2839 1514 2912 1579 ἐν
2948 1512 3045 1580 οἷ(
3090 1537 3259 1579 usur·

637 1628 781 1687 pare
826 1609 997 1682 solet,
1042 1627 1207 1685 pron.
1249 1609 1354 1683 41,
1375 1610 1488 1683 203
1537 1609 1775 1684 67,29;
1823 1608 2048 1682 es‚19.
2074 1609 2173 1666 22.
2199 1608 2310 1681 26³
2356 1607 2487 1665 adv.
2541 1609 2688 1682 120,
2710 1610 2823 1682 203
2873 1609 3019 1684 138,
3043 1610 3124 1669 28
3155 1609 3255 1669 an.

819 1700 922 1773 29,
945 1699 1027 1756 22
1096 1696 1315 1757 codicis
1369 1697 1725 1775 scripturam
1789 1699 2053 1771 servavi,
2117 1696 2277 1773 quod
2339 1696 2485 1756 haec
2548 1696 2879 1757 sufficiunt:
2945 1692 3257 1758 ‘absonum

599 1799 614 1814 ·
637 1791 728 1848 est
780 1787 975 1847 dicere
1029 1789 1211 1847 etiam
1266 1781 1460 1848 οὗτος
1512 1788 1704 1847 inesse
1765 1779 1935 1867 (nam
1987 1789 2245 1863 priorem
2290 1803 2501 1845 vocum
2547 1789 2782 1863 partem
2829 1804 2955 1848 esse
3002 1784 3256 1861 τηλίκος

634 1876 812 1938 τοῖο(
871 1872 1060 1938 τόεο(
1119 1895 1291 1937 nemo
1339 1868 1616 1957 negavit)
1677 1876 1973 1953 simulque
2035 1874 2387 1935 contendere
2433 1894 2505 1935 ea
2549 1878 2792 1935 nomina
2836 1871 3004 1937 esse.'
3094 1875 3259 1946 Quae

638 1968 937 2027 sententia
991 1968 1062 2025 ut
1115 1969 1327 2043 pateat
1381 1966 1664 2026 Hoersch.
1713 1967 1839 2026 383
1898 1965 2081 2026 inseri
2145 1964 2313 2023 iubet
2374 1957 2765 2046 (quamquam
2819 1968 3016 2026 totum
3070 1967 3265 2026 locum

639 2058 828 2116 eicere
875 2046 1143 2138 mavult)
1190 2050 1290 2116 ὅτι
1337 2049 1482 2133 <καὶ
1527 2049 1736 2130 ὄνομά
1783 2050 1955 2136 ken>
2001 2051 2103 2114 καὶ
2148 2051 2225 2115 τὸ
2272 2047 2464 2115 οὗτος
2512 2050 2800 2125 ἔγκειται.

820 2147 925 2220 29,
946 2147 1028 2204 22
1090 2140 1168 2206 οὐ
1224 2146 1381 2204 male
1435 2145 1712 2220 infertur3
1774 2146 1889 2204 hoc
1943 2147 2100 2205 enim
2156 2145 2289 2203 vult
2332 2143 2472 2221 Ap:
2537 2138 2708 2220 ‘quid
2765 2149 2858 2204 est
2901 2163 3006 2205 cm·
3047 2164 3262 2205 nomen

638 2237 841 2312 potius
889 2234 1128 2294 dicatur
1172 2239 1420 2312 propter
1465 2235 1705 2294 initium
1753 2254 1934 2311 quam
1978 2253 2303 2311 pronomen
2348 2237 2594 2310 propter
2636 2233 2813 2293 finem
2824 2228 2878 2291 ’θ’
3169 2265 3175 2270 -

820 2325 923 2398 30,
946 2327 982 2383 2
1040 2318 1121 2383 τὰ
1177 2319 1301 2399 γὰρ
1356 2321 1507 2398 τέλη
1565 2323 1698 2384 τῶν
1757 2320 1997 2385 λέξεων
2046 2317 2371 2398 ἐπικρατεῖ
2416 2318 2578 2383 κατὰ
2623 2318 2737 2384 τὰ(
2785 2320 3123 2403 ευνθέεειε]
3190 2326 3263 2384 cf.

637 2432 804 2490 pron.
856 2415 959 2488 32,
980 2415 1017 2473 5
1074 2409 1156 2473 τὰ
1210 2410 1360 2488 τέλη
1418 2413 1550 2473 τῶν
1614 2408 1954 2489 εχημάτων
2001 2409 2339 2488 ἐπικρατεῖ.
2425 2412 2501 2471 ib.
2554 2414 2656 2488 64,
2679 2415 2756 2473 21
2808 2409 2889 2474 τὰ
2933 2410 3084 2488 τέλη
3131 2413 3265 2474 τῶν

644 2498 967 2564 (υνθέτων
1014 2498 1351 2578 ἐπικρατεῖ.
1445 2507 1602 2579 synt.
1655 2503 1801 2577 188,
1825 2505 1860 2561 7
1922 2498 1993 2563 ἐν
2048 2501 2187 2563 ταῖς
2243 2498 2557 2563 ευνθέεεει
2603 2498 2683 2563 τὰ
2728 2499 2879 2577 τέλη
2928 2498 3265 2579 ἐπικρατεῖ.

643 2591 826 2652 Prisc.
875 2591 992 2652 XII
1032 2593 1118 2652 30
1162 2612 1218 2669 p.
1261 2592 1409 2667 595,
1430 2594 1529 2652 20.

821 2682 984 2758 3ο,5
1034 2680 1107 2741 of.
1153 2684 1306 2758 synt.
1360 2683 1628 2756 1o5‚15.

820 2774 925 2848 30,
946 2773 984 2831 8
1033 2767 1196 2832 κατὰ
1242 2767 1468 2850 τόνον]
1529 2775 1684 2848 synt.
1734 2773 1885 2846 328,
1907 2773 1988 2831 15
2036 2768 2112 2833 τό
2159 2787 2233 2843 γε
2281 2768 2403 2845 μὴν
2450 2765 2856 2848 ἀναβιβάζειν
2903 2769 3020 2834 τὸν
3065 2770 3265 2834 τόνον

635 2856 809 2924 ἴδιόν
848 2857 975 2922 ἑετι
1013 2858 1377 2922 ευνθέεεωε.
1455 2860 1532 2921 ib.
1567 2862 1671 2937 54,
1692 2862 1773 2921 25
1823 2856 1905 2920 τά
1941 2877 2012 2922 τε
2048 2857 2171 2936 γὰρ
2210 2859 2704 2936 παροξυνόμενα
2738 2858 2778 2936 ἢ
2815 2859 3262 2939 προπεριεπώ-

644 2967 806 3027 μενα
852 2946 1137 3013 (ύνθεειν
1185 2945 1626 3025 ἀναδεξάμενα
1671 2945 2247 3026 προπαροξύνεται.

824 3042 928 3114 30,
951 3041 1031 3099 13
1080 3035 1154 3100 ἓν
1201 3035 1455 3101 ἁπλοῦν
1500 3039 1800 3115 δηλοῦειν
1846 3031 2205 3122 (interdum)
2246 3087 2258 3099 .
2299 3086 2311 3099 .
2350 3036 2453 3099 καὶ
2500 3035 2701 3100 ἁπλαῖ
2749 3038 2947 3103 λέξει(
2991 3038 3265 3103 πλείονα

640 3127 959 3205 πρόςωπα
1004 3121 1382 3211 (interdum),
1428 3129 1505 3189 ad
1549 3150 1715 3207 pron.
1766 3131 1947 3204 8,16.
2040 3129 2130 3189 De
2176 3149 2239 3189 re
2286 3130 2357 3189 cf.
2396 3133 2550 3207 synt.
2588 3130 2733 3206 186,
2755 3133 2836 3190 24
2888 3126 2969 3192 οὐ
3016 3127 3139 3205 γὰρ
3177 3128 3260 3191 τὰ

641 3214 714 3279 ἐν
761 3219 874 3297 μιᾷ
919 3214 1082 3280 λέξει
1130 3214 1302 3299 ἁπλῇ
1349 3215 1621 3280 πλείονα
1669 3215 2056 3294 εημαίνοντα
2102 3214 2372 3280 εύνθετα
2417 3217 2546 3279 κτλ.

822 3309 929 3382 30,
951 3309 1030 3367 15
1098 3303 1261 3387 υἱόε]
1328 3309 1699 3386 corruptelae
1764 3327 1972 3369 ansam
2036 3309 2218 3368 fnisse
2275 3303 2481 3369 ἵππου
2542 3308 2701 3385 quod
2761 3312 3029 3386 sequitur
3087 3329 3260 3371 nemo

641 3416 760 3458 non
808 3397 987 3457 videt.

823 3487 927 3561 30,
949 3489 1030 3546 17
1096 3482 1422 3563 ὑπόφαειν
1486 3482 1751 3562 παρέχει
1816 3482 2191 3566 ευνθέεεωε]
2257 3488 2328 3547 cf.
2387 3491 2542 3565 synt.
2595 3490 2742 3562 189,
2763 3490 2844 3548 23
2915 3484 3070 3550 οὐδὲ
3135 3485 3259 3562 μὴν

644 3571 774 3650 ἔχει
821 3572 898 3637 τὸ
945 3576 1158 3651 τηρεῖν
1206 3573 1281 3636 τὸ
1329 3572 1676 3651 μηλιτηρόν
1721 3571 2012 3649 ἀγγεῖον,
2079 3570 2209 3637 ἀπὸ
2256 3576 2505 3651 γενικῆς
2552 3576 2624 3638 δὲ
2671 3578 2782 3652 τῆς
2830 3574 3112 3653 μέλιτος,
3169 3574 3259 3639 ὼ(

641 3662 940 3742 δείματος
986 3662 1382 3741 δειματηρόε,
1428 3661 1714 3739 καμάτου
1761 3662 2141 3741 καματηρός,
2189 3661 2448 3727 ὀλίεθου
2496 3661 2848 3743 ὀλιεθηρόε.

829 3756 933 3830 30,
956 3756 1036 3814 19
1084 3750 1289 3834 mmo]
1337 3755 1514 3815 schol.
1561 3754 1770 3815 Venet.
1817 3755 1876 3813 N
1909 3756 2052 3814 686.

824 3845 928 3918 30,
949 3845 1030 3904 23
1079 3840 1182 3904 καὶ
1227 3844 1385 3921 quod
1432 3843 1664 3905 addidit
1696 3845 1736 3904 b
1782 3863 1902 3905 non
1941 3847 2070 3904 erat
2104 3846 2532 3920 necessarimm
2578 3848 2650 3905 cf.
2687 3864 2854 3922 pron.
2897 3847 3000 3921 25,
3022 3847 3119 3906 13.
3143 3848 3261 3922 31;

652 3936 755 4008 21,
787 3934 886 3994 25.

824 4024 928 4097 30,
951 4024 1031 4082 23
1081 4017 1445 4097 ὁμοιώεεω(
1491 4018 1808 4102 ὀνόματα]
1856 4024 1928 4084 cf.
1959 4023 2155 4084 DThr.
2187 4026 2293 4097 40,
2312 4025 2485 4085 ’1-3
2525 4027 2586 4085 et
2620 4025 2838 4085 testim.
2904 4025 2976 4082 V.
2996 4025 3116 4085 ind.
3138 4044 3182 4085 s.
3205 4046 3259 4085 v.

824 4113 928 4188 30,
949 4113 1287 4187 23-31,5
1334 4113 1406 4172 of.
1455 4112 1636 4174 Pfisc.
1684 4113 1833 4172 xm
1872 4114 1954 4174 33
2002 4134 2058 4191 p.
2102 4114 2511 4189 21‚15—-22‚
2532 4115 2587 4174 3.

826 4203 1122 4276 31,1—3
1172 4201 1295 4261 Ska
1338 4202 1370 4261 I
1411 4204 1494 4262 10
1539 4202 1595 4261 h.
1634 4204 1672 4262 l.
1730 4204 1819 4263 ita
1873 4205 2329 4280 interpretatur,
2386 4205 2459 4262 ut
2510 4199 2587 4264 τὸ
2648 4200 3063 4278 δεικνύμενον
3123 4204 3264 4263 sub-

643 4293 860 4352 iectum
907 4290 1004 4366 sit,
1050 4287 1209 4352 αὐτὸ
1256 4287 1328 4351 δὲ
1375 4283 1480 4374 (sc.
1521 4285 1677 4374 ἐετὶ)
1724 4290 1800 4353 τὸ
1847 4288 2271 4367 ὑποκείμενον
2317 4292 2742 4370 praedicatum.
2820 4288 3004 4353 ‘Nam
3040 4295 3089 4354 si
3126 4293 3263 4354 dico

646 4375 810 4457 ἀνὴρ
857 4375 1090 4451 οὑτοεί,
1135 4381 1346 4441 relatio
1394 4385 1485 4442 est
1528 4381 1603 4441 ad
1650 4384 1845 4442 virum
1890 4384 2114 4460 ipsum3
2160 4382 2213 4443 si
2257 4380 2654 4457 τηλικουτοεὶ
2701 4379 2739 4444 ὁ
2790 4379 3041 4454 Νεῖλος,
3088 4381 3261 4457 τηλι-

643 4470 879 4531 κοῦτο(
923 4469 1176 4529 refertur
1222 4470 1297 4529 ad
1344 4470 1508 4530 aliud
1554 4471 1801 4549 aliquid,
1848 4474 1943 4531 cui
1989 4472 2200 4532 similis
2247 4490 2371 4532 esse
2417 4472 2636 4532 dicitur
2679 4472 2869 4532 Nilus.
2954 4471 3024 4530 Id
3069 4474 3267 4550 igitur

645 4558 958 4619 discrimen
984 4560 1265 4620 interesse
1294 4560 1441 4619 dicit
1466 4563 1621 4621 inter
1657 4557 2052 4636 τηλικουτοεί
2082 4565 2144 4621 et
2170 4557 2403 4633 οὑτοεί,
2442 4561 2601 4638 quod
2627 4564 2975 4639 pronomine
3003 4579 3095 4622 res
3122 4563 3263 4637 ipsa

643 4650 739 4708 vel
784 4644 972 4709 δείξει
1017 4648 1112 4708 vel
1159 4642 1463 4728 ἀναφορᾷ
1509 4650 1895 4728 significatur,
1939 4653 2177 4709 nomine
2216 4670 2354 4710 vero
2399 4650 2471 4710 fit
2504 4654 2719 4711 relatio
2757 4651 2833 4710 ad
2873 4652 3055 4710 aliam
3090 4645 3264 4710 rem.’

647 4736 846 4814 Ipsam
901 4756 1024 4796 rem
1080 4741 1236 4798 recte
1283 4739 1603 4815 explicavit
1647 4739 1795 4815 Ska3
1860 4739 1964 4798 sed
2008 4739 2073 4799 in
2118 4740 2582 4816 interpretandis
2628 4742 2722 4802 his
2767 4740 2962 4800 verbis
3009 4735 3084 4800 τὸ
3133 4736 3265 4815 γὰρ

648 4822 1061 4900 δεικνύμενον
1125 4826 1252 4887 κτλ.
1319 4829 1607 4889 assentior
1668 4828 2206 4889 Hoerschelmanno
2257 4831 2383 4889 384
2451 4824 2635 4890 ‘Aber
2698 4849 2819 4890 was
2877 4829 3065 4889 heisst
3119 4829 3263 4889 das:

648 4912 721 4976 τὸ
777 4911 1188 4989 οεικνύμενόν
1252 4912 1376 4977 ἐετι
1436 4914 1510 4978 τὸ
1566 4913 2033 4993 ὑποκείμενονῖ
2077 4918 2183 4979 das
2228 4918 2493 4979 versteht
2536 4920 2661 4979 sich
2705 4939 2819 4980 von
2865 4919 3075 4994 selbst3
3138 4918 3250 4980 das
