3738 5530
627 402 746 470 148
1538 402 1716 457 ΠΕΡΙ
1753 398 2310 456 ΕΠῙΡΡΗΜΑΤΩΝ.

1651 513 2188 562 p.558‚7-559,33b

875 609 1016 675 εὖτ’
1060 607 1253 689 ὄρεος
1296 613 1611 691 κορυφῇςι
1656 609 1726 690 (Γ
1775 608 1880 691 10)

620 715 726 778 διὰ
769 717 887 777 τοῦ
933 715 965 776 ἑ
1009 713 1113 777 καὶ
1153 716 1272 776 τοῦ
1318 714 1355 772 U
1410 711 1722 791 γράφειν,
1775 712 1895 773 τοῦ
1953 709 2112 772 κατὰ
2167 708 2358 788 φύςιν
2414 708 2729 788 ςχήματος
2782 707 3211 776 ἀπαιτοῦντος

616 816 734 893 τὴν
780 815 884 878 διὰ
928 818 1044 878 τοῦ
1089 817 1127 891 ἦ
1174 814 1274 877 καὶ
1319 815 1355 877 ὖ
1398 811 1674 891 γραφήν.
1735 810 2043 887 ἐγένοντο
2088 811 2160 873 δὲ
2204 807 2268 873 αἱ
2312 811 2532 888 φωναὶ
2573 815 2744 893 τῇδε.
2813 813 2851 891 ἡ
2897 816 3012 893 μὲν
3057 813 3210 893 ηὗτε
3264 831 3312 870 ιο

617 916 776 980 κατὰ
817 917 893 980 τό
939 914 1190 996 ἀκριβὲς
1232 919 1350 979 τοῦ
1397 915 1597 990 λόγου
1629 912 1776 995 [ὼς]
1823 912 1904 976 οὐ
1935 911 2062 996 [δὲ]
2093 912 2200 990 μία
2243 913 2405 977 λέξις
2435 912 2600 977 ἐςτὶν
2630 912 2819 992 ἁπλῆ,
2870 915 3024 980 ἀλλ’
3055 917 3209 981 οὐδὲ

549 1046 581 1094 5
620 1019 949 1100 ςύνθετος,
995 1016 1068 1083 ἐν
1112 1016 1452 1095 παραθέςει
1485 1017 1556 1079 δὲ
1588 1018 1705 1079 τοῦ
1736 1014 1805 1078 τέ
1836 1015 2209 1091 ςυνδέςμου,
2255 1019 2374 1079 νῦν
2405 1016 3074 1096 παραπληρωματικοῦ
3105 1039 3210 1083 κα-

617 1125 946 1185 θεςτῶτος.
991 1155 1072 1166 -—
1118 1118 1208 1183 Τό
1253 1139 1326 1194 γε
1371 1119 1495 1196 μὴν
1541 1116 1683 1181 εὖτε
1729 1118 1801 1181 ἓν
1845 1115 2100 1182 ἁπλοῦν
2145 1118 2298 1194 ἐςτι,
2349 1116 2707 1195 γενόμενον
2753 1117 2980 1183 οὕτως.
3057 1139 3207 1199 χρο-

615 1221 795 1288 νικὸν
853 1220 1167 1300 ἐπίρρημα
1219 1221 1322 1284 καὶ
1375 1219 1779 1298 ἀναφορικὸν
1836 1216 1917 1295 ἦν
1978 1220 2053 1282 τὸ
2110 1217 2250 1300 ὅτε,
2306 1219 2343 1282 ὃ
2400 1220 2477 1297 δὴ
2533 1220 2916 1302 πλεοναςμῷ
2972 1225 3090 1285 τοῦ
3144 1227 3204 1303 U,
3260 1239 3310 1279 15

615 1325 777 1388 κατὰ
819 1322 1146 1400 μετάθεςιν
1191 1327 1306 1386 τοῦ
1352 1324 1391 1385 ὃ
1426 1321 1515 1385 εἰς
1556 1320 1632 1384 τὸ
1663 1322 1718 1402 ἒ,
1763 1318 1910 1384 εὖτε
1952 1319 2229 1396 ἐγένετο,
2278 1321 2493 1384 καθότι
2535 1322 2609 1385 τὸ
2646 1323 2682 1385 ῡ
2719 1320 3205 1401 ἐπεντιθέμενον

613 1429 813 1505 ψιλοῦ
859 1425 1223 1502 πνεύματος
1268 1422 1473 1487 αἴτιον
1518 1423 1785 1499 γίνεται,
1834 1420 2050 1499 ὥςπερ
2095 1421 2226 1500 ἔχει
2270 1423 2346 1486 τὸ
2394 1422 2620 1501 ἕκηλος

513 1551 611 1601 10·
867 1527 1138 1605 εὔκηλος
1183 1525 1583 1605 φορέοκτο)
1627 1524 1836 1601 (Atat.
1885 1521 2128 1585 Phaen.
2179 1544 2233 1584 v.
2285 1521 2448 1607 100).

610 1630 687 1695 τό
731 1650 800 1695 τε
845 1627 1016 1694 εὖνις
1060 1629 1236 1706 παρὰ
1277 1629 1415 1705 τὴν
1440 1624 1586 1689 ἑνός
1631 1625 2140 1704 παρωνόμαςται.
2193 1662 2264 1671 -
2312 1629 2462 1708 τῇδε
2508 1624 2643 1706 εἶχε
2688 1629 2788 1692 καὶ
2829 1629 2905 1692 τό
2950 1630 3200 1707 προκεί-
3254 1645 3307 1684 2⁰

611 1751 812 1812 μενον
856 1730 1185 1808 ἐπίρρημα.
1232 1765 1311 1774 —-
1370 1729 1521 1792 Τοῖς
1566 1726 1655 1791 εἰς
1703 1732 1793 1791 ῶς
1835 1727 2334 1806 περατουμένοις
2390 1727 2760 1808 ἐπιρρήμαςι
2814 1731 3202 1810 ςυνυπάρχει

611 1833 1006 1912 ἐπιρρήματα
1049 1831 1138 1896 εἰς
1183 1832 1224 1894 ἃ
1269 1829 1581 1910 λήγοντα,
1639 1828 1917 1893 ὀξύτονα
1959 1828 1997 1906 ἢ
2045 1829 2146 1893 καὶ
2189 1828 2284 1892 ἔτι
2341 1830 2692 1909 βαρύτονά,
2749 1832 2894 1910 περὶ
2948 1830 3043 1897 ὧν
3087 1838 3201 1896 τοῦ

609 1935 809 1999 τόνου
855 1933 1015 1998 κατὰ
1059 1934 1134 1997 τὸ
1181 1933 1322 2010 ἑξῆς
1367 1931 1698 2010 εἰρήςεται.
1776 1928 1921 1994 οἷον
1977 1936 2068 2012 τῷ
2112 1935 2372 1995 πυκνῶς
2414 1931 2785 2010 παράκειται
2837 1933 2912 1996 τὸ
2971 1936 3199 2011 πυκνά,

514 2061 575 2108 15
611 2036 774 2114 ὅπερ
819 2037 923 2100 καὶ
976 2033 1318 2113 ὁμοφωνεῖ
1361 2035 1747 2115 πληθυντικῇ
1805 2032 2056 2114 ἐκφορᾷ
2100 2031 2440 2116 οὐδετέρᾳ,
2496 2039 2587 2116 τῷ
2633 2034 2846 2098 καλῶς
2896 2036 2973 2099 τὸ
3017 2036 3201 2117 καλά,
3256 2051 3308 2089 25

607 2146 699 2223 τῷ
745 2136 1089 2201 καλλίςτιυς
1134 2136 1208 2200 τὸ
1253 2135 1585 2216 κάλλιςτα,
1631 2138 1854 2212 ςαφῶς
1901 2132 2105 2212 ςάφα,
2151 2133 2398 2210 ταχέως
2442 2134 2623 2213 τάχα.
2699 2137 2802 2200 καὶ
2848 2137 2926 2214 δὴ
2972 2143 3065 2220 τῷ
3116 2136 3207 2201 ὥς

606 2238 1051 2318 παρακείςεται
1107 2236 1183 2301 τὸ
1239 2235 1311 2316 ἅ,
1364 2239 1483 2315 τὴν
1529 2235 1730 2314 αὐτὴν
1776 2235 1937 2313 ἔχον
1982 2233 2282 2313 ςημαςίαν
2325 2241 2418 2318 τῷ
2467 2235 2587 2311 ὥς,
2645 2239 2748 2301 καὶ
2803 2239 3034 2315 ςχεδὸν
3089 2240 3204 2317 τὴν

606 2341 808 2420 αὐτὴν
854 2340 1163 2405 ςύνταξιν.
1236 2339 1315 2403 ὃν
1360 2339 1484 2416 γὰρ
1527 2338 1777 2415 τρόπον
1824 2338 1983 2400 κατὰ
2025 2337 2435 2414 πλεοναςμόν
2480 2342 2593 2416 τῆς
2637 2339 2796 2402 κατά
2837 2341 3206 2418 προθέςεως

608 2444 879 2521 λε’γομεν
924 2441 1166 2520 καθώς,
1215 2439 1387 2503 οὕτω
1432 2440 1534 2503 καὶ
1576 2438 1759 2503 καθά.
1835 2437 2003 2502 ἀλλὰ
2045 2437 2168 2517 μὴν
2214 2439 2318 2503 καὶ

504 2569 571 2617 20
863 2542 1024 2606 ὥςτε
1069 2542 1239 2606 λέων
1285 2541 1483 2619 ἐχάρη
1531 2540 1602 2623 (Γ
1647 2538 1757 2623 23)
3252 2559 3306 2598 30

604 2645 847 2728 φαμέν·
890 2649 1047 2729 τῇδε
1089 2642 1219 2722 ἔχει
1264 2643 1368 2707 καὶ
1408 2643 1485 2706 τὸ

1162 2744 1276 2810 ἅτε
1318 2744 1639 2823 παρθένος
1684 2742 1764 2828 (Χ
1815 2742 1979 2828 127).

604 2849 703 2914 ότι
748 2851 871 2929 γάρ
916 2849 1111 2914 πάλιν
1157 2848 1228 2913 ἐν
1274 2847 1413 2910 δυςὶ
1455 2845 1663 2924 μέρεςι
1711 2846 1935 2928 λόγου,
1981 2847 2180 2925 ςαφὲς
2225 2848 2328 2912 καὶ
2370 2847 2440 2912 ἐκ
2482 2852 2592 2925 τῆς
2636 2849 3056 2929 μεταλήψεως
3100 2852 3201 2914 καὶ
3236 2860 3336 2911 559

604 2956 723 3017 τοῦ
777 2952 1174 3032 πνεύματος,
1232 2947 1363 3024 εἴγε
1417 2950 1491 3012 τὸ
1537 2951 1580 3011 ἆ
1622 2949 1751 3026 πρὸ
1796 2952 1915 3011 τοῦ
1958 2950 1996 3012 ῖ·
2038 2948 2187 3012 καθ’
2243 2949 2322 3012 ἓν
2369 2949 2561 3027 μέρος
2618 2950 2820 3026 λόγου
2876 2955 3195 3035 ψιλοῦται,

500 3078 566 3126 25
603 3052 843 3136 ἀτμήν,
890 3053 1043 3133 ἄτη,
1090 3049 1346 3129 ἀτηρός.
1427 3048 1534 3131 [οὐ
1579 3051 1702 3128 μὴν
1749 3049 1943 3131 ἀλλὰ]
1985 3049 2088 3114 καὶ
2130 3051 2306 3129 παρὰ
2348 3055 2543 3114 τοῦτο
2589 3052 2665 3115 τὸ
2711 3052 2752 3115 ἅ
2797 3052 3197 3118 ἀποτελεῖται

604 3156 1037 3234 ἰωνικώτερον
1094 3152 1169 3216 τὸ
1229 3152 1302 3233 ἥ,
1358 3151 1517 3216 κατὰ
1576 3151 1930 3230 μετάληψιν
1989 3156 2103 3216 τοῦ
2161 3154 2203 3215 ἃ
2258 3151 2346 3216 εἰς
2397 3153 2472 3216 τὸ
2528 3156 2586 3230 ἦ.
2662 3154 2857 3220 πάλιν
2908 3156 3030 3233 γὰρ
3085 3161 3195 3233 τῆς

602 3256 798 3334 αὐτῆς
842 3254 1199 3321 ςυντάξεως
1243 3253 1556 3332 ἐχόμενόν
1601 3252 1725 3316 ἐςτι
1769 3253 1843 3316 τὸ

856 3357 966 3435 ἥτε
1011 3357 1242 3421 ξείνων
1287 3356 1461 3434 θέμις
1507 3355 1631 3420 ἐςτί
1682 3353 1731 3440 (ι
1776 3353 1963 3439 268),

602 3461 705 3525 καὶ
746 3460 893 3540 δίχα
936 3462 1056 3523 τοῦ
1100 3459 1169 3522 τέ
1215 3457 1567 3537 ςυνδέςμου

495 3587 564 3635 30
1261 3561 1301 3638 ἢ
1346 3559 1519 3638 θέμις
1563 3557 1726 3623 ἐςτίν
1775 3560 1850 3639 (Β
1898 3558 2039 3645 73),

738 3763 965 3817 Tus-nu.
1005 3767 1034 3815 7
1060 3760 1242 3830 Epim.
1268 3759 1355 3818 Cr.
1384 3766 1508 3826 127,
1535 3766 1600 3831 29
1638 3749 1812 3818 εὖταν
1839 3751 1993 3826 (εὖτε
2018 3777 2119 3814 ser.
2141 3760 2518 3828 RSchneider)
2546 3758 2828 3832 ἐπίρρημα
2853 3758 3060 3832 χρόνου
3087 3765 3190 3832 δη-

603 3847 864 3908 λωτικόν,
915 3846 1016 3900 καὶ
1052 3848 1276 3915 γίνεται
1314 3838 1517 3916 οῇτως·
1565 3839 1596 3899 ὁ
1634 3841 1741 3913 μὲν
1773 3840 2143 3907 Ἀπολλώνιος
2181 3843 2360 3913 λέγει,
2398 3839 2487 3900 ὅτι
2525 3841 2588 3901 ἐκ
2623 3846 2727 3901 τοῦ
2762 3837 2858 3901 ὅτε
2906 3843 3053 3914 ἐστι’,
3089 3849 3187 3903 καὶ

601 3937 944 4005 πλεονασμφ
991 3929 1095 3986 τοῦ
1142 3937 1177 3985 ὗ
1228 3923 1387 3993 οὔτε,
1434 3930 1532 3984 καὶ
1578 3927 1894 3999 μεταθέσει
1942 3929 2124 4000 τοῦδ
2170 3929 2254 3993 εἰς
2290 3937 2325 3983 ὓ
2363 3919 2512 3985 εὖτε.
2599 3933 2668 3985 of.
2713 3931 2793 3990 Et.
2832 3931 2905 3984 M.
2942 3938 3066 4000 398,
3102 3939 3186 3991 43.

596 4016 741 4071 Gud.
779 4023 908 4083 221,
946 4020 1030 4072 63.
1067 4022 1190 4078 251,
1229 4021 1295 4069 50
1333 4014 1560 4082 (Herod.
1600 4016 1623 4068 Ι
1658 4021 1784 4082 498,
1823 4022 1868 4073 1.
1926 4014 1978 4067 ΙΙ
2015 4020 2115 4069 330
2150 4013 2364 4082 Lentz).

732 4219 926 4277 Dmcn.
963 4238 1160 4279 scawr.
1230 4226 1278 4276 2.
1316 4236 1629 4274 απαιτουντ
1666 4220 1822 4273 abbr.
1862 4222 1907 4275 A
1962 4222 1972 4287 Ι
2014 4226 2060 4273 3.
2100 4221 2208 4287 τὴν
2243 4219 2358 4290 διὰ]
2395 4219 2494 4273 fol.
2533 4225 2631 4274 125
2656 4237 2707 4273 v.
2748 4223 2757 4288 Ι
2796 4227 2925 4289 post.
2956 4224 3186 4289 γραφήν

593 4320 767 4373 supra
809 4305 904 4361 lin.
951 4303 1079 4358 add.
1117 4306 1187 4359 A¹
1230 4321 1353 4357 των
1400 4322 1541 4359 κατα
1587 4322 1753 4372 φυςιν
1789 4321 2093 4372 ςχηματων
2157 4308 2166 4371 Ι
2229 4311 2278 4363 4.
2313 4310 2415 4359 τοῦ
2454 4307 2631 4370 λόγου
2667 4306 2735 4359 οὐ
2773 4307 2868 4371 μ’ία
2904 4306 3019 4373 (vel
3053 4308 3186 4361 οὐδὲ

594 4390 712 4455 μία)
749 4388 1141 4456 RSkrzeczka,
1177 4406 1282 4444 του
1318 4392 1492 4455 λογου
1529 4407 1608 4444 ως
1643 4391 1872 4455 ουδεμια
1908 4390 1979 4451 A,
2015 4391 2084 4442 τὸ
2121 4390 2295 4454 λόγου
2332 4390 2411 4444 ὡς
2448 4390 2680 4453 οὐδεμία
2714 4389 2750 4442 b
2782 4393 2791 4458 Ι
2822 4397 2869 4448 6.
2901 4392 2963 4445 δέ
2996 4396 3101 4446 τοῦ
3128 4392 3199 4462 Ι),-

591 4477 682 4529 δια
727 4491 831 4528 του
867 4475 911 4528 Α
944 4478 953 4542 Ι
984 4478 1032 4528 6.
1079 4475 1150 4528 τό
1196 4489 1261 4537 γε
1307 4473 1375 4542 b,
1422 4490 1528 4529 του
1573 4490 1637 4539 γε
1673 4474 1717 4527 Α
1751 4479 1759 4539 Ι
1790 4480 1837 4530 8.
1874 4488 1978 4541 pro
2015 4477 2157 4527 κατὰ
2202 4475 2493 4540 μετάθεςιν
2540 4474 2737 4527 scribit
2771 4477 2860 4529 καὶ
2899 4479 3185 4540 μεταθέςει

589 4558 903 4629 PEgenolff
948 4560 959 4630 Ι
1011 4563 1059 4618 9.
1115 4561 1305 4626 ψηλου
1361 4559 1405 4612 Α
1459 4559 1469 4626 1
1525 4565 1605 4613 10.
1663 4559 2044 4626 φορέοκτο),
2101 4558 2253 4625 quod
2309 4561 2394 4612 est
2446 4558 2597 4627 apud
2644 4560 2906 4624 Aratum,
2961 4559 3183 4628 scripsit

589 4643 976 4713 RSchneider‚
1016 4645 1215 4711 φορέοι
1250 4643 1343 4697 Ab
1391 4646 1400 4711 Ι
1448 4648 1527 4696 24.
1565 4647 1851 4711 ψηλουται
1887 4644 1931 4697 Α
1980 4645 1990 4710 Ι
2038 4647 2118 4697 25.
2155 4644 2368 4711 ἀτμήν,
2405 4646 2512 4711 ἄτη
2549 4642 2772 4712 scripsit
2803 4643 3177 4709 RSchneider‚

589 4729 789 4797 ἀντιην
822 4730 967 4797 ἀτην
991 4729 1112 4794 Ab,
1150 4729 1355 4796 ἀτίειν,
1382 4731 1528 4796 ἄτην
1553 4726 1777 4782 ALentz
1807 4730 1817 4796 Ι
1852 4727 2025 4781 verba
2042 4729 2112 4782 οὐ
2134 4732 2246 4794 μὴν
2265 4729 2407 4783 ἀλλὰ
2435 4727 2565 4781 hinc
2586 4727 2813 4781 sustulit
2848 4731 2908 4781 et
2930 4746 2984 4798 p.
3009 4735 3119 4793 149,
3147 4735 3178 4781 2

588 4816 719 4869 ante
766 4817 858 4868 καὶ
904 4815 1091 4868 οὕτως
1137 4813 1439 4869 collocavit
1483 4811 1707 4866 KLehre
1771 4814 1780 4880 Ι
1844 4817 1926 4866 26.
1967 4813 2349 4882 ίωνικώτερον
2393 4810 2643 4879 KLehrs,
2699 4828 2752 4865 τι
2798 4814 2997 4882 ἕτερον
3033 4814 3126 4867 Ab
3167 4817 3173 4882 1

586 4905 669 4957 27.
707 4901 822 4956 ἐςτι
861 4899 929 4967 b,
965 4915 1079 4965 εχει
1114 4901 1158 4954 Α
