3738 5530
647 350 766 414 126
1552 350 1735 402 ΠΕΡΙ
1769 349 2330 401 ΕΠΙΡΡΗΜΑΤΩΝ.

1665 474 1712 511 p.
1740 463 1832 512 5⁸5,
1858 462 1910 501 29
1936 483 1986 492 -
2012 460 2101 510 538,
2132 462 2153 499 ι
2182 460 2212 499 b

643 558 721 636 δὴ
767 557 1017 637 τρόπον
1062 536 1163 622 καὶ
1205 558 1285 622 τὰ
1329 556 1721 636 ἐπιρρήματα
1758 560 2176 637 προηγεῖςθαι
2216 558 2385 621 θέλει
2413 558 2547 621 τῶν
2593 553 2911 635 ῥημάτων.
2947 587 3025 598 --
3073 547 3240 614 Ἀλλ’
3291 572 3344 611 3ο

641 659 792 725 ἰ’ςως
835 680 930 724 τις
974 661 1195 739 φήςειε
1241 660 1588 738 διάλληλον
1634 660 1710 721 τὸ
1756 663 2075 724 τοιοῦτον.
2154 657 2252 721 «τί
2305 659 2429 737 γάρ
2485 658 2608 723 ἑςτι
2662 658 2908 734 μᾶλλον
2955 654 3242 719 ξανθὸς
3403 660 3406 667 ’

642 744 1032 840 Ἀτρείδης
1085 763 1124 839 ἢ
1173 762 1562 841 Ἀτρείδης
1615 761 1972 837 ξανθός»;
2039 761 2220 840 Πρὸς
2276 762 2356 825 ὃν
2402 759 2528 824 ἔςτι
2571 759 2804 840 φάναι,
2862 756 2960 820 ὅτι
3004 756 3108 819 καὶ
3160 754 3237 818 τὸ

638 867 937 928 τοιοῦτον
985 861 1375 942 ὑπερβατόν.
1431 866 1533 928 καὶ
1577 866 1777 945 ςαφὲς
1822 865 1937 943 μὲν
1984 862 2054 927 ἐκ
2097 867 2210 940 τῆς
2255 865 2504 940 πολλῆς
2547 862 2852 943 χρήςεως,
2899 860 3237 938 νεφελη-
3275 872 3375 923 536

571 978 602 1024 5
639 966 933 1044 γερέτα
976 965 1209 1048 Ζεύς,
1264 969 1717 1041 γλαυκῶπις
1763 965 2069 1043 Ἀθήνη,
2126 964 2535 1043 ποδάρκης
2589 968 2758 1029 δῖος
2804 963 3233 1041 Ἀχιλλεύς·

639 1065 804 1131 ἀλλὰ
859 1068 963 1130 καὶ
1018 1067 1099 1130 δι’
1155 1066 1545 1133 ἀποδείξεως
1611 1067 1737 1132 ἔςτι
1792 1068 1867 1130 τὸ
1927 1068 2228 1131 τοιοῦτον
2285 1068 2689 1146 παραςτῆςαι.
2763 1065 2904 1130 ἰδοὺ
2969 1064 3094 1143 γὰρ
3161 1063 3236 1126 τὸ

637 1167 911 1252 ἄρθρον,
957 1166 1066 1232 ὅτε
1112 1171 1226 1246 μὲν
1271 1171 1477 1249 μόνον
1524 1169 1657 1233 ἐςτὶ·
1691 1168 1767 1233 τὸ
1814 1168 2023 1250 ὄνομα
2066 1168 2105 1245 ἢ
2148 1169 2225 1232 τὸ
2272 1167 2745 1248 προςηγορικὸν
2789 1167 2829 1245 ἢ
2875 1166 2950 1230 τὸ
2993 1164 3232 1243 κύριον,
3287 1184 3313 1224 5

639 1269 987 1335 ἀκωλύτως
1029 1270 1378 1355 πρόςειςιν,
1437 1270 1475 1335 6
1533 1270 1956 1351 ἄνθρωπος
2015 1270 2498 1353 διαλέγεται,
2554 1268 2590 1334 ὁ
2640 1268 2887 1334 ἵππος
2929 1267 3232 1346 τρέχει·

642 1372 915 1451 ὁπηνίκα
987 1373 1205 1452 μέντοι
1277 1375 1352 1438 τό
1420 1374 1773 1438 ἐπιθετικὸν
1841 1373 2156 1455 ςύνεςτιν,
2232 1371 2444 1437 οὐκέτι
2515 1372 2853 1452 πρόςειςιν.
2958 1369 3038 1435 οὐ
3111 1369 3235 1448 γὰρ

540 1489 602 1537 10
641 1472 1034 1567 φήςομενδ
1089 1472 1508 1553 ἄνθρωπος
1564 1477 1886 1557 <ςεμνός
1943 1473 2438 1556 διαλέγεται,
2506 1472 2544 1537 6
2608 1472 2896 1553 ἵππος)
2953 1471 3235 1537 λευκὸς

639 1575 927 1655 τρέχει.
1002 1575 1057 1639 εἰ
1111 1577 1183 1640 δὲ
1240 1575 1707 1655 ἀποκαταςταίη
1766 1575 1852 1640 εἰς
1907 1577 2024 1640 τὸν
2082 1577 2317 1641 δέοντα
2358 1575 2564 1639 τόπον
2618 1574 2657 1652 ἡ
2703 1577 2820 1638 τοῦ
2880 1567 3246 1637 ἐπιθετικοῦ
3287 1590 3338 1628 10
3385 1559 3395 1565 ⁸

644 1677 967 1759 ςύνταξις,
1032 1679 1118 1742 τὸ
1175 1683 1517 1757 τηνικαῦτα
1570 1678 1608 1743 6
1664 1678 1861 1754 λόγος
1917 1678 2304 1753 καθίςταται,
2372 1675 2410 1740 6
2468 1676 2752 1754 ςεμνός
2807 1674 3234 1753 ἄνθρωπος

640 1778 1130 1861 διαλέγεται,
1203 1780 1241 1844 6
1308 1781 1589 1845 λευκὸς
1653 1779 1902 1844 ἵππος
1956 1780 2235 1858 τρέχει.
2298 1813 2373 1824 —
2439 1778 2604 1842 Ἐςτι
2659 1779 2731 1842 δὲ
2787 1779 2890 1842 καὶ
2945 1777 3049 1840 ἐπὶ
3102 1783 3233 1841 τῶν

587 1874 593 1885 ’
642 1879 1121 1965 ἐπιρρημάτων,
1177 1880 1232 1946 εἰ
1286 1883 1385 1947 καὶ
1440 1884 1522 1963 μὴ
1578 1881 1657 1946 δι’
1702 1881 1945 1961 ἄρθρου
1988 1880 2028 1958 ἤ
2088 1900 2264 1946 τινος
2306 1880 2612 1944 τοιούτου
2668 1879 2833 1944 ἔςτιν
2881 1879 3235 1959 ἀποδεῖξαι,

542 2007 602 2055 15
636 1981 803 2046 ἀλλὰ
859 1981 981 2048 οὖν
1037 2003 1111 2060 γε
1169 1983 1237 2048 ἐκ
1292 1987 1402 2061 τῆς
1456 1984 1616 2048 κατὰ
1671 1986 1893 2048 πεῦςιν
1956 1982 2441 2074 ἐπιρρηματικῆς
2497 1982 2864 2049 ςυντάξεως.
2939 1980 3233 2060 δεόμενοι

637 2085 760 2164 γὰρ
804 2090 939 2150 τῶν
983 2084 1281 2163 πράξεών
1327 2105 1540 2166 φαμεν
1577 2085 1804 2168 οὕτως,
1849 2087 2014 2149 πῶς
2060 2083 2440 2163 ἔγραψας;
2489 2083 2607 2147 οὐκ
2642 2082 2962 2148 ἀνάπαλιν
2994 2081 3228 2160 ἔγρα-
3283 2096 3334 2135 1⁵

639 2206 792 2265 ψας
836 2191 1026 2261 πῶς;
1071 2185 1171 2250 καὶ
1216 2185 1306 2250 ἔτι
1353 2186 1458 2251 ἐπὶ
1491 2190 1608 2251 τοῦ
1641 2191 1791 2251 ποῦ
1837 2186 2220 2265 ἀπῆλθες;
2266 2185 2393 2266 (οὐ
2438 2184 2604 2265 μὴν)
2649 2183 2996 2262 ἀπῆλθες
3040 2187 3234 2264 ποῦ,

636 2323 719 2334 -—
765 2287 831 2352 Εἰ
875 2287 947 2351 δέ
989 2308 1082 2352 τις
1129 2285 1330 2352 εἴποι·
1389 2289 1585 2354 «ἀλλ’
1643 2289 1786 2353 ἰδοὺ
1830 2289 1990 2352 κατὰ
2044 2289 2161 2366 τὴν
2206 2286 2503 2364 ἀόριςτον
2549 2287 2902 2367 προφορὰν
2957 2284 3230 2350 ὑποτάς-

639 2410 805 2454 ςεται
865 2390 944 2454 τὰ
1000 2388 1425 2469 ἐπιρρήματα,
1493 2390 1790 2470 ἔγραψέ
1838 2396 2045 2465 πως,
2113 2388 2417 2465 ἀπῆλθέ
2471 2408 2698 2471 που»,
2763 2386 2915 2452 ἴςτω
2970 2386 3066 2452 ὅτι
3126 2385 3232 2450 διὰ

534 2516 601 2563 20
636 2490 1078 2571 φυςικώτερον
1133 2491 1336 2568 λόγον
1390 2492 1464 2556 τὸ
1520 2496 1822 2556 τοιοῦτον
1880 2491 2352 2571 ὑπερεβιβάςθη.
2431 2491 2511 2553 τὰ
2573 2490 2696 2567 γὰρ
2766 2488 3226 2568 ἀοριςτούμενα
3278 2503 3331 2542 20

637 2593 948 2669 ἐγκλιτικά
992 2593 1146 2677 ἑςτι,
1203 2596 1281 2658 τὰ
1336 2596 1406 2659 δὲ
1451 2593 1801 2678 ἑγκλιτικά,
1855 2594 1966 2660 ἵνα
2020 2591 2438 2672 ἐγκλινόμενα
2492 2591 2782 2674 γένηται,
2839 2590 3232 2679 ὑποτακτικά

637 2695 819 2759 ἐςτιν.
879 2694 1301 2776 ἐπεκράτηςεν
1348 2695 1474 2775 ἄρα
1517 2696 1555 2775 ἡ
1591 2697 1805 2777 φωνή,
1852 2695 2163 2774 ἐγκλιτικὴ
2204 2693 2543 2774 γενομένη,
2590 2695 2701 2772 τῆς
2739 2693 3225 2774 ἑπιρρηματικῆς

636 2798 1008 2865 ςυντάξεως.

812 3000 923 3065 Καὶ
966 3007 1241 3067 τοςαῦτα
1293 3004 1407 3081 μὲν
1453 3005 1602 3082 περὶ
1643 3007 1756 3081 τῆς
1802 3003 2056 3069 ἐννοίας
2100 3004 2216 3066 τοῦ
2274 3000 2715 3080 ἐπιρρήματος.
2790 2999 2957 3064 Ἐπεὶ
3012 3001 3084 3065 δὲ
3128 2999 3229 3065 καί
3280 3012 3331 3052 25

536 3127 604 3176 25
639 3123 780 3168 τινα
834 3102 905 3168 ἐν
963 3102 1302 3188 ἀμφιβόλῳ
1359 3107 1693 3185 καθέςτηκε
1746 3110 1865 3170 τοῦ
1923 3104 2010 3170 εἰς
2056 3107 2134 3171 τὰ
2189 3103 2582 3184 ἐπιρρήματα
2627 3103 3228 3183 παραλαμβάνεςθαι

636 3205 675 3282 ἢ
721 3206 836 3286 μή,
887 3205 1262 3272 ἀκολούθως
1306 3209 1408 3272 καὶ
1453 3209 1594 3288 περὶ
1636 3209 1889 3273 τούτων
1938 3207 2260 3273 ςκεπτέον.

805 3408 897 3474 Οὔ
944 3430 1095 3490 φαςι
1138 3411 1214 3475 τὸ
1261 3410 1482 3492 οἴμοι
1524 3413 1564 3491 ἢ
1611 3411 1808 3493 ὤμοι
1851 3413 1925 3476 ἓν
1957 3410 2143 3495 εἶναι,
2177 3411 2245 3477 ἐκ
2275 3413 2346 3476 δὲ
2379 3410 2825 3490 ἀντωνυμικοῦ
2851 3413 2967 3474 τοῦ
2998 3408 3226 3491 <ἐ>μοί

605 3510 737 3574 ’καὶ
777 3515 896 3575 τοῦ
943 3509 1008 3574 οἵ
1050 3513 1090 3591 ἢ
1136 3513 1189 3575 ὧ
1236 3513 1700 3592 ςυντάςςεςθαι,
1758 3515 2147 3594 πειρώμενοι
2192 3518 2456 3592 πρῶτον
2514 3514 2628 3593 μὲν
2685 3512 2754 3576 ἐκ
2802 3515 2914 3589 τῆς
2971 3515 3218 3592 φωνῆς,
3270 3518 3324 3557 ³⁰

636 3612 728 3676 ὡς
793 3612 958 3678 ἔςτιν
1015 3612 1103 3679 εἰς
1167 3617 1273 3694 ,Tol
1329 3615 1849 3698 περατούμενον,
1915 3616 2017 3680 καὶ
2082 3616 2296 3679 καθότι
2361 3614 2665 3692 διακρίνει
2730 3613 3082 3691 πρόςωπον
3147 3612 3223 3676 τὸ

769 3816 983 3873 Anava.
1060 3821 1094 3868 4
1140 3815 1197 3869 id
1244 3816 1397 3884 quod
1450 3818 1510 3871 ct
1561 3834 1629 3871 ex
1681 3835 1785 3871 usu
1832 3819 1892 3872 et
1937 3834 2005 3871 ex
2052 3816 2425 3872 collocatione
2472 3815 2694 3870 articuli
2737 3813 3104 3884 intellegitur.
3159 3843 3223 3853 —-

640 3907 703 3956 13
748 3900 837 3955 Ita
880 3900 1288 3971 interrogativa.
1333 3901 1602 3956 adverbia
1644 3918 1865 3973 semper
1917 3903 2371 3971 praeponuntur;
2425 3931 2492 3941 —
2548 3907 2610 3956 18
2662 3901 2727 3952 ul:
2769 3898 3032 3953 enclitica.
3075 3899 3225 3968 post-

632 3989 937 4054 ponantur,
988 3986 1191 4039 natura
1223 3985 1336 4039 sert
1371 3985 1761 4040 encliticamm
1796 4003 2014 4041 vocum.
2054 4017 2111 4025 —
2152 3993 2220 4040 24
2255 3984 2338 4038 De
2373 3984 2442 4039 iis
2476 3984 2787 4050 vocabuIiS,
2843 3999 2989 4052 quac
3037 3983 3222 4037 sintne

633 4069 902 4124 adverbia
943 4086 1122 4124 necne
1168 4070 1475 4125 dubitatur.
1534 4102 1597 4110 —
1654 4077 1718 4125 27
1766 4073 1929 4138 Οῐμοι
1976 4074 2124 4138 ὤμοι
2170 4088 2237 4125 ex
2274 4072 2397 4136 ἐμοί
2440 4069 2770 4139 pronomine
2808 4070 2868 4123 et.
2900 4071 2955 4123 οῖ
3001 4069 3048 4122 ὦ
3096 4084 3223 4122 con·

635 4154 835 4209 flatum
862 4171 982 4210 esso
1007 4154 1230 4224 dicunt,
1257 4156 1317 4209 ct
1337 4157 1571 4227 propter
1596 4155 1789 4223 finem,
1827 4155 1888 4211 et
1908 4157 2061 4225 quod
2085 4174 2212 4210 cum
2236 4171 2351 4209 una.
2372 4154 2558 4225 prima
2579 4169 2823 4223 persona
2847 4153 3222 4222 coniungitur.

769 4344 963 4397 D1scn.
1005 4362 1205 4399 semp-r.
1277 4350 1324 4403 2.
1362 4361 1511 4400 εςτιν
1547 4346 1590 4400 Α
1623 4347 1633 4412 Ι
1662 4350 1710 4398 9.
1750 4344 2018 4400 επιθετικ·
2052 4342 2211 4401 abbr.
2251 4346 2294 4399 A
2325 4345 2335 4412 Ι
2374 4344 2659 4410 πρόςειςιν
2693 4342 2757 4409 b,
2796 4358 3090 4410 προςεςτιν
3125 4341 3168 4395 Α
3213 4343 3218 4408 ξ

638 4437 716 4485 10.
751 4434 1055 4497 ανθρωπος
1099 4430 1157 4482 in
1194 4428 1306 4483 fine
1342 4445 1534 4483 versus
1569 4429 1628 4482 in
1664 4431 1734 4495 A;
1770 4428 2059 4495 lacunam,
2109 4429 2266 4484 cuius
2309 4427 2529 4481 nullum
2572 4427 2633 4481 'm
2668 4430 2711 4484 A
2751 4426 3078 4496 vestigium,
3126 4442 3220 4479 cx·

633 4515 814 4584 plevilz
846 4513 883 4568 b
947 4520 961 4582 Ι
1024 4521 1102 4571 14.
1138 4516 1329 4582 αρθρό
1368 4515 1411 4569 Α
1477 4515 1488 4583 Ι
1556 4518 1815 4568 16.“αλλα
1851 4532 1955 4569 ουν
1990 4518 2060 4579 Α,
2099 4515 2223 4568 ἀλλ’
2256 4514 2361 4569 οὖν
2384 4512 2421 4566 b
2488 4516 2497 4582 Ι
2562 4517 2764 4569 πεθςιν
2806 4514 2874 4566 A¹
2898 4512 2963 4579 b,
3001 4527 3222 4565 πευςεις

635 4614 774 4654 corr.
811 4602 888 4654 Ax
943 4600 953 4666 Ι
1010 4605 1088 4657 17.
1126 4640 1139 4652 .
1178 4644 1191 4657 .
1227 4638 1241 4653 .
1279 4600 1529 4666 ἀπῆλθες
1566 4602 1639 4664 A,
1684 4598 1946 4654 lacunam
1994 4598 2247 4668 explevit
2278 4598 2342 4668 b3
2390 4614 2493 4667 pro
2538 4599 2606 4652 οὐ
2643 4600 2755 4664 μὴν
2788 4598 2831 4651 L
2866 4595 3042 4650 habet
3075 4597 3220 4662 οὐχι,

633 4685 820 4739 nescio
857 4701 928 4738 an
966 4701 1035 4739 ex
1069 4684 1393 4738 coniectura
1419 4689 1429 4752 Ι
1459 4685 1597 4754 ποῦ]
1639 4683 1734 4737 fol.
1777 4689 1872 4738 117
1897 4701 1940 4736 r.
1975 4688 2098 4750 148.
2137 4700 2436 4751 προφοραν
2472 4682 2700 4736 madore
2725 4682 2840 4736 fere
2867 4697 3028 4736 evan.
3053 4679 3112 4732 in
3137 4681 3180 4734 A
3211 4679 3218 4747 1

634 4775 718 4823 27.
766 4786 893 4837 περι
936 4786 1041 4823 του
1087 4771 1240 4836 οιμοὶ
1283 4788 1318 4837 η
1365 4786 1510 4835 ωμοι
1544 4768 1831 4838 inscriptio
1867 4768 2094 4826 maiusc.
2133 4770 2176 4823 A
2243 4770 2252 4825 Ι
2313 4773 2420 4822 τοῦ
2464 4767 2588 4834 ἐμοί
2623 4766 2717 4821 vel
2750 4772 2855 4821 τοῦ
2893 4765 3017 4833 ἐμοί
3053 4767 3088 4832 ἢ
3128 4782 3222 4831 μοι

635 4851 1106 4922 GFSchoemann,
1141 4860 1246 4910 τοῦ
1286 4854 1378 4920 μοί
1413 4854 1506 4911 Ab
