3738 5530
588 367 1033 424 Commentarius
1062 369 1292 424 criticus
1320 370 1380 424 et
1407 369 1728 439 exegeticus
1754 369 1816 423 in
1843 368 2133 438 Apollonii
2159 368 2389 439 Dyscoli
2417 369 2628 441 scripta
2654 369 2889 425 minora.
2967 370 3094 436 125

476 538 609 611 alii3
669 538 740 596 cf.
778 537 1122 597 ALudwioh
1169 538 1244 597 ad
1289 538 1343 596 h.
1383 539 1451 614 l.;
1494 537 1853 615 WCKayser
1906 541 1970 597 in
2025 538 2237 598 Philol.
2276 539 2481 598 XVIII
2530 542 2690 614 6923
2747 538 2837 599 La
2895 539 3093 599 Roche

475 627 529 685 h.
570 625 641 685 U.
684 628 809 685 277
833 645 947 704 sq.;
993 627 1451 687 Ameis-Hentze
1495 626 1756 705 Anhang
1806 630 1905 687 19.

657 718 803 789 100,
824 718 909 777 30
957 711 1224 795 εἴρηται]
1272 737 1439 794 pron.
1479 718 1717 793 3s‚13;
1762 716 1905 776 Ahr.
1944 717 2109 776 diall.
2147 717 2209 776 H
2258 719 2379 777 261
2434 713 2579 794 ‘cmc-5
2624 717 2786 777 haud
2831 718 3009 778 dubie
3057 737 3093 777 a

474 804 697 865 Doride
741 825 860 865 non
908 806 1167 865 alienum
1213 801 1380 865 erat'.
1464 807 1650 865 Miror
1692 806 2051 866 Ahrensium
2093 826 2210 866 non
2259 807 2548 867 adducere
2593 810 2807 867 testem
2853 807 2996 885 Ap.:
3040 810 3092 866 is

475 895 633 953 enim
677 893 868 954 dicere
915 895 1155 955 omnino
1201 914 1320 955 non
1364 900 1568 975 posset
1612 890 1888 967 ε(υζυγεῖ
1915 943 1928 956 .
1959 943 1973 956 .
2019 892 2284 976 Δωρικῇ
2330 898 2407 976 τῇ
2456 892 2576 972 ἁμέ
2623 894 2723 957 καὶ
2769 892 2927 972 ὑμέ’,
2975 898 3093 957 nisi

477 980 598 1059 εφέ
642 986 841 1060 ipsum
885 1003 1122 1061 quoque
1168 984 1383 1044 doricis
1430 985 1635 1045 formis
1683 985 2114 1046 adnumeraret.

659 1075 804 1148 101,
828 1078 857 1132 1
927 1071 1120 1149 φαεὶν
1181 1069 1652 1154 ἀποκεκόφθαι]
1720 1073 1945 1135 Contra
2000 1074 2114 1152 Ap.
2177 1071 2298 1151 εφέ
2356 1075 2597 1152 plenam
2654 1076 2910 1135 formam
2968 1094 3093 1137 esse

473 1181 822 1240 persuasum
859 1163 1040 1222 habet
1072 1182 1239 1240 pron.
1274 1166 1376 1239 99,
1398 1167 1463 1238 93
1509 1164 1841 1223 Buttmann
1877 1164 2061 1224 Lexil.
2099 1163 2131 1222 I
2170 1166 2251 1224 59
2293 1160 2414 1240 εφέ
2460 1184 2532 1224 ex
2567 1160 2746 1240 (φωὲ
2793 1166 3093 1224 concisum

475 1270 601 1312 esse
646 1252 1008 1328 suspicatum
1052 1252 1195 1312 Lob.
1235 1253 1348 1312 En.
1387 1253 1417 1311 I
1457 1255 1584 1314 335
1633 1271 1874 1313 causam
1920 1253 2187 1331 ampliat.
2264 1252 2350 1313 Cf.
2381 1253 2654 1331 GMeyer,
2690 1275 2776 1332 gr.
2808 1252 2906 1314 Gr.
2942 1257 3090 1314 414.

657 1433 862 1505 101‚2
911 1426 1026 1509 ψέ]
1072 1430 1216 1490 Ahr.
1265 1432 1427 1490 dian.
1474 1431 1536 1490 Π
1585 1433 1729 1491 261.

658 1522 862 1597 101,3
907 1513 1098 1599 ἄεφε]
1146 1521 1289 1580 Ahr.
1327 1521 1492 1580 dian.
1529 1520 1561 1578 I
1601 1523 1756 1597 1253
1801 1522 1936 1581 Mei.
1974 1521 2007 1580 I
2045 1522 2172 1582 167
2220 1514 2387 1605 ((ιῑιὶΐ·ι
2429 1522 2894 1599 prothetischem
2934 1515 3046 1604 εἶ’).

655 1609 710 1668 b.
768 1610 1110 1670 Possessiva
1159 1611 1730 1686 101,6-113,16.

658 1703 712 1758 1.
769 1700 859 1759 De
905 1718 1016 1759 usu
1062 1719 1266 1759 eorum
1309 1702 1582 1760 universe
1627 1700 1970 1777 disputatur
2020 1701 2586 1776 101,6-105,30.

656 1781 725 1870 α)
772 1790 855 1847 In
885 1792 1353 1865 possessivorum
1397 1791 1583 1849 locum
1630 1808 1745 1864 per
1788 1807 1985 1850 omnes
2030 1807 2204 1850 casus
2248 1792 2520 1851 sub-stimi
2555 1795 2808 1864 possunt
2845 1792 3094 1865 yenetivi

470 1879 871 1952 personalium
922 1879 1204 1938 inclinati.
1259 1911 1334 1921 —
1390 1878 1539 1939 Cum
1592 1882 1749 1939 omni
1784 1881 2115 1954 possessivo
2168 1881 2363 1953 forma
2415 1881 2680 1940 vocabuli
2734 1882 2885 1949 eius,
2941 1881 3094 1955 quod

466 1985 804 2041 possesswm
847 1970 1085 2037 indicat,
1133 1970 1435 2028 convenire
1478 1970 1633 2038 solet,
1681 1986 1812 2028 ewm
1852 1971 2110 2043 yenebivo
2153 1986 2273 2028 non
2318 1971 2592 2029 convenit.
2678 1968 2876 2043 Quare
2920 1987 3093 2044 quae-

477 2075 698 2131 eunque
742 2057 1026 2117 voeabula
1071 2076 1204 2117 eam
1236 2075 1506 2132 possesso
1549 2076 1670 2117 non
1714 2060 2084 2127 conveniant,
2143 2076 2327 2133 neque
2361 2061 2719 2133 pronomina
2762 2076 2948 2133 neque
2990 2076 3092 2119 no—

464 2150 639 2205 mina
681 2148 1018 2221 possessiva
1062 2149 1405 2222 accnpienda
1448 2151 1611 2216 sunt,
1666 2149 1768 2207 sed
1803 2165 1920 2222 pro
1960 2149 2239 2222 yenetivis
2272 2150 2643 2222 possessoris.
2697 2180 2773 2190 —
2822 2147 2917 2207 Ne
2962 2150 3094 2223 qwis

475 2238 674 2295 credat
704 2237 966 2310 possessi
1005 2255 1191 2311 yenus
1225 2238 1483 2296 indicavi
1515 2239 1865 2312 pronomine
1890 2240 2236 2311 possessivo,
2273 2240 2631 2312 possessoris
2664 2254 2786 2297 non
2818 2238 3090 2297 indicari.

473 2325 635 2384 Nam
669 2328 1028 2401 possessoris
1062 2343 1323 2400 persona
1355 2345 1466 2403 per
1498 2327 1697 2403 ipsum
1741 2328 2139 2402 possessivum
2174 2328 2656 2387 dmonstralione
2690 2328 2781 2386 vel
2814 2328 3094 2387 relatione

473 2416 663 2489 maqis
697 2416 976 2487 definitur
1020 2434 1201 2492 quam
1245 2434 1499 2492 persona
1542 2416 1814 2492 possessi.
1892 2415 1974 2474 Et
2007 2415 2110 2475 ubi
2145 2434 2417 2492 persons„
2462 2416 2547 2476 ibi
2590 2417 2860 2493 profecto
2906 2435 3092 2495 genus

476 2503 755 2563 definiizur
795 2505 941 2578 101,
964 2507 1244 2580 6-102,
1264 2507 1321 2564 4.
1417 2503 1500 2563 Of.
1549 2507 1705 2580 synt.
1757 2498 2408 2587 149‚16-—158‚5.*)

656 2596 801 2669 101,
824 2596 859 2651 7
918 2588 1012 2655 ὧν
1067 2589 1197 2673 καὶ]
1255 2588 1349 2653 ὧν
1401 2590 1518 2654 τὰ(
1571 2593 1852 2672 Egenolff
1891 2594 1921 2652 I
1970 2596 2114 2653 841.
2207 2594 2379 2663 Quod
2437 2595 2633 2655 nescio
2694 2613 2771 2653 an
2830 2613 2951 2654 non
3012 2597 3094 2654 sit

472 2682 869 2759 probandumt,
915 2703 1056 2742 nam
1099 2686 1247 2760 puto
1290 2683 1404 2760 Ap.
1442 2682 1656 2759 dicere,
1701 2684 1996 2760 quaedam
2041 2683 2114 2742 de
2160 2683 2496 2744 discrimine
2542 2684 2985 2762 primitivorum
3030 2687 3093 2744 et

472 2776 938 2849 possessivorum
984 2774 1168 2833 eriam
1215 2776 1394 2833 anbes.
1437 2775 1676 2851 prolata
1721 2792 1861 2833 esse.

656 2866 857 2937 101,7
910 2858 1274 2942 ἐξεθέμεθα]
1320 2882 1487 2939 pron.
1530 2865 1735 2937 14,14
1757 2880 1841 2939 sq.
1920 2862 2006 2922 cf.
2046 2862 2224 2923 Prisc.
2263 2863 2379 2922 ΧΠ
2419 2866 2454 2923 7
2504 2883 2561 2940 p.
2602 2865 2751 2938 580,
2775 2865 2855 2923 16
2879 2882 2965 2942 sq.

656 2954 862 3027 101,8
910 2954 983 3012 cf.
1031 2955 1185 3029 synt.
1229 2954 1453 3027 62,13.
1506 2954 1775 3028 158‚16.

657 3045 907 3118 101,12
952 3037 1164 3121 ἡμῶν]
1222 3041 1378 3102 νῶιν
1432 3042 1713 3120 Egenolff
1750 3042 1783 3100 I
1829 3043 1975 3100 841.
2067 3041 2418 3103 Necessaria
2470 3042 2616 3102 haec
2670 3044 2926 3102 mutatio
2971 3062 3092 3102 non

475 3148 599 3190 esse
654 3130 914 3207 videtur,
971 3131 1115 3206 quia
1168 3131 1545 3209 grammatici
1600 3124 1681 3213 (v.
1729 3131 1909 3191 schol.
1957 3125 2159 3213 Hom.)
2209 3133 2531 3191 sexcenties
2585 3133 2794 3191 formis
2839 3132 3092 3209 pluralis

475 3222 728 3279 utuntur
771 3220 847 3280 ad
894 3222 1115 3281 formas
1161 3221 1356 3280 dualis
1403 3219 1808 3296 explicandas3
1855 3221 1927 3279 cf.
1970 3239 2136 3296 pron.
2181 3222 2326 3297 108,
2350 3223 2405 3279 6.

657 3311 1252 3385 101,13-105,22
1302 3310 1372 3368 cf.
1422 3309 1601 3370 Prisc.
1648 3309 1766 3369 XII
1815 3312 1896 3369 19
1945 3330 2002 3386 p.
2044 3311 2583 3385 588‚1-589,8;
2645 3330 2812 3387 pron.
2865 3312 2968 3386 68,
2990 3313 3089 3370 23.

482 3401 750 3474 103‚27.
804 3402 1037 3474 104,6;
1084 3402 1239 3475 synt.
1292 3401 1437 3472 160,
1460 3402 1514 3458 9.
1568 3401 1836 3474 161,20.
1890 3392 2271 3479 162,18.**)
2323 3402 2589 3473 171,12.

657 3491 803 3564 101,
830 3491 908 3548 15
960 3489 1031 3549 ef.
1072 3488 1250 3547 Prisc.
1289 3488 1437 3546 XIII
1475 3490 1511 3546 6
1559 3508 1616 3564 p.
1657 3491 1717 3562 4,
1738 3490 1795 3547 4.

657 3580 905 3653 101,17
956 3572 1344 3655 ὁμοιοειδήε]
1384 3577 1697 3637 Aristoteli
1743 3576 2047 3637 abiudicat
2083 3578 2388 3637 Torstrick
2434 3579 2497 3636 in
2534 3577 2746 3638 Phflol.
2777 3578 2894 3637 XII
2933 3580 3090 3654 5183

474 3667 694 3745 legitur
732 3670 930 3727 autem
967 3666 1127 3743 apud
1168 3667 1319 3726 alios
1356 3668 1670 3743 scriptores
1717 3667 2112 3744 posteriorum
2147 3669 2482 3743 temporum
2519 3660 2602 3749 (ν.
2633 3667 2834 3743 Steph.
2865 3661 3084 3749 Thes).

656 3759 803 3832 101,
826 3759 906 3815 22
947 3750 1378 3834 ἀνομοείδεια]
1419 3751 1740 3830 ὁμοείδεια
1779 3756 1910 3815 adv.
1947 3757 2092 3830 165,
2113 3757 2224 3830 23ς
2263 3751 2646 3831 ἀνομοειδήε
2673 3756 2882 3816 Iambl.
2908 3758 3087 3833 Myst.

478 3846 581 3919 33,
601 3847 715 3920 343
759 3846 924 3905 Eust.
964 3845 1032 3903 n.
1073 3848 1178 3920 41,
1200 3846 1311 3920 25,
1357 3841 1654 3919 ὁμοειδής
1700 3848 1853 3922 synt.
1897 3847 2045 3920 203,
2068 3847 2165 3904 17.
2219 3847 2365 3920 220,
2387 3848 2487 3906 27.

657 3936 803 4010 101,
825 3937 1147 4009 23—102,
1167 3936 1207 3992 4
1256 3935 1329 3994 cf.
1366 3934 1548 3994 Prisc.
1586 3934 1703 3993 XII
1744 3936 1911 3995 19—-
1922 3937 2005 3994 20
2051 3954 2108 4010 p.
2150 3935 2298 4010 580,
2321 3936 2644 4009 20-581,
2667 3936 2722 3993 8.
2775 3936 2921 4009 588,
2944 3938 3085 4011 9sq.

596 4073 603 4084 .
660 4026 804 4098 102,
838 4027 873 4082 2
924 4020 1011 4084 ὡς
1059 4019 1393 4102 εφὲτεροε]
1442 4019 1541 4094 oc,
1590 4020 1900 4100 (φέτεροε
1945 4024 2224 4083 Hoersch.
2266 4025 2411 4100 376.

655 4101 719 4194 β)
764 4114 1103 4173 Possessiva
1135 4117 1204 4172 ut
1241 4116 1633 4187 genetivorum
1666 4115 2090 4187 personalium,
2137 4117 2422 4187 quaten-us
2457 4116 2874 4186 possessionem
2909 4117 3087 4188 siqni-

471 4205 680 4276 fi'eant,
735 4205 1024 4262 notionem
1066 4203 1347 4271 indmmt,
1401 4206 1489 4262 ita
1531 4221 1651 4262 non
1694 4204 2039 4264 derivantur
2080 4204 2202 4263 nisi
2246 4219 2287 4261 a
2337 4204 2631 4277 yenebivis.
2722 4199 2784 4261 A
2830 4200 3088 4277 (φωίν

469 4295 727 4367 yenetivo
772 4293 971 4352 (baalis
1026 4294 1225 4351 leniae
1266 4310 1445 4366 pers„
1500 4296 1566 4351 ul
1618 4311 1720 4366 qm
1763 4310 1988 4366 semper
2031 4294 2110 4352 sil
2153 4293 2471 4361 encliticas,
2516 4294 2916 4366 possessivum
2967 4310 3088 4351 non

476 4383 781 4450 deseendit,
829 4384 971 4456 qaia
1016 4383 1091 4440 ab
1138 4382 1411 4441 enelilieis
1454 4382 1603 4441 nihil
1646 4382 1948 4442 derivatur
1999 4384 2145 4456 102,
2168 4383 2401 4441 5-13.

657 4472 861 4545 102,5
902 4472 973 4531 cf.
1021 4474 1175 4547 synt.
1219 4471 1487 4546 158,16.

656 4561 861 4634 102,6
909 4555 1308 4638 προείρηται]
1356 4579 1521 4636 pron.
1566 4561 1799 4636 101‚8;
1844 4561 1916 4620 cf.
1956 4559 2171 4620 Herod.
2211 4560 2243 4617 Ι
2289 4561 2560 4634 478,14.

653 4802 701 4871 Ι“)
739 4804 881 4872 synt.
925 4807 1044 4870 155,
1065 4806 1133 4855 23
1172 4804 1262 4856 διὰ
1297 4805 1398 4870 τῆς
1444 4803 1682 4857 ευνόδου
1717 4808 1820 4857 τοῦ
1858 4803 2106 4871 ῥήματος
2149 4804 2217 4857 τὸ
2265 4802 2751 4870 ἀμφιβαλλόμενον
2786 4806 2888 4871 τῆς
2927 4819 3088 4871 μετα-

477 4873 699 4940 λήψεωε
737 4916 750 4928 .
781 4918 792 4929 .
823 4875 1222 4941 καταετήεει,
1262 4873 1424 4926 scrib.
1464 4875 1943 4941 καταετήεεται.

625 4945 700 5016 ¹⁸⁸)
734 4945 834 4999 ubi
870 4962 972 5015 pro
1008 4948 1044 5012 ἡ
1083 4947 1145 5000 δὲ
1189 4949 1293 5013 τῆ(
1336 4950 1555 5014 γενικῆς
1602 4950 1863 5015 κτητικῆς
1910 4947 2156 5000 εύνταξιε
2202 4948 2291 5000 καὶ
2335 4947 2407 5000 τὰ
2449 4949 2553 5013 τῆ(
2599 4947 2843 5015 κτήεεω(
2890 4962 3086 5014 ςυμμε-

476 5017 755 5073 τατίθεται
790 5016 1091 5088 legendum
1127 5018 1216 5072 est
1249 5019 1286 5086 ἡ
1326 5018 1387 5072 δὲ
1423 5021 1525 5085 τῆς
1563 5022 1824 5088 κτητικῆς
1861 5019 2009 5073 εύντ.
2076 5019 2242 5073 κατὰ
2277 5019 2349 5074 τὰ
2384 5021 2486 5087 τῆς
2523 5035 2571 5074 κ.
2606 5034 2649 5074 c.
