3738 5530
552 290 994 349 Commentarius
1022 291 1252 348 criticus
1278 293 1339 347 et
1365 290 1687 363 exegeticus
1714 291 1774 349 in
1802 290 2094 362 Apollonii
2121 291 2352 362 Dyscoli
2380 292 2595 363 scripta
2620 293 2854 349 minora.
2930 294 3058 359 247

625 464 771 539 245,
803 464 882 524 16
945 464 1211 542 suspicor
1269 462 1643 523 intercidisse·
1703 457 2017 523 αἰτιώδεει
2071 456 2278 541 (κατὰ
2339 458 2616 542 φωνὴν)
2672 458 3060 539 ἑπιρρήμαει,

443 554 512 614 cl.
553 555 706 629 synt.
751 553 896 629 158,
920 555 957 611 8
1003 548 1043 627 ἥ
1092 569 1184 614 τι(
1232 548 1449 630 (ἐμοῦ)
1497 548 1575 613 οὐ
1623 548 1827 627 μόνον
1884 548 2150 613 δύναται
2196 548 2384 613 κατὰ
2443 550 2710 628 φωνὴν
2766 550 3059 628 ευνεμπί-

438 658 628 704 πτειν
675 637 842 702 ἀλλὰ
888 638 990 703 καὶ
1038 638 1118 703 ἐν
1163 643 1250 722 τῇ
1298 637 1644 704 ευντάξει
1689 642 1767 722 τῇ
1814 638 1979 702 κατὰ
2022 638 2140 716 τὴν
2187 640 2415 716 κτῆειν,
2467 644 2529 702 et
2571 642 2681 702 AO
2727 642 2759 701 I
2807 645 3058 720 151,16

439 724 577 814 (qui
632 732 797 793 locus
851 733 974 791 iam
1029 750 1211 809 supra
1266 732 1486 791 allatus
1532 731 1865 791 doctrinam
1909 730 2023 807 Ap.
2071 722 2260 812 sapit)
2307 726 2434 792 ἔετι
2480 728 2555 792 δὲ
2602 726 2916 807 ἐπίρρημα
2960 729 3063 793 καὶ

439 818 783 896 εύνδεεμοε
820 816 1011 881 κατὰ
1047 818 1316 897 φωνὴν
1355 815 1886 895 ευνεμπίπτοντα.
1947 820 2228 898 Egenolff
2256 820 2288 879 I
2326 822 2472 881 847.
2518 821 2577 879 V
2608 823 2733 881 139
2762 817 2879 899 <ἑν
2906 817 3060 897 ὁμο-

441 907 663 990 φωνίᾳ
711 904 915 989 εἶναι)
968 910 1064 971 vel
1118 904 1617 988 <παρακεῖεθαι>
1671 911 1765 969 vel
1810 905 1933 988 (τὸ
1977 906 2457 990 παρακεῖεθαι>;
2518 910 2677 987 quod
2722 911 2774 971 si
2826 911 3063 988 probas,

436 1002 475 1060 l.
520 1002 600 1060 15
650 998 1099 1075 (υνεμπεεοῦει
1145 999 1415 1059 deleatur
1460 1017 1693 1059 necesse
1740 1002 1845 1059 est.

620 1091 768 1164 246,
789 1090 826 1150 5
893 1084 972 1149 τὸ
1037 1086 1152 1164 μὲν
1217 1088 1336 1149 νῦν
1403 1082 1805 1168 [scribendum
1867 1090 2000 1148 erat
2059 1082 2223 1168 ν’Τν]
2292 1082 2430 1149 οὐδ’
2490 1083 2664 1149 ὄλωε
2726 1084 3063 1165 ὁμοφωνεῖ

438 1172 586 1261 (νῦν
634 1198 768 1238 cum
821 1173 942 1239 νύν
998 1179 1161 1239 vocis
1217 1196 1361 1238 sono
1416 1197 1537 1238 non
1580 1197 1823 1256 prorsus
1879 1169 2213 1259 convenit),
2272 1171 2331 1238 εἴ
2373 1193 2448 1250 γε
2493 1173 2777 1239 πάντοτε
2824 1176 2939 1254 μὲν
2985 1176 3062 1240 τὸ

439 1264 756 1343 ἐπίρρημα
811 1264 918 1328 διὰ
973 1262 1093 1328 δύο
1141 1269 1177 1325 i.
1216 1287 1264 1327 e.
1312 1264 1587 1343 χρόνων,
1648 1267 1904 1328 duarum
1955 1286 2258 1329 morarum
2303 1270 2421 1343 est3
2475 1262 2734 1342 χρόνων
2781 1270 2888 1327 aut
2931 1287 3061 1329 ver-

434 1359 646 1418 borum
704 1357 901 1417 ordini
955 1356 1359 1432 inserendum,
1420 1360 1527 1417 aut
1572 1350 1772 1439 (cuius
1817 1376 1960 1418 usus
2007 1357 2342 1434 exemplum
2395 1376 2514 1417 non
2558 1348 2817 1439 reperio)
2864 1360 3062 1417 mente

441 1447 842 1524 supplendum
887 1450 1006 1523 est,
1064 1448 1137 1505 cf.
1183 1447 1222 1505 l.
1265 1448 1347 1506 24
1404 1441 1689 1521 ἀόριετοι
1744 1442 2079 1523 προφοραί
2136 1443 2331 1524 (velut
2372 1437 2569 1527 πως),
2614 1443 2693 1507 τὸ
2736 1442 2943 1507 πλέον
2989 1443 3061 1508 ἐν

441 1533 707 1613 χρόνοιε
752 1532 928 1597 δυεὶν
975 1531 1315 1607 ἐγκλιτικαὶ
1359 1532 1717 1612 γενόμεναι.
1809 1535 1981 1607 Quod
2015 1536 2250 1596 Bekker
2295 1537 2357 1596 et
2390 1534 2733 1595 ALudwich
2776 1526 2870 1616 (in
2904 1535 3059 1595 Ann.

438 1627 555 1686 litt.
595 1625 726 1686 Jen.
771 1627 941 1685 1879
988 1645 1046 1703 p.
1089 1626 1215 1684 224
1271 1628 1709 1703 proposuerunt
1762 1621 1869 1686 διὰ
1924 1621 2045 1687 δύο
2100 1623 2138 1685 ν
2193 1624 2288 1684 vel
2341 1623 2436 1696 ιΤν,
2494 1642 2700 1685 verum
2756 1643 2882 1685 esse
2941 1644 3061 1685 non

436 1718 664 1794 potest:
709 1733 850 1774 nam
896 1715 1079 1774 etiam
1124 1713 1424 1792 expletiva
1468 1710 1587 1776 νύν
1624 1714 1905 1776 scribitur
1938 1710 2046 1776 διὰ
2080 1709 2201 1775 δύο
2237 1711 2331 1785 W,
2379 1732 2566 1791 eaque
2602 1714 2795 1775 forma
2829 1714 3063 1791 plenior

437 1808 530 1866 est
575 1824 755 1882 quam
799 1798 905 1876 νύ;
962 1806 1166 1881 itaque
1210 1803 1345 1881 Ap.,
1398 1805 1451 1863 si
1496 1804 1606 1865 hoc
1651 1800 1757 1865 διὰ
1803 1800 1924 1865 δύο
1968 1802 2048 1865 ν-ν
2093 1804 2454 1882 scripsisset,
2497 1822 2745 1882 pergere
2789 1823 2910 1864 non
2954 1823 3059 1882 po·

429 1893 648 1955 tuisset
682 1889 721 1955 ὁ
764 1891 838 1955 δὲ
885 1889 1227 1970 εύνδεεμοε
1266 1886 1420 1975 (scil.
1450 1889 1570 1954 νύν
1615 1885 1724 1976 νύ)
1763 1889 1842 1954 οὐ
1889 1888 2151 1955 πάντως
2196 1887 2604 1976 (nequaquam
2648 1894 2772 1953 scil.
2803 1893 3058 1954 duarum

426 2003 730 2045 morarum
775 1975 918 2065 est)·
1011 1980 1115 2044 καὶ
1162 1978 1216 2044 εἰ
1261 1982 1459 2044 τοῦτο
1506 1975 1695 2065 (quod
1741 1984 1793 2043 si
1837 1983 1929 2044 ita
1974 1985 2091 2059 est,
2144 1985 2214 2042 ut
2259 1975 2407 2066 est),
2464 1977 2544 2042 οὐ
2587 1977 2852 2045 πάντως
2897 1978 3053 2059 ὁμο·

428 2072 642 2150 φωνεῖ
688 2065 1097 2155 (nequaquam
1140 2074 1303 2134 vocis
1350 2090 1495 2134 sono
1542 2064 1866 2155 congruit).

611 2165 757 2238 246,
791 2165 828 2223 9
895 2158 1226 2238 εύνδεεμοι
1283 2158 1595 2241 παραπλ.]
1658 2157 1891 2239 ‘utique
1956 2165 2097 2223 sunt
2159 2163 2602 2223 coniunctiones
2666 2157 3052 2239 expletivae'3

428 2247 687 2329 ‘utique’
733 2253 963 2313 omittit
1005 2254 1076 2312 ut
1119 2251 1357 2329 saepius
1404 2245 1781 2328 ‘interdum'3
1826 2251 1905 2311 ad
1951 2271 2118 2330 pron.
2161 2253 2220 2327 8,
2244 2253 2522 2312 12-17,

616 2343 869 2417 246,10
915 2336 1019 2402 ἐπὶ
1064 2339 1181 2417 μὲν
1217 2340 1335 2401 τοῦ
1375 2336 1544 2420 βίου]
1593 2335 1680 2400 ‘in
1716 2335 2311 2420 sermone-vulgari'3
2356 2340 2434 2400 ad
2479 2360 2647 2418 pron.
2690 2341 2917 2417 23,18.
2983 2341 3055 2402 In

427 2432 699 2508 exemplo
746 2432 934 2491 allato
981 2429 1327 2491 adverbium
1373 2430 1615 2507 aliquod
1660 2431 2051 2506 intercidisse,
2094 2431 2347 2491 fortasse
2382 2425 2623 2510 (πως),
2669 2431 3057 2492 manifestum

425 2524 549 2597 θείς
608 2521 679 2582 cf.
728 2520 877 2581 coni.
926 2522 1072 2596 249,
1092 2521 1176 2580 23
1234 2514 1378 2581 οἶόν
1431 2514 1489 2579 τ’
1541 2514 1707 2581 ἐετὶν
1763 2514 1854 2581 εἰ(
1906 2518 1984 2582 τὸ
2035 2518 2336 2582 τοιοῦτον
2389 2516 2782 2595 παραθέεθαι
2840 2515 3055 2581 πάντα

424 2605 513 2671 τὰ
568 2606 723 2685 μέρη
780 2608 899 2670 τοῦ
956 2606 1158 2682 λόγου
1214 2604 1286 2671 ἔν
1341 2624 1457 2670 τιει
1514 2604 1860 2682 ευντάξεει,
1918 2604 2185 2686 μάλιετα
2241 2604 2373 2670 ὑπὸ
2432 2608 2758 2684 ποιητικῆς
2819 2603 3052 2683 ἀδείας,

422 2695 892 2763 πλεονάζοντα.

608 2792 758 2865 246,
781 2790 1043 2850 12-20
1089 2808 1244 2866 quae
1288 2790 1534 2850 voculae
1581 2809 1652 2849 ex
1694 2788 1808 2866 Ap.
1856 2790 2152 2851 sententia
2195 2788 2558 2866 redundent,
2601 2788 2779 2850 facile
2824 2789 3053 2869 perspi-

425 2881 614 2956 citur3
658 2880 729 2940 cf.
769 2879 951 2940 schol.
988 2880 1045 2938 A
1092 2877 1169 2938 ad
1214 2873 1272 2940 Ξ
1315 2880 1459 2937 143.

607 2970 758 3044 246,
780 2969 861 3029 25
924 2964 996 3029 ἐν
1055 2964 1193 3029 boel
1251 2962 1538 3047 χρόνοις]
1599 2970 1669 3027 ut
1722 2967 1872 3028 duas
1927 2985 2124 3029 moras
2183 2968 2555 3045 contineant,
2613 2971 2722 3028 aut
2776 2971 3053 3046 secretas,

421 3054 610 3130 πότέ,
658 3060 766 3118 aut
808 3057 873 3117 in
918 3056 1213 3135 syllabam
1257 3058 1499 3134 longam
1543 3059 1901 3134 contractas,
1946 3048 2102 3118 πῶἶ.

606 3164 664 3222 η.
714 3142 949 3222 Χάριν
984 3148 1216 3208 videtur
1249 3147 1493 3207 eandem
1526 3148 1648 3207 vim
1683 3147 1895 3207 habere
1928 3151 2101 3222 atque
2136 3141 2360 3208 ἕνεκα
2394 3148 2739 3217 coniunctio,
2781 3148 2885 3209 sed
2919 3165 3052 3210 con-

418 3240 737 3299 emmone
779 3254 902 3297 non
933 3254 1189 3312 prorsus
1232 3254 1366 3297 cum
1410 3254 1481 3297 ea
1524 3239 1802 3298 convenit.
1891 3236 2061 3298 Licet
2103 3239 2259 3297 enim
2291 3253 2411 3313 pro
2456 3231 2677 3312 χάριν
2732 3233 2915 3314 ἐμοῦ
2961 3238 3052 3300 di-

419 3346 551 3389 cere
597 3322 823 3388 ἕνεκα
870 3322 1077 3403 ἐμοῦ,
1122 3343 1240 3401 pro
1287 3320 1509 3403 χάριν
1556 3321 1740 3402 ἐμήν
1784 3342 1907 3386 non
1952 3326 2081 3388 licet
2122 3327 2311 3388 dicere
2358 3321 2580 3387 ἕνεκα
2626 3322 2825 3402 ἐμήν.
2920 3328 3053 3403 Qua

419 3436 494 3479 ex
538 3435 602 3478 re
646 3416 970 3492 colliyimus
1016 3409 1238 3492 χάριν
1284 3433 1404 3477 esse
1447 3417 1846 3477 accusativum
1897 3416 2248 3477 substantivi
2298 3417 2597 3477 subtracta
2643 3409 2750 3477 eie
2796 3434 3051 3492 praepo-

415 3508 648 3576 sitione,
690 3509 814 3567 sive
857 3524 991 3566 cwm
1022 3508 1374 3581 pronomine
1408 3508 1736 3580 possessivo
1771 3507 1894 3565 sive
1933 3524 2067 3566 cum
2105 3507 2365 3581 yenativo
2401 3507 2758 3566 construam·
2796 3507 2943 3582 246,
2966 3508 3047 3566 28

423 3597 792 3670 -247,21.
888 3593 975 3655 Of.
1023 3597 1170 3656 coni.
1215 3595 1449 3671 231,6;
1503 3594 1642 3655 Her.
1690 3595 1722 3654 I
1770 3595 1978 3671 516,8
2026 3590 2230 3670 χάριν,
2276 3593 2465 3669 δηλοῖ
2507 3590 2631 3669 γὰρ
2679 3591 2798 3656 οὐκ
2841 3589 3051 3669 ὄνομα

431 3682 660 3760 μόνον,
707 3680 875 3745 ἀλλὰ
919 3680 1023 3744 καὶ
1069 3680 1415 3758 εύνδεεμον
1463 3679 1911 3756 αἰτιολογικόν,
1971 3680 2158 3759 χάριν
2203 3680 2463 3745 Δίωνος
2508 3679 2652 3744 ἀντὶ
2694 3684 2813 3744 τοῦ
2861 3679 3049 3745 ἕνεκα

424 3770 711 3835 Δίωνος.
755 3774 1028 3833 Ammon.
1061 3776 1174 3849 813
1214 3773 1488 3833 Eustath.
1522 3776 1671 3850 841,
1692 3775 1791 3833 37.
1831 3775 1935 3833 42.
1979 3775 2170 3850 1040,
2190 3774 2290 3834 43.
2348 3771 2520 3852 Greg.
2552 3771 2683 3833 Cor.
2714 3773 2815 3833 32.
2862 3772 3048 3853 Uhljg

418 3864 512 3924 ad
558 3863 754 3923 DThr.
797 3864 880 3923 93
916 3862 1091 3938 med.,
1139 3864 1221 3923 94
1259 3862 1410 3922 med.

615 3953 761 4028 246,
783 3953 866 4013 33
924 3947 1102 4027 παρὰ
1155 3947 1272 4013 τὸν
1319 3946 1686 4031 Εὐριπίδην]
1745 3952 1817 4012 cf.
1865 3950 1997 4013 adv.
2049 3952 2254 4027 156,1
2312 3971 2448 4013 cum
2494 3952 2723 4028 adnot.;
2775 3950 2927 4012 Bast
2970 3952 3048 4012 ad

425 4040 604 4120 Greg.
644 4040 771 4102 Cor.
805 4042 918 4117 323
962 4041 1193 4120 Uhligii
1230 4043 1292 4101 et
1325 4039 1764 4103 Wachsmuthii
1808 4043 2233 4103 correctionem
2266 4040 2484 4119 probat
2520 4040 2802 4120 Egenolff
2829 4041 2861 4100 I
2900 4042 3045 4102 839.

614 4133 762 4207 247,
785 4134 816 4190 1
879 4126 1137 4191 ‘unibat
1192 4125 1271 4191 οὐ
1326 4129 1515 4191 edidit
1566 4129 1820 4207 Bekker,
1873 4125 2074 4192 παῖδά
2128 4146 2242 4191 εου
2287 4131 2528 4191 Bestius
2583 4132 2647 4190 in
2692 4129 2867 4209 Greg.
2916 4129 3046 4191 Cor.

422 4242 490 4299 p.
513 4222 619 4295 32,
656 4220 815 4297 quod
849 4220 1151 4298 praefer-03
1188 4220 1388 4298 agitur
1427 4222 1586 4280 enim
1626 4219 1697 4280 de
1724 4220 1964 4299 Aeropa
2001 4223 2063 4280 et
2095 4219 2279 4281 verba
2313 4223 2454 4281 sunt
2482 4214 2773 4298 Nauplii'.
2817 4219 3043 4280 Nauck.

605 4311 754 4385 247,
775 4312 812 4369 6
863 4305 1021 4386 ἐμοῦ
1068 4304 1256 4384 χάριν
1301 4328 1419 4370 non
1458 4309 1738 4370 abhorret
1768 4328 1811 4369 u
1846 4309 2205 4371 Graecorum
2251 4309 2693 4386 consuetudine,
2738 4311 2810 4369 cf.
2839 4309 3045 4386 Eurip.

413 4400 642 4460 Phoen.
676 4400 802 4460 762
850 4398 1090 4459 Kirchh.
1138 4393 1322 4474 τρέφ’
1370 4393 1561 4461 ἀξίω(
1615 4413 1716 4459 νιν
1762 4398 1877 4460 (οῦ
1922 4414 1993 4460 τε
2037 4394 2157 4473 τήν
2212 4394 2266 4460 τ’
2314 4395 2472 4474 ἐμὴν
2518 4394 2725 4476 χάριν.
2800 4397 3043 4459 Lucian.

414 4490 576 4549 Tim.
619 4491 700 4549 26
741 4487 855 4549 (οῦ
894 4484 1097 4550 αὐτοῦ
1135 4482 1338 4564 χάριν.
1395 4488 1678 4548 Themist.
1708 4506 1789 4547 or.
1819 4487 2024 4548 XXIII
2059 4509 2116 4565 p.
2149 4489 2275 4548 287
2302 4488 2374 4565 03
2408 4488 2576 4549 Phal.
2607 4508 2698 4566 ep.
2732 4488 2843 4564 153
2880 4487 3042 4548 Suid.

410 4599 463 4640 s.
498 4599 555 4639 v.
594 4573 778 4653 ἐμήν·
852 4574 1010 4654 ἐμὴν
1056 4573 1244 4653 χάριν
1284 4573 1685 4639 ευντάεεεται
1724 4571 1865 4638 ἀντὶ
1901 4576 2019 4638 τοῦ
2066 4573 2224 4654 ἐμοῦ
2271 4574 2458 4654 χάριν
2502 4573 2681 4653 παρὰ
2701 4572 3044 4639 Πλάτωνι.

409 4668 605 4728 Koen.
645 4667 733 4729 ad·
769 4666 942 4746 Greg.
983 4666 1113 4727 Cor.
1153 4668 1255 4728 32.

604 4759 750 4833 247,
772 4760 809 4817 9
849 4753 1044 4818 οὐδὲν
1080 4753 1297 4832 μέντοι
1333 4755 1615 4817 κωλῦον
1651 4752 1754 4817 καὶ
1784 4751 1992 4836 <κατὰ
2026 4751 2141 4817 τὰ(
2170 4751 2392 4831 ἑτέρα(
2429 4750 2795 4835 ευντάξειε)
2825 4756 3040 4816 Matth.

408 4848 445 4908 I
481 4847 584 4907 69.
619 4848 718 4906 74.
796 4847 932 4906 Iure
978 4846 1124 4907 haec
1170 4846 1468 4923 superflua
1514 4865 1637 4908 esse
1682 4847 1830 4906 dicit
1874 4845 2156 4925 Egenolff
2184 4846 2271 4905 IV
2309 4848 2411 4907 49.
2495 4845 2583 4907 cf.
2619 4850 2930 4907 comment.
2969 4847 3043 4907 de

408 4937 535 5014 Ap.
572 4938 830 4996 consuet.
