3738 5530
673 356 758 419 48
1601 355 1783 406 ΠΕΡΙ
1820 353 2327 406 ΑΝΤΩΝΤΜῙΑΣ.

1547 460 2391 513 p.60(320)B2—68(32³)139b

671 559 1004 624 ςύνθετος·
1048 560 1166 624 τὸν
1211 560 1335 636 γὰρ
1379 558 1614 622 ἑαυτοῦ
1659 558 1838 622 ἔκυςε
1886 560 2100 622 παῖδα.
2178 554 2330 620 ὅθεν
2361 554 2556 630 τινές,
2604 555 2796 619 πάλιν
2828 554 3256 632 ἀγνοήςαντες

671 661 747 723 τὸ
792 661 1236 740 μεταβατικόν,
1281 662 1358 725 τὸ

925 760 1084 826 αἴτει
1129 762 1185 825 δ’
1232 760 1474 825 οἰωνὸν
1519 761 1653 827 ἑὸν
1698 760 2054 837 ἄγγελον
2095 760 2178 841 (Ω
2223 758 2378 841 292)

668 864 1182 944 μεταγράφουςιν
1239 864 1329 927 εἰς
1383 865 1459 928 τὸ
1515 864 1758 939 ταχὺν
1817 862 2197 938 ἄγγελον,
2254 862 2292 938 ἢ
2352 862 2468 925 τὸν
2525 859 2825 937 ἀγαθὸν
2871 860 3259 939 ἐκδέχονται.

604 990 634 1036 5
671 966 772 1028 καὶ
815 965 919 1028 ἐπὶ
963 968 1235 1043 θηλυκῆς

922 1069 1038 1131 τὸν
1082 1070 1296 1132 ξεῖνον
1340 1068 1689 1147 πέμπωμεν
1737 1066 1850 1145 ἑὴν
1897 1066 1962 1129 ἐς
2007 1067 2282 1144 πατρίδα
2324 1067 2512 1142 γαῖαν
2561 1066 2624 1143 (ν
2668 1063 2799 1144 52).

671 1169 827 1248 φαςί
869 1169 939 1232 δὲ
984 1170 1084 1232 καὶ
1126 1170 1243 1236 τὸν
1275 1169 1682 1248 Ἀρίςταρχον
1715 1167 2001 1247 ἀςμένως
2030 1168 2147 1247 τὴν
2179 1168 2438 1246 γραφὴν
2481 1171 2598 1231 τοῦ
2629 1167 3027 1246 Δικαιάρχου
3058 1186 3259 1244 παρα-

556 1302 561 1308 ·
670 1271 982 1337 δέξαςθαι·
1032 1269 1133 1353 (ἐν
1177 1271 1300 1349 γὰρ
1346 1269 1617 1336 ἁπάςαις
1660 1270 1740 1349 ἦν
1785 1271 1861 1334 τὸ
1891 1272 1977 1352 (Γ
2022 1269 2175 1349 244)

972 1372 1043 1455 ἑῇ
1090 1372 1161 1436 ἐν
1205 1372 1456 1451 πατρίδι
1498 1373 1673 1455 γαίῃ)
2151 1436 2160 1443 .

574 1496 634 1543 10
670 1473 1087 1554 ὑπολαβόντα
1142 1475 1218 1539 τὸ
1281 1474 1510 1552 ἑαυτῆς
1568 1477 1843 1539 νοεῑςθαι
1900 1474 1970 1538 ἐκ
2025 1477 2142 1538 τοῦ
2197 1474 2301 1556 ἑῇ,
2360 1473 2513 1538 δέον
2571 1473 2763 1538 πάλιν
2822 1475 3028 1553 ψιλῶς
3073 1494 3257 1552 μετα-
3296 1476 3338 1528 C

671 1575 1031 1656 λαμβάνειν.
1121 1579 1323 1654 δῆλον
1370 1574 1490 1640 οὖν
1538 1574 1628 1639 ὡς
1670 1576 1747 1640 τὸ

974 1678 1113 1743 ἀλλ’
1158 1678 1267 1758 ἐμὲ
1311 1678 1507 1757 θυμὸς
1553 1677 1748 1754 ἀνῆκε
1792 1678 2224 1758 πολυτλήμων
2269 1676 2636 1756 πολεμίζειν

971 1779 1188 1857 θάρςεῖ
1231 1780 1285 1863 ᾧ
1331 1780 1410 1861 (Η
1462 1778 1613 1862 152)

672 1882 1050 1961 ἀμφίβολον.
1103 1881 1194 1958 ,εἰ
1235 1884 1361 1960 γὰρ
1407 1880 1495 1946 εἰς
1539 1880 1750 1958 ἁπλῆν
1796 1883 2373 1962 μεταληφθήςεται,
2432 1881 2601 1945 ἔςται
2645 1880 2683 1945 ὁ
2729 1883 2976 1958 θυμὸς
3022 1878 3259 1958 ἀνῆκέ

573 2002 635 2050 15
670 2004 755 2063 με
799 1989 902 2068 τῷ
947 1983 1262 2048 ἐκείνου
1307 1983 1574 2062 θάρςει
1619 1986 2034 2065 πολεμεῖν,
2092 1983 2254 2061 ὅπερ
2310 1984 2505 2048 πάλιν
2551 1983 2621 2047 ἐν
2669 1982 2947 2061 διαβάςει
2992 1985 3260 2046 νοεῖται·

673 2084 841 2149 εἰδὲ
888 2084 975 2150 εἰς
1021 2085 1359 2167 ςύνθετον,
1416 2084 1747 2162 γενήςεται
1791 2091 1895 2168 τῷ
1943 2084 2236 2149 ἑαυτοῦ
2290 2085 2557 2163 θάρςει
2602 2082 2842 2161 ἀνῆκέ
2887 2104 2972 2163 με
3017 2085 3257 2148 πολε·
3299 2089 3440 2139 61Α

671 2189 872 2270 μεῖν,
917 2188 1018 2251 καὶ
1063 2188 1140 2253 τὸ
1188 2185 1355 2265 ῥῆμα
1399 2186 1468 2250 ἐκ
1510 2188 1623 2263 τῆς
1666 2189 1919 2264 γενικῆς
1964 2185 2334 2267 ἀπήρτηται.
2423 2186 2661 2265 ὁμοίως
2705 2186 2806 2250 καὶ
2848 2187 2926 2250 τὸ

978 2288 1231 2366 Νέςτωρ
1276 2286 1478 2369 φάςχ’
1523 2286 1561 2351 ὁ
1605 2287 1848 2366 γέρων,
1897 2288 2001 2352 ὅτ’
2045 2287 2533 2369 ἐπιμνηςαίμεθα
2578 2292 2745 2368 ςεῖο,

975 2389 1134 2455 οἷςιν
1180 2389 1278 2455 ἐνὶ
1320 2389 1683 2468 μεγάροιςιν
1733 2390 1795 2469 (δ
1845 2388 2027 2468 191)..

566 2510 634 2558 20
670 2491 724 2557 εἰ
767 2493 839 2556 δὲ
882 2491 991 2570 μή,
1048 2490 1139 2557 εἰς
1180 2490 1391 2569 ἁπλῆν
1436 2492 1553 2570 τὴν
1597 2490 1814 2556 αὐτοῦ.
1872 2528 1954 2539 -
2012 2491 2221 2557 οὕτως
2277 2491 2410 2571 εἶχε
2456 2492 2557 2555 καὶ
2599 2493 2674 2556 τὸ
2720 2490 2792 2555 ἐν
2839 2490 3261 2570 Ἰςθμιονίκαις

667 2593 1003 2672 Πινδάρου
1047 2592 1152 2677 (fr.
1206 2594 1231 2654 1
1286 2590 1580 2676 Boeckh)

972 2694 1268 2759 Αἰολίδαν
1313 2696 1386 2758 δὲ
1433 2695 1710 2776 (ίςυφον
1755 2696 2029 2761 κέλοντο

974 2797 1027 2879 ᾧ
1073 2799 1252 2861 παιδὶ
1296 2797 1703 2878 τηλέφαντον
1750 2797 1930 2878 ὄρςαι
1975 2800 2166 2878 γέρας

973 2897 1396 2981 ἀποφθιμένῳ
1446 2899 1826 2984 Μελικέρτᾳ·
3295 2903 3342 2953 Β

568 3015 634 3062 25
670 3005 759 3082 τῷ
803 3000 927 3077 γὰρ
973 3000 1151 3063 παιδὶ
1193 3004 1305 3078 τῆς
1349 3000 1568 3069 Ἰνοῦς.
1670 3001 1864 3065 πάλιν
1920 3001 2045 3079 γὰρ
2102 3000 2164 3065 οἱ
2220 2999 2548 3068 ἀξιοῦντες
2592 3000 2679 3065 εἰς
2727 3000 3029 3065 ςύνθετον
3077 3019 3259 3079 μετα-

672 3102 1014 3181 λαμβάνειν
1058 3102 1177 3178 τὴν
1222 3101 1455 3165 ἑαυτοῦ
1469 3150 1487 3184 ,
1531 3107 1781 3181 Ζητοῦςι
1825 3103 1944 3168 τίνι
1988 3102 2366 3168 ἀκολουθῶν
2399 3102 2680 3181 (ιςύφου
2710 3102 2851 3167 υἱὸν
2882 3102 3083 3167 αὐτὸν
3115 3100 3261 3181 ἔφη.

671 3202 731 3266 οἱ
777 3205 849 3267 δὲ
898 3206 1315 3283 βαρυτονοῦςι
1358 3203 1433 3266 τὸ
1480 3203 1533 3266 ὣ
1579 3204 1930 3288 Δωρικῶς,
1985 3204 2321 3284 δεχόμενοι
2366 3203 2510 3269 ἀντὶ
2552 3207 2674 3273 τοῦ4
2717 3202 2840 3285 ὥς,
2885 3203 3125 3281 ὁμοίως
3167 3209 3260 3284 τῷ

841 3305 893 3367 ὥ
925 3324 993 3368 τε
1026 3308 1316 3383 χερνᾶτις
1336 3306 1503 3382 γυνὰ
1525 3305 1720 3370 οὐδὲν
1752 3306 2248 3385 προμαθιωμένα
2277 3303 2420 3389 (lyr.
2445 3324 2540 3389 gr.
2567 3303 2693 3369 111⁸
2708 3326 2771 3387 p.
2801 3303 2965 3367 1359
2989 3302 3260 3388 Bergk)-

806 3487 989 3546 D1scn.
1038 3506 1234 3542 semp-r.
1310 3496 1354 3543 1.
1394 3506 1590 3544 εκυςεν
1628 3492 1670 3546 Α
1735 3494 1745 3555 Ι
1810 3493 1980 3545 πάλιν
2024 3491 2427 3559 ἀγνοήςαντας]
2473 3490 2569 3544 fol.
2627 3495 2720 3543 162
2740 3508 2783 3544 r.
2845 3493 2857 3556 Ι
2922 3494 2974 3543 5.
3012 3491 3261 3557 θηλυκῆς

671 3571 1058 3638 RSkrzeczka,
1108 3573 1420 3640 αἰτιατικῆς
1457 3574 1551 3628 Α1)
1622 3577 1631 3641 Ι
1692 3574 2126 3644 ‘Exspectabam
2170 3575 2284 3629 tale
2322 3574 2616 3643 quiddam:
2667 3576 2758 3628 καὶ
2793 3575 2888 3628 ἑτι-ἰ
2923 3574 3261 3639 αἰτιατικῆς·

669 3657 795 3710 τὸν
832 3661 1062 3711 ξεῖνον
1098 3685 1161 3695 -
1198 3662 1417 3720 γαῖαν.
1489 3660 1581 3712 καὶ
1624 3660 1718 3714 ἐπὶ
1755 3662 2007 3727 δοτικῆς·
2056 3661 2128 3728 ἑῇ
2178 3660 2250 3713 ἐν
2295 3660 2573 3728 πατρίδι
2617 3660 2789 3727 γαίῃ.
2870 3660 3003 3725 φαςὶ
3039 3660 3100 3713 δὲ
3136 3661 3258 3711 κτλ.

671 3741 777 3794 Vel
820 3741 919 3794 sic:
981 3744 1073 3794 καὶ
1128 3742 1197 3794 τὸ
1245 3743 1319 3810 ἑῇ
1366 3742 1438 3795 ἐν
1482 3744 1761 3811 πατρίδι
1807 3745 1984 3813 γαίῃ.
2057 3745 2148 3797 καὶ
2201 3744 2293 3797 ἐπὶ
2350 3743 2659 3811 αἰτιατικῆς
2718 3747 2860 3798 κτλ.’
2919 3741 3206 3796 AFNaeke
3250 3745 3257 3811 Ι

671 3832 719 3884 6.
756 3828 1073 3892 πέμπωμεν
1107 3825 1144 3878 b
1181 3825 1483 3892 HomeruS,
1522 3845 1822 3895 πεμπομεν
1846 3829 1889 3882 Α
1958 3835 1966 3893 Ι
2033 3833 2202 3884 7-8,
2238 3829 2644 3895 παραδέξαςθαι
2669 3829 2733 3894 1),
2774 3828 3138 3882 αναδεξαςθαι
3173 3829 3215 3882 Α
3249 3829 3255 3894 Ι

671 3917 720 3968 9.
767 3913 832 3980 ἑῇ
878 3912 941 3965 ἐν
987 3910 1213 3977 πατρίδι
1257 3911 1386 3979 γαίῃ
1424 3911 1462 3965 1)
1498 3909 1557 3964 in
1595 3928 1711 3970 var.
1750 3912 1897 3976 leet„
1940 3914 2041 3979 ἑὴν
2078 3913 2133 3966 ἐς
2171 3913 2414 3980 πατρίδα
2447 3930 2576 3980 γαιη
2621 3912 2696 3966 id.
2733 3913 2791 3966 in
2827 3915 3014 3978 textu,
3062 3930 3164 3979 εην
3200 3929 3260 3967 ες

674 3997 915 4063 πατριδα
950 4011 1117 4062 γαιην
1152 3996 1197 4049 Α
1246 3996 1256 4062 Ι
1316 4002 1390 4050 10.
1429 3996 1633 4063 ἑαυτῆς
1669 3995 1991 4063 AFNaeke,
2029 3998 2233 4052 ἑαυτοῦ
2270 3998 2361 4053 Α1)
2425 4000 2435 4063 Ι
2502 3999 2565 4066 ἑῇ
2603 3997 2665 4064 1),
2706 4013 2793 4064 εηι
2830 4000 2872 4053 Α
2945 4003 2953 4065 Ι
3018 4003 3096 4050 12.
3133 3997 3262 4051 ἀλλ’

673 4081 772 4146 ἐμὲ
808 4080 844 4132 b
889 4077 1193 4146 HomeruS,
1249 4083 1393 4137 αλλα
1431 4097 1498 4147 με
1536 4083 1578 4136 Α
1644 4083 1652 4148 Ι
1718 4098 1929 4149 ανηκεν
1965 4082 2007 4135 Α
2076 4086 2084 4150 Ι
2153 4088 2231 4138 14.
2268 4099 2479 4150 ανηκεν
2516 4099 2583 4148 με
2611 4083 2653 4137 Α
2719 4083 2727 4146 Ι
2798 4087 2875 4140 16.
2912 4098 3124 4149 ανηκεν
3161 4084 3203 4137 Α
3247 4083 3256 4152 Ι

675 4170 756 4220 17.
793 4164 1132 4234 ἀπήρτηται]
1173 4162 1350 4219 ‘Corn
1392 4165 1625 4219 fortasse
1662 4166 2066 4234 ἀπηρτήςεται’
2105 4166 2142 4220 b
2177 4167 2237 4220 in
2273 4183 2388 4220 var.
2426 4166 2557 4220 lect.
2598 4167 2607 4234 1
2649 4172 2729 4225 18.
2767 4167 2943 4233 φάςχ’
2982 4165 3046 4230 b,
3083 4167 3261 4232 φαςκ’

669 4250 714 4303 Α
780 4249 789 4314 Ι
858 4254 936 4302 19.
984 4247 1088 4305 ‘Cf.
1125 4248 1196 4302 de
1233 4247 1469 4317 Syntaxi
1503 4265 1560 4317 p,
1603 4256 1724 4316 156,
1765 4257 1843 4304 10.
1916 4250 2080 4305 Unde
2116 4251 2492 4322 intelligenda
2534 4251 2594 4305 et
2626 4250 3079 4305 reconcinnanda
3111 4251 3257 4312 sunt,

671 4348 817 4400 quae
854 4333 1046 4387 statim
1081 4332 1424 4387 inferuntur’
1461 4333 1499 4387 b
1534 4333 1594 4386 in
1629 4350 1746 4391 var.
1783 4334 1915 4392 leet.
1948 4339 1957 4391 1
1988 4341 2069 4389 20.
2106 4335 2155 4390 εἰ
2189 4337 2250 4390 δὲ
2287 4337 2363 4403 μή
2397 4334 2787 4402 RSkrzeozka,
2837 4334 2886 4389 εἰ
2919 4336 2981 4388 δὲ
3017 4335 3086 4389 οὐ
3124 4334 3216 4389 Α1)
3248 4337 3255 4404 Ι

670 4434 819 4484 ειχεν
838 4421 881 4473 Α
914 4420 923 4486 Ι
955 4419 1327 4482 Ἰςθμιονίκαις
1354 4419 1412 4482 1),
1452 4422 1787 4484 ιςθμιονκαις
1806 4420 1851 4473 Α
1891 4424 1901 4485 Ι
1943 4425 2024 4472 22.
2049 4420 2308 4475 Αἰολίδαν
2331 4422 2394 4475 δὲ
2418 4421 2480 4486 1),
2518 4422 2726 4475 αιολιδ’
2759 4421 2892 4474 ανδε
2914 4420 2956 4474 Α
2983 4421 2990 4488 Ι
3015 4425 3098 4474 24.
3121 4421 3261 4474 ἀπο-

669 4504 925 4572 φθιμένῳ
951 4503 987 4557 1)
1036 4503 1340 4568 ABoeckh,
1379 4506 1733 4569 επιφθιμενω
1761 4507 1833 4569 Α,
1872 4505 2128 4573 φθιμένῳ
2163 4506 2308 4573 synt.
2338 4510 2452 4571 156,
2481 4510 2544 4560 16
2574 4508 2584 4574 Ι
2614 4510 2695 4559 25.
2720 4521 2828 4572 γαρ
2856 4505 2999 4570 οιΑ,
3037 4506 3144 4572 γὰρ
3178 4504 3216 4557 b
3247 4506 3255 4574 Ι

667 4593 751 4644 27.
789 4592 1187 4656 βαρυτονουςιν
1213 4590 1255 4643 Α
1288 4589 1297 4654 Ι
1329 4588 1377 4641 ὣ
1413 4585 1798 4654 RSchneider,
1838 4590 1886 4658 ᾧ
1924 4588 1989 4656 1),
2029 4605 2078 4642 ω
2112 4590 2178 4643 ut
2202 4589 2429 4643 videtur
2451 4591 2496 4644 Α
2529 4592 2539 4653 Ι
2568 4591 2647 4645 ὥς
2671 4588 3055 4657 RSchneider,
3096 4591 3174 4644 ὡς
3201 4587 3259 4656 1),

671 4687 750 4727 ως
788 4673 830 4727 Α
861 4675 871 4740 Ι
900 4679 984 4728 28.
1022 4675 1069 4727 ὥ
1104 4689 1168 4727 τε
1204 4673 1270 4740 1),
1310 4688 1444 4726 ωιτε
1470 4674 1540 4737 Α,
1580 4675 1693 4727 ὥτε
1717 4672 2054 4737 HLAhren3‚
2092 4673 2207 4728 ὧτε
2242 4672 2515 4744 ThBergk
2544 4676 2555 4742 Ι
2585 4677 2841 4742 χερνᾶτις
2866 4674 2902 4727 b
2939 4672 3262 4727 HLAhrens

669 4755 973 4827 'I‘hBergk‚
1009 4774 1266 4825 χερνιτης
1304 4759 1347 4811 Α
1395 4760 1404 4824 Ι
1454 4760 1893 4824 προμαθιωμὲνα
1927 4756 2229 4827 ThBergk‚
2268 4775 2380 4826 προ
2418 4763 2761 4825 μαθιουμενα
2792 4758 2914 4823 ΑΙ),
2953 4761 3261 4826 προμαθιο-

671 4842 811 4907 μένα
847 4839 1186 4908 HLAhrens3
1226 4840 1482 4894 Alcmani
1518 4859 1741 4896 ventum
1776 4842 1979 4896 tribuit
2011 4842 2350 4910 HLAhrens,
2387 4842 2725 4912 Epicharmo
2759 4841 3034 4912 ThBergk
