3738 5530
570 403 699 466 240
1377 373 1383 379 ’
1517 403 1698 454 ΠΕΡΙ
1738 403 2214 458 mmmmm.

1587 525 1630 565 1».
1658 515 1748 562 506,
1782 515 1827 553 io
1851 532 1905 543 -
1929 513 2020 563 508,
2049 515 2099 552 ⁴25
2126 514 2157 551 b

829 607 881 671 ὦ
935 608 1146 688 Κίρκη,
1192 608 1282 673 τίς
1326 610 1450 686 γὰρ
1496 608 1732 687 ταύτην
1780 606 1940 672 ὁδὸν
1984 607 2425 688 ἡγεμονεύςει;

829 710 917 775 εἰς
962 710 1177 775 Ἄϊδος
1222 711 1297 774 δ’
1341 710 1421 775 οὔ
1466 711 1570 774 πώ
1613 730 1707 774 τις
1751 709 2022 791 ἀφίκετο
2068 709 2133 794 (κ
2177 709 2490 791 501-2)·
2586 719 2593 726 ’

573 810 627 875 ὦ
667 813 936 891 Κίρκη,
969 811 1079 877 εἰς
1111 813 1373 876 Ἄϊδος
1403 813 1485 876 δὲ
1518 810 1610 875 οὔ
1640 811 1760 876 πώ
1792 831 1907 875 τις
1940 810 2306 893 ἀφίκετο·
2335 813 2446 876 τίς
2477 813 2619 891 γὰρ
2648 813 2942 892 ταύτην
2974 814 3166 880 ὁδὸν

573 914 708 991 ἡγε
726 934 912 995 μονε
930 913 1010 978 ύς
1027 934 1124 986 ει;
1172 914 1456 993 Τρύφων
1482 911 1955 998 (p.4OVela-1en)
1981 914 2197 993 μέντοι
2217 916 2406 994 φηςὶν
2429 914 2535 979 ἐπὶ
2557 920 2672 980 τοῦ
2695 916 2998 981 τοιούτου
3024 937 3165 983 ςυν-
3218 934 3269 972 20

505 1032 538 1079 5
579 1017 844 1095 δὲςμους
888 1016 1485 1098 ἀντιπαρειλῆφθαι,
1530 1016 1645 1079 τὸν
1689 1015 1811 1094 γάρ
1857 1015 2000 1080 ἀντὶ
2041 1021 2161 1081 τοῦ
2206 1018 2278 1081 δέ
2318 1016 2562 1081 καὶτὸν
2595 1018 2666 1082 δέ
2698 1017 2839 1082 ἀντὶ
2866 1022 2986 1082 τοῦ
3016 1019 3166 1099 γάρ·

572 1118 687 1182 τίς
729 1119 809 1182 δὲ
850 1118 1151 1197 ταύτην
1194 1120 1330 1196 τὴν
1363 1117 1559 1184 ὁδόν
1595 1117 2137 1199 ἡγεμονεύςει;
2185 1118 2293 1183 εἰς
2322 1121 2584 1188 Ἄϊδος
2614 1120 2758 1197 γὰρ
2790 1119 2879 1183 οὔ
2910 1121 3023 1184 πώ
3054 1142 3164 1186 τις

573 1218 930 1299 ἀφίκετο.
975 1220 1078 1284 καὶ
1122 1219 1240 1285 οὐκ
1285 1219 1451 1286 ἔςτιν
1497 1220 1807 1298 ἀςύνηθες
1850 1221 1969 1284 τὸν
2015 1221 2086 1284 δέ
2132 1219 2220 1286 εἰς
2262 1221 2534 1300 τὸνγάρ
2565 1222 3162 1301 μεταλαμβάνεςθαι.

827 1322 1013 1403 βέλος
1058 1321 1127 1386 δ’
1172 1322 1260 1386 εἰς
1306 1322 1668 1403 ἐγκέφαλον
1713 1326 1789 1386 δῦ
1838 1323 1918 1401 (Θ
1962 1321 2109 1406 85)·

573 1422 744 1487 αἰτία
787 1423 911 1502 γάρ
957 1423 1082 1487 ἐςτι
1126 1429 1243 1489 τοῦ
1290 1424 1697 1503 ἀναπαλῆναι
1740 1424 1856 1487 τὸν
1900 1423 2127 1489 ἵππον.
3214 1441 3266 1481 25

474 1542 539 1590 10
839 1526 1152 1607 θάμβηςεν
1200 1526 1268 1591 δ’
1310 1526 1629 1607 Ἀχιλεύς,
1674 1527 1831 1603 μετὰ
1875 1524 1944 1589 δ’
1987 1526 2315 1608 ἐτράπετ’,
2362 1526 2584 1592 αὐτίκα
2629 1527 2699 1591 δ’
2744 1529 2913 1605 ἔγνω

829 1627 1129 1692 Παλλάδ’
1175 1627 1542 1710 Ἀθηναίην,
1588 1628 1781 1692 δεινὼ
1828 1627 1900 1691 δέ
1946 1626 2005 1691 οἱ
2052 1627 2193 1693 ὄςςε
2240 1629 2534 1707 φάανθεν
2580 1630 2655 1710 (Α
2706 1627 3095 1714 199—200)·

565 1727 663 1793 ἵν’
719 1728 928 1793 οὕτως
991 1729 1065 1794 τὸ
1121 1730 1623 1809 καταπληκτικὸν
1678 1734 1789 1807 τῆς
1847 1733 2002 1794 θεοῦ
2058 1730 2319 1814 μηνύςῃ.
2395 1729 2562 1795 ἀλλὰ
2618 1731 2883 1796 δύναται
2939 1731 2978 1795 6
3032 1732 3157 1810 γάρ
3211 1746 3262 1785 3ο

567 1831 950 1898 πλεονάζειν
996 1831 1098 1895 ἐπὶ
1141 1834 1254 1908 τῆς
1299 1830 1822 1913 ἀνταποδόςεως,
1871 1831 2044 1912 <ὼς>
2090 1832 2407 1912 Τρύφων,
2456 1833 2695 1909 ὁμοίως
2740 1840 2833 1916 τῷ

823 1933 913 1998 τίς
956 1934 1081 2011 γὰρ
1126 1931 1240 1997 ὅδ’
1283 1932 1482 1998 ἄλλος
1529 1933 1779 2012 Ἀχαιὸς
1825 1932 1989 2010 ἀνὴρ
2034 1932 2149 2012 ἠύς
2192 1953 2261 1997 τε
2306 1933 2500 2011 μέγας
2544 1954 2613 1998 τε
2658 1932 2728 2018 (Γ
2771 1933 2924 2016 226)

477 2049 537 2097 15
578 2035 676 2099 καὶ
721 2035 824 2099 ἐπὶ
864 2039 982 2101 τοῦ

820 2139 886 2201 αἲ
929 2137 1053 2216 γὰρ
1099 2137 1473 2217 Τηλέμαχον
1520 2137 1703 2217 βάλοι
1748 2136 1814 2220 (ρ
1860 2136 2047 2220 251)·
3193 2152 3292 2201 507

820 2240 886 2303 αἲ
930 2241 1055 2318 γὰρ
1099 2241 1175 2318 δὴ
1223 2238 1430 2338 οὕτως
1474 2237 1571 2318 εἴη
1628 2239 1722 2321 (Δ
1773 2237 1940 2323 189).
3209 2263 3235 2302 5

565 2342 665 2406 καὶ
728 2341 854 2420 γὰρ
921 2340 1022 2405 ἐπὶ
1087 2343 1221 2406 τῶν
1287 2340 1608 2405 τοιούτων
1677 2339 1759 2404 οὐ
1815 2341 1985 2405 δόξει
2040 2340 2341 2420 μάχεςθαι
2397 2340 2436 2418 ἡ
2495 2340 2810 2418 ςύνταξις,
2869 2344 2986 2406 τοῦ
3036 2341 3159 2419 γάρ

563 2443 718 2509 κατ’
761 2443 966 2523 ἀρχὴν
1010 2443 1360 2520 τιθεμένου.

466 2558 534 2607 20
739 2545 869 2609 Ἔτι
924 2544 962 2609 6
1027 2543 1151 2623 γάρ
1218 2543 1505 2623 διαφέρει
1562 2550 1691 2608 τῶν
1748 2542 1968 2610 ἄλλων
2037 2542 2383 2627 αἰτιωδῶν,
2448 2543 2606 2609 καθὸ
2673 2545 2900 2623 ςχεδὸν
2968 2544 3159 2610 ἅπαςι
3213 2571 3262 2609 ιο

567 2648 982 2712 ςυντάςςεται.
1067 2646 1185 2710 ὅτι
1249 2648 1395 2725 γὰρ
1460 2646 1945 2724 παρεγένου·
2031 2646 2261 2710 ἕνεκα
2338 2646 2483 2723 γὰρ
2550 2646 2842 2711 τούτου
2908 2647 3156 2726 ἦλθες.

567 2749 670 2814 καὶ
723 2750 922 2827 δῆλον
985 2748 1082 2814 ὅτι
1128 2747 1189 2812 οἱ
1246 2749 1359 2828 μὲν
1417 2747 1602 2812 ἄλλοι
1650 2748 1982 2828 ςύνδεςμοι
2032 2749 2253 2828 χώραν
2313 2745 2495 2826 εἶχον
2550 2748 2665 2827 τὴν
2711 2748 3156 2829 προτακτικήν,

565 2852 667 2914 καὶ
711 2851 923 2916 οὐδεὶς
979 2856 1073 2934 τῷ
1130 2850 1329 2934 ἑτέρῳ
1388 2849 1661 2915 ἐδύνατο
1722 2849 2178 2929 ὑποτετάχθαι,
2238 2849 2388 2914 οὔτε
2445 2848 2483 2913 6
2537 2851 2723 2915 ἕνεκα
2766 2857 2857 2932 τῷ
2903 2849 3153 2924 οὕνεκα,

567 2951 718 3016 οὔτε
764 2951 801 3016 6
848 2952 1082 3017 οὕνεκα
1135 2957 1228 3035 τῷ
1285 2952 1500 3029 ἕνεκα,
1560 2952 1659 3016 καὶ
1703 2951 1807 3014 ἐπὶ
1861 2954 1994 3014 τῶν
2053 2950 2437 3015 ὑπολοίπων
2482 2951 2558 3014 τὸ
2604 2952 2789 3016 αὑτά
2846 2951 2884 3015 6
2937 2951 3154 3028 μέντοι
3209 2970 3257 3009 15

465 3065 531 3114 25
564 3053 722 3137 γάρ,
787 3060 878 3136 τῷ
931 3055 1154 3119 δέοντι.
1200 3053 1384 3138 τόπῳ
1446 3052 1951 3133 προςχρώμενος
2014 3058 2108 3135 τῷ
2169 3052 2602 3137 ὑποτακτικῷ,
2672 3051 3018 3120 ἀκωλύτως
3083 3052 3154 3116 ἐν

565 3155 866 3222 ὑποτάξει
919 3153 1500 3235 παραλαμβάνεται.
1557 3190 1628 3200 —-—
1689 3152 1761 3217 ‘0
1819 3155 1934 3232 μὲν
1993 3153 2113 3218 οὖν
2172 3154 2457 3234 Τρύφων
2511 3156 2703 3235 φηςὶν
2760 3154 2849 3218 ὡς
2903 3153 2972 3218 ἐκ
3020 3156 3154 3218 τῶν

566 3257 686 3320 δύο
719 3258 1079 3335 ςυνδέςμων
1124 3257 1195 3321 ἓν
1227 3255 1581 3321 καθίεταται
1623 3257 1696 3320 τὸ
1743 3255 2348 3335 αἰτιολογούμενον,
2396 3256 2629 3321 ἕνεκα
2670 3258 2817 3334 γὰρ
2861 3254 3154 3320 τούτου

563 3356 800 3435 ἦλθες
848 3358 938 3422 ὡς
984 3357 1194 3423 εἵνεκα
1238 3358 1477 3424 τούτου
1519 3355 1789 3435 ἤλυθας·
1836 3355 1957 3420 ὅτι
2001 3357 2147 3435 γὰρ
2191 3358 2669 3436 παρεγένου·
2729 3359 2832 3423 καὶ
2876 3358 2980 3424 ἐπὶ
3021 3363 3153 3422 τῶν
3205 3379 3258 3417 20

563 3461 1023 3537 παραπληςίων
1067 3461 1144 3524 τὸ
1190 3459 1365 3523 αὐτό.
1439 3459 1606 3524 τινὲς
1664 3459 1880 3538 μέντοι
1936 3459 2290 3536 ἐπιπλοκὴν
2324 3459 2716 3525 -ἐξεδέξαντο
2767 3466 2899 3525 τῶν
2944 3459 3153 3524 αἰτιω-

460 3576 527 3626 30
562 3563 698 3624 δῶν
745 3561 1135 3641 ςυνδέςμων,
1187 3536 1349 3627 ύύςτε
1392 3559 1458 3626 ἐξ
1502 3560 1706 3625 αἰτίου
1752 3558 1959 3625 αἴτιον
2048 3607 2064 3623 .
2156 3565 2270 3625 ενδ
2358 3610 2372 3624 .
2459 3562 2534 3625 τό
2581 3561 3154 3642 αἰτιολογούμενον

563 3662 751 3726 ἕνεκα
793 3664 919 3743 γὰρ
963 3662 1201 3727 τούτου
1259 3662 1450 3741 ἦλθες
1494 3683 1572 3726 κα
1663 3711 1679 3726 .
1744 3686 1783 3727 ’.
1871 3662 2049 3726 νουςί
2092 3682 2158 3726 τε
2207 3662 2417 3727 οὕτως
2460 3669 2551 3745 τῷ
2603 3665 2718 3744 μὲν
2762 3664 2995 3743 ἤλυθες
3038 3666 3153 3728 τὸν

561 3764 683 3843 γάρ
731 3765 1214 3848 ςυντάςςδντες,
1269 3769 1360 3847 τῷ
1409 3766 1481 3828 δὲ
1525 3765 1761 3829 τούτου
1804 3763 1921 3829 τὸν
1968 3764 2194 3842 ἕνεκα,
2249 3764 2438 3843 ἦλθες
2481 3766 2604 3844 γάρ
2648 3765 2835 3830 ἕνεκα
2878 3766 3148 3831 τούτου·
3204 3784 3256 3823 25

560 3866 727 3947 (ὅτι
771 3867 960 3951 γὰρ>
1007 3868 1238 3947 ἦλθες
1294 3866 1702 3947 μέμφομαί
1748 3887 1846 3949 ςε,
1901 3867 2229 3947 μέμφομαι
2270 3866 2393 3946 γάρ
2439 3887 2504 3931 ςε
2549 3867 2647 3931 ὅτι
2691 3867 2879 3947 ἦλθες
2952 3918 2967 3933 .
3049 3916 3064 3931 .
3138 3917 3152 3930 .

561 3968 599 4032 6
646 3968 1007 4050 Τρύφωνος
1061 3969 1136 4033 δ’
1191 3967 1271 4033 ἂν
1328 3969 1523 4045 λόγος
1579 3969 2068 4050 ςυνηγορηθείη,
2125 3970 2281 4032 καθὸ
2337 3969 2571 4033 πολλοὶ
2625 3969 2725 4033 καὶ
2776 3968 2963 4034 ἄλλοι
3010 3971 3152 4035 ςύν-

696 4139 914 4195 Anovx.
987 4143 1021 4190 4
1055 4135 1285 4206 Trypho
1331 4136 1388 4188 in
1424 4135 1635 4189 talibus
1670 4137 1778 4204 γάρ
1814 4138 1875 4190 et
1906 4138 1966 4191 δέ
2000 4136 2307 4206 particulas
2342 4136 2492 4191 inter
2528 4153 2586 4190 se
2623 4138 2996 4191 commutatae
3031 4152 3149 4191 esse

563 4205 770 4262 censet.
825 4235 890 4243 —
945 4210 976 4257 8
1014 4206 1096 4257 Ao
1132 4220 1265 4258 sane
1304 4205 1416 4270 est,
1465 4204 1562 4260 ubi
1598 4204 1915 4272 promiscue
2002 4207 2259 4258 onantur.
2318 4234 2382 4244 —
2437 4210 2502 4258 22
2539 4204 2772 4259 Ceterae
2810 4205 3059 4259 causales
3093 4204 3150 4257 iu

557 4271 718 4325 initio
765 4272 1075 4327 sententiae
1160 4273 1430 4337 onuntnr,
1478 4287 1662 4339 neque
1710 4272 1892 4327 altera
1935 4289 1970 4325 a
1992 4272 2097 4325 teri
2185 4271 2526 4341 ostponitur:
2573 4273 2680 4340 γάρ
2716 4273 3149 4351 postpositivum

559 4342 644 4393 est
677 4342 738 4393 et
771 4340 1006 4394 alteram
1045 4358 1108 4393 su
1149 4356 1208 4394 se
1252 4340 1308 4393 ui
1345 4341 1550 4409 potest.
1600 4369 1660 4377 —
1712 4346 1777 4394 28
1823 4339 1944 4391 Hoc
1991 4340 2091 4393 ubi
2150 4342 2340 4393 actum
2376 4343 2486 4406 est,
2529 4339 2759 4409 Trypho
2807 4341 2947 4393 dmit,
2980 4357 3148 4393 unam

559 4409 844 4462 notionem
890 4409 1144 4477 subesse3
1252 4407 1284 4419 ’⁶
1333 4408 1679 4461 arbitrantur
1715 4409 2012 4475 utramque
2057 4424 2215 4461 suam
2262 4408 2373 4461 vim
2418 4408 2647 4462 habere.
2687 4438 2754 4447 —
2788 4414 2855 4461 34
2899 4410 2981 4461 Ac
3017 4424 3149 4462 sane

559 4475 729 4529 etiam
766 4476 910 4531 aliae
947 4493 1112 4531 voces
1147 4474 1398 4529 eiusdem
1434 4474 1678 4528 notionis
1713 4491 1828 4528 una
1861 4478 2167 4544 ponuntur.
2240 4475 2349 4529 Sed
2386 4476 2493 4531 hoo
2527 4476 2759 4530 concedi
2797 4492 2908 4529 non
2944 4478 3151 4545 potest,

561 4545 660 4608 μὲν
694 4547 799 4611 γάρ
834 4545 893 4597 in
928 4560 1099 4598 unam
1136 4560 1329 4599 vocem
1366 4543 1654 4597 coaluisse.

692 4696 880 4753 Disce.
917 4716 1117 4756 sempr.
1182 4704 1259 4752 13.
1294 4698 1454 4767 <ὡς>
1489 4694 1869 4763 RSohneider‚
1908 4696 2122 4765 <φηςί>
2147 4694 2477 4752 AdeVelsen
2510 4701 2520 4765 Ι
2556 4704 2630 4756 14.
2666 4698 2750 4752 τίς
2774 4699 2881 4766 γὰρ
2902 4699 3025 4765 ΑΙ),
3063 4697 3146 4752 τίς

556 4763 619 4813 τ’
653 4765 744 4832 ἄρ’
765 4766 1041 4819 Homerus
1065 4766 1221 4835 vulg.
1253 4775 1263 4831 Ι
1293 4773 1374 4820 25.
1413 4770 1688 4820 ακολυτος
1714 4767 1758 4819 Α
1790 4768 1800 4832 1
1829 4770 1912 4818 27.
1940 4764 2161 4818 litterae
2198 4771 2560 4821 νκαθιςταται
2598 4768 2667 4819 ab
2707 4768 2776 4820 Α2
2811 4767 2867 4819 in
2904 4782 3098 4819 rasura
3135 4768 3143 4835 Ι

558 4834 640 4907 29.
675 4835 745 4886 τὸ
781 4834 944 4903 αὑτό]
982 4834 1079 4901 fol,
1121 4840 1216 4889 106
1240 4853 1292 4889 v,
1331 4837 1447 4902 130.
1485 4836 1581 4888 ενδ
1619 4878 1631 4892 .
1670 4880 1681 4891 .
1719 4835 1783 4899 Α,
1823 4850 1887 4887 εν
1923 4874 1935 4885 .
1976 4879 1987 4890 .
2026 4833 2060 4885 b
2093 4838 2102 4900 Ι
2132 4841 2213 4888 33.
2256 4834 2529 4888 ‘Priorem
2568 4837 2673 4903 γάρ
2711 4851 2817 4904 ego
2854 4834 3070 4887 addidi’
3110 4834 3145 4887 b

556 4914 614 4950 m
650 4917 766 4957 var.
801 4902 958 4967 leet.;
996 4902 1094 4955 sed
1129 4918 1200 4956 ne
1237 4905 1325 4957 ὅτι
1359 4902 1589 4971 quidem
1627 4902 1741 4972 legi
1777 4902 1966 4970 potest
2000 4901 2058 4953 iu
2094 4902 2138 4954 Α
