3738 5530
749 354 878 422 134
951 353 1394 410 Commentarius
1422 354 1648 432 criticus
1677 356 1736 409 et
1762 354 2083 426 exegeticus
2110 355 2171 410 in
2199 354 2484 426 Apollonii
2511 355 2739 426 Dyscoli
2769 355 2980 427 scripta
3004 356 3238 444 minora.

746 525 1072 585 enuntiatis
1117 524 1355 585 levioris
1401 526 1685 585 momenti
1726 525 2061 601 recesseriS,
2116 525 2442 602 quidquam
2486 525 2711 585 habent
2755 527 2900 602 quin
2954 528 3134 586 antea
3176 528 3351 587 semel

745 614 837 674 bis
883 617 1047 674 terve
1094 632 1200 675 suo
1245 615 1375 674 loco
1411 615 1601 674 multo
1647 615 1865 674 clarius
1912 615 2295 691 explanatum
2341 616 2453 690 sit,
2511 635 2699 692 neque
2747 634 2872 675 esse
2915 634 3008 676 res
3052 616 3191 675 illas
3235 619 3352 676 iam

747 705 925 764 antea
969 703 1114 764 satis
1157 706 1553 781 pertractatas
1599 705 1723 763 sive
1762 698 2004 779 εἴρηται
2050 707 2175 763 sive
2213 700 2584 779 προείρηται
2630 705 2754 764 sive
2802 700 3138 779 ἐξεθέμεθα
3178 705 3350 765 verbo

746 792 951 855 addito
999 811 1069 852 ex
1114 812 1276 852 more
1320 792 1646 853 indicatur:
1689 793 1974 853 facillime
2026 793 2376 852 adducimur
2418 796 2515 868 ut,
2560 794 3056 871 quemadmodum
3101 795 3354 871 epirrhe-

745 883 964 942 matico
1010 881 1289 942 librarius
1327 881 1570 960 quidam
1607 901 1759 959 quae
1796 902 1828 941 e
1866 883 2107 959 syntaxi
2141 885 2212 942 ut
2247 902 2366 944 non
2411 884 2608 944 aliena
2643 884 3052 961 descripserat,
3098 888 3351 944 extremo

746 971 1013 1046 subiecit,
1056 973 1148 1031 ita
1180 972 1327 1031 haec
1365 971 1603 1032 aliunde
1641 972 1956 1050 desumpta
1990 965 2297 1049 tamquam
2344 973 2722 1032 corollarium
2768 972 2975 1033 addita
3020 991 3143 1033 esse
3188 974 3352 1034 nobis

744 1060 1219 1139 persuadeamus.
1293 1060 1540 1121 Librum
1577 1064 1775 1121 autem
1813 1080 1883 1122 ex
1921 1080 2038 1139 quo
2076 1061 2355 1138 decerpta
2390 1064 2512 1121 sint
2547 1063 2913 1123 rhematicon
2954 1081 3096 1139 esse,
3142 1063 3353 1141 colligo

746 1169 816 1210 ex
850 1151 964 1211 hoc
990 1149 1380 1211 Choerobosci
1416 1151 1548 1211 loco
1593 1170 1718 1210 can.
1749 1150 1811 1210 II
1849 1151 1998 1228 816,
2020 1152 2101 1211 33
2134 1177 2219 1199 =
2248 1151 2311 1209 Π
2351 1153 2495 1228 299,
2522 1154 2602 1212 10
2639 1152 2831 1230 Ηῦς.ε
2878 1149 3023 1226 περὶ
3070 1148 3193 1227 γὰρ
3238 1152 3352 1213 τοῦ

747 1234 1051 1315 ἐμαυτοῦ,
1107 1235 1273 1300 διατί
1320 1235 1437 1301 οὐκ
1484 1235 1613 1314 ἔχει
1661 1237 1933 1312 εὐθεῖαν,
1995 1236 2066 1301 ἐν
2111 1242 2204 1321 τῷ
2252 1235 2572 1322 ῥηματικῷ
2618 1236 3078 1313 Ἀπολλωνίου,
3128 1237 3181 1301 εἰ
3229 1243 3353 1322 θεῷ

746 1325 960 1405 φίλον,
999 1326 1417 1404 μαθήςομεθα.
1484 1328 1616 1400 Qua
1652 1330 1723 1390 de
1759 1350 1824 1389 re
1859 1329 1984 1389 dixi
2019 1330 2191 1389 MRh.
2222 1330 2419 1390 XXIV
2450 1332 2576 1390 592
2599 1349 2682 1407 sq.
2752 1331 3095 1390 Assentitur
3123 1329 3355 1410 GUhlig

745 1418 965 1479 Jenaer
1007 1419 1580 1498 litteraturzeitung
1625 1412 1828 1500 (1878
1877 1419 2006 1478 Juli
2054 1412 2183 1501 20).
2278 1419 2612 1498 Egenolffio
2657 1411 2717 1501 (Ι
2765 1412 2925 1501 837)
2982 1423 3184 1480 autem
3237 1439 3350 1479 non

747 1511 838 1570 est
880 1527 1230 1586 persuasum
1282 1509 1436 1568 hanc
1488 1512 1720 1587 partem
1775 1511 2155 1586 antonymico
2210 1507 2615 1587 abrogandam
2660 1527 2812 1585 esse,
2867 1509 3024 1586 quod
3080 1509 3198 1568 duo
3243 1509 3353 1569 loci

744 1598 885 1657 libri
927 1598 1220 1658 Prisciani
1266 1598 1338 1657 de
1383 1600 1730 1675 pronomine
1768 1592 1947 1679 (XIH
1985 1599 2067 1658 28
2113 1618 2172 1674 p.
2206 1599 2305 1674 19,
2330 1601 2472 1676 9sq.
2512 1602 2574 1659 et
2608 1598 2757 1658 XIII
2795 1600 2876 1658 26
2924 1619 2979 1676 p.
3015 1601 3118 1673 17,
3141 1600 3221 1658 19
3244 1590 3355 1680 sq.)

747 1689 873 1748 sine
919 1687 1099 1748 dubio
1146 1708 1216 1748 ex
1262 1707 1332 1747 ea
1367 1687 1681 1765 desumpta
1726 1688 1849 1747 sint
1886 1678 2066 1769 (114,
2088 1690 2169 1747 24
2199 1707 2284 1765 sq.
2325 1691 2386 1747 et
2426 1690 2571 1762 114,
2596 1679 2735 1768 18),
2780 1691 2937 1747 certe
2977 1688 3357 1748 statuendum

747 1795 872 1837 esse
917 1778 1069 1837 illud
1117 1777 1589 1838 additamentum
1641 1777 1763 1837 iam
1820 1780 1958 1837 ante
2004 1777 2292 1837 Prisciani
2351 1780 2624 1854 tempora
2677 1778 2754 1837 ad
2801 1778 3220 1853 antonymicon
3268 1796 3356 1836 ac-

749 1868 1006 1928 cessisse.
1081 1867 1211 1928 Hoc
1247 1869 1318 1926 ut
1352 1869 1682 1927 existimem
1727 1867 1904 1927 facile
1950 1866 2236 1928 adducor:
2281 1885 2641 1944 quamquam
2678 1886 2828 1946 nego
2866 1867 3121 1926 alterum
3165 1867 3357 1927 locum

746 1955 896 2016 XIII
933 1957 1015 2017 26
1066 1976 1135 2017 ex
1185 1958 1434 2033 114,18
1470 1958 1833 2018 translatum
1869 1974 2021 2032 esse3
2066 1976 2120 2015 v.
2158 1956 2292 2015 infr.

929 2045 1345 2106 Nominatiws
1390 2048 1491 2121 qui
1536 2047 1618 2106 ad
1663 2042 1996 2122 ἐμαυτοῦ
2033 2048 2327 2120 pertineat
2366 2063 2550 2119 neque
2597 2049 2780 2106 exstat
2821 2063 3003 2120 neque
3034 2049 3228 2121 potest
3270 2064 3359 2105 ea:-

755 2138 928 2196 stare.
1002 2134 1142 2195 Non
1179 2139 1403 2196 exstare
1439 2154 1585 2206 eum,
1623 2138 1660 2195 τ’.
1692 2154 1735 2195 e.
1763 2138 1830 2196 in-
1864 2154 1981 2195 usa
2015 2153 2136 2194 non
2167 2153 2304 2204 esse,
2339 2152 2505 2194 nemo
2539 2137 2734 2202 nescit,
2761 2139 3177 2210 praeterquam
3213 2136 3363 2210 quod

749 2225 1124 2285 Pherecrates
1177 2227 1349 2284 semel
1401 2227 1561 2286 visus
1613 2226 1882 2285 movendi
1934 2242 2118 2284 causa
2174 2219 2499 2298 ἐμαυτός
2554 2226 2716 2284 dixit.
2805 2224 2945 2283 Non
3005 2241 3173 2298 posse
3235 2243 3364 2284 eum

753 2318 986 2375 exstare
1028 2316 1120 2374 his
1174 2317 1532 2389 aryumentis
1576 2315 1995 2389 comprobatur.
2085 2311 2213 2372 Aut
2256 2314 2337 2373 ad
2381 2315 2673 2388 obliquum
2718 2331 2917 2374 casum
2962 2316 3176 2374 tran-sit
3217 2316 3366 2373 actio

749 2405 996 2464 sabiecbi
1048 2405 1124 2463 ab
1178 2405 1279 2463 illo
1333 2406 1577 2464 diversi:
1641 2397 1867 2464 οὗτος
1925 2398 2052 2477 ἐμὲ
2108 2397 2404 2476 ἔτυψεν.
2497 2403 2665 2478 Quod
2715 2405 2819 2463 ubi
2860 2406 2954 2476 fit,
3006 2404 3091 2464 ibi
3135 2405 3366 2479 apposi-

756 2496 942 2554 tivam
987 2488 1218 2553 αὐτός
1256 2494 1338 2553 ad
1372 2494 1665 2567 obliquum
1710 2510 1913 2554 casum
1952 2484 2144 2574 (ἐμέ)
2182 2494 2447 2552 accedere
2480 2496 2700 2567 potem
2744 2494 2846 2552 sed
2889 2494 3201 2553 coalescere
3237 2511 3368 2553 cum

757 2601 819 2642 eo
873 2585 1086 2657 nequit.
1177 2582 1348 2642 Fieri
1403 2585 1576 2642 etiam
1616 2585 1808 2657 potest
1858 2586 1926 2641 ut
1978 2584 2127 2642 actio
2179 2582 2261 2641 ad
2315 2583 2555 2642 eandem
2602 2599 2923 2656 personam
2972 2584 3171 2642 redeat
3213 2584 3370 2643 unde

746 2673 1018 2747 profecta
1064 2675 1172 2732 est:
1218 2673 1299 2731 ad
1342 2672 1446 2732 hoc
1489 2672 1945 2746 siqnificamdum
1989 2673 2301 2746 composita
2344 2671 2434 2730 vel
2476 2673 2754 2744 resleoeiva
2805 2672 2965 2744 facta
3008 2676 3159 2731 sunt.
3249 2673 3370 2732 Pro

754 2762 849 2822 his
894 2762 1059 2837 apud
1100 2765 1309 2837 poetas
1352 2761 1580 2834 formae
1630 2779 1752 2821 non
1796 2762 2138 2837 comoediae
2175 2755 2429 2838 (ἐμέθεν
2476 2757 2670 2835 αὐτῆς
2699 2787 2783 2810 =
2814 2756 3116 2839 ἐμαυτῆς)
3161 2762 3370 2822 substi-

757 2855 1006 2912 tuantur
1088 2853 1233 2926 113,
1265 2853 1599 2926 17-114,
1630 2853 1666 2910 2
1697 2876 1782 2900 =
1816 2851 1919 2925 69,
1952 2851 2231 2927 18-70,
2262 2855 2328 2925 1;
2396 2853 2549 2925 114,
2581 2852 2768 2911 2-5
2808 2877 2893 2899 --
2931 2852 3037 2926 45,
3068 2852 3372 2926 11-32;

759 2942 1633 3017 114‚5-17=70,1—10.
1727 2939 1813 3000 Of.
1869 2939 1985 2999 EM
2032 2941 2421 3016 496,17sq.3
2494 2939 2598 2999 EG
2656 2941 2803 3017 305,
2825 2941 2905 3000 56
2936 2958 3052 3016 sq.;
3120 2940 3230 3000 AG
3275 2940 3371 3000 m

755 3031 924 3090 1446
954 3047 1039 3107 sq.

932 3121 1081 3196 113,
1104 3121 1184 3179 19
1234 3115 1305 3180 ἐν
1345 3115 1683 3180 Μετοίκοις
1722 3113 2195 3197 Φερεκράτους]
2241 3136 2409 3195 pron.
2452 3119 2553 3194 69,
2578 3120 2657 3179 19
2704 3115 2774 3178 ἐν
2812 3115 3154 3180 Μετοίκοις
3186 3114 3370 3180 Πλά-

751 3224 978 3270 τωνος.
1074 3203 1370 3286 ‘Denique
1416 3207 1616 3268 dubiis
1663 3208 2034 3268 Pherecratis
2079 3208 2300 3268 fabulis
2354 3208 2553 3268 nescio
2599 3228 2675 3268 an
2723 3204 3025 3269 Μέτοικοι
3073 3208 3372 3268 accenseri

751 3297 1020 3358 debeant.
1116 3298 1354 3359 Platoni
1403 3299 1562 3358 enim
1606 3297 1874 3358 fabulam
1918 3297 2105 3357 tribui
2150 3297 2329 3357 etiam
2373 3316 2411 3357 a
2447 3296 2705 3373 Polluce,
2750 3296 3034 3372 Eudocia,
3079 3297 3265 3357 Suida
3311 3299 3376 3358 et

749 3387 1093 3447 Andronico
1129 3388 1290 3447 infra
1336 3379 1419 3468 (p.
1463 3378 1621 3468 175)
1667 3380 2022 3446 videbimus'
2067 3386 2337 3446 Meineke
2382 3388 2594 3464 fragm.
2633 3405 2776 3446 com.
2816 3406 3005 3464 graec.
3044 3386 3074 3444 I
3115 3390 3149 3446 7
3155 3389 3213 3446 Ο.

937 3479 1083 3551 113,
1105 3479 1183 3537 21
1227 3478 1297 3537 cf.
1338 3476 1460 3535 Ska
1487 3476 1574 3535 TV
1607 3479 1686 3535 17
1701 3498 1718 3552 3
1763 3476 2021 3535 Bekkeri
2065 3477 2403 3536 coniectura
2446 3474 2641 3536 minus
2686 3476 2910 3553 placet3
2965 3472 3184 3537 καθότι
3231 3477 3370 3535 voci

750 3565 1071 3643 respondet
1115 3562 1254 3627 ἐπεί
1301 3585 1451 3642 quae
1502 3568 1648 3642 114,
1670 3566 1708 3625 5
1757 3565 2040 3641 sequitur.

935 3658 1082 3730 114,
1106 3658 1183 3715 11
1234 3652 1315 3715 τὰ
1369 3650 1530 3715 κατὰ
1586 3650 1904 3714 διάςταςιν
1960 3650 2135 3728 παρὰ
2189 3653 2324 3714 τοῖς
2379 3653 2672 3727 ποιηταῖς
2719 3650 2832 3730 (--
2871 3648 2952 3714 τὰ
2998 3649 3175 3729 παρὰ
3232 3652 3375 3714 τοῖς

755 3744 1051 3819 ποιηταῖς
1105 3741 1267 3806 κατὰ
1322 3739 1657 3816 διάςταςιν,
1715 3743 1790 3803 ad
1838 3745 1943 3819 42,
1966 3739 2076 3821 25)
2125 3737 2213 3804 εἰς
2269 3739 2551 3804 ςύνθεςιν
2606 3738 3191 3819 παραλαμβάνομεν
3239 3745 3276 3803 i.
3323 3763 3372 3802 e.

759 3829 939 3911 ‘quae
979 3834 1138 3911 apud
1184 3837 1392 3912 poetas
1429 3834 1697 3893 seiuncta
1742 3833 1883 3893 sunt
1920 3829 2173 3910 (ἐμέθεν
2220 3829 2464 3911 αὐτῆς),
2508 3835 2571 3891 in
2609 3833 2938 3910 composita
2981 3832 3376 3893 transforma-

752 3942 884 3984 mus
933 3917 1307 4001 (ἐμαυτῆς)’.
1392 3922 1479 3983 cf.
1516 3921 1796 3983 Hoersch.
1838 3923 1983 3982 389.

929 4014 974 4072 Ι
971 4017 1141 4088 taque
1175 4014 1421 4087 obliquis
1458 4012 1689 4071 casibus
1724 4015 2036 4087 composita
2082 4015 2413 4072 necessaria
2460 4016 2638 4072 erant.
2714 4011 3129 4071 Nominativas
3173 4016 3379 4072 autem

753 4121 885 4163 cum
927 4120 1047 4162 non
1099 4103 1386 4177 duplicem
1438 4102 1648 4162 habeat
1690 4105 2189 4172 constructionem,
2251 4106 2304 4161 et
2345 4105 2682 4175 reflexivam
2727 4102 2854 4160 dico
2901 4105 2952 4161 et
2996 4104 3378 4162 transitivum

756 4186 885 4273 (sed
924 4210 1106 4251 unam
1151 4182 1581 4272 transitivam),
1627 4192 1933 4264 sufficiunt
1985 4187 2130 4262 ἐγὼ
2181 4187 2408 4251 αὐτός
2455 4194 2749 4265 apposita,
2798 4193 3129 4268 composita
3173 4191 3380 4251 forma

755 4282 951 4341 aliena
995 4284 1152 4356 erat3
1212 4300 1362 4357 quae
1408 4281 1460 4340 si
1505 4282 1789 4354 exstaret,
1846 4276 2170 4352 ἐγαυτός
2227 4285 2393 4349 esset,
2453 4299 2572 4339 non
2619 4276 2960 4354 ἐμαυτός.
3052 4281 3381 4340 Praeterea

757 4372 820 4429 in
863 4372 1033 4430 verbo
1068 4372 1462 4431 nominativus
1497 4372 1678 4442 inest,·
1723 4372 1804 4431 ad
1851 4388 1980 4429 eum
2014 4371 2194 4444 ὁρίων
2238 4373 2292 4429 si
2337 4371 2484 4429 alter
2527 4372 2629 4445 qui
2670 4372 2737 4430 in
2783 4365 3105 4440 ἑγαυτός
3150 4371 3380 4438 lateret,

755 4461 1060 4529 accederet,
1108 4461 1223 4519 duo
1270 4463 1456 4520 essent
1496 4461 1857 4519 nominabam.
1949 4459 2089 4518 Duo
2134 4477 2266 4517 vero
2310 4461 2655 4519 nominativi
2704 4477 2835 4518 cum
2880 4460 3068 4519 verbis
3113 4461 3385 4519 conserta·

753 4567 872 4608 non
915 4551 1113 4617 solent,
1151 4550 1253 4609 sed
1286 4550 1680 4609 nominativus
1717 4553 1768 4609 et
1802 4550 2084 4623 obliqm,
2130 4552 2197 4608 at
2230 4550 2310 4609 ad
2345 4550 2593 4608 alteram
2626 4566 2947 4623 personam
2981 4551 3131 4608 actio
3176 4552 3381 4609 trans-

751 4640 838 4696 ire
881 4641 1084 4712 possit.
1159 4639 1370 4712 Itaque
1425 4633 1750 4713 ἐμαυτός
1796 4630 1922 4719 (vel
1973 4630 2272 4719 ἐγαυτός)
2314 4656 2435 4698 esse
2476 4656 2597 4697 non
2629 4641 2820 4713 potest
2858 4639 3004 4711 114,
3029 4638 3293 4697 18—-32
3311 4630 3381 4719 ¹⁸⁸)

757 4764 840 4774 --
875 4729 976 4802 70,
997 4727 1274 4787 20—26.

934 4932 981 5001 ⁸⁸¹)
1020 4933 1164 5000 synt.
1205 4937 1326 4998 286,
1346 4938 1414 4986 25
1450 4934 1518 4987 τὸ
1568 4932 1735 4988 ’θέλω
1781 4934 2005 4988 ἀκούειν
2042 4933 2362 4988 Διονυςίου’
2410 4936 2689 5001 γενικὴν
2735 4934 2986 4989 ςύνταξιν
3036 4935 3383 4990 ἀνεδέξατοῑ

757 5018 964 5071 repone
1001 5008 1276 5070 γενικῆς
1313 5006 1586 5058 ςὺνταξινε
1634 5020 1766 5058 nam
1801 5007 1990 5073 γενικὴ
2029 5007 2277 5060 ςύνταξις
2314 5006 2462 5059 esset
2501 5004 2864 5060 ‘constructio
2900 5003 3221 5075 generalis'.
