3738 5530
613 1001 642 1048 5

675 366 797 430 128
1592 360 1770 413 ΠΕΡι
1806 358 2364 414 ΕΠῙΡΡΗΜΑΤΩΝ.

1715 484 1757 522 p.
1784 473 1877 524 538,
1899 473 1928 512 1
1956 494 2002 503 -
2031 471 2121 520 540,
2150 471 2176 510 8
2202 470 2232 509 b

677 573 840 652 ὅπερ
888 572 1309 652 ςυναλειφθὲν
1353 570 1455 635 καὶ
1500 569 1571 635 ἐν
1631 568 1848 654 βαρείᾳ
1903 569 2074 633 τάςει
2125 565 2469 644 γινόμενον
2524 563 2687 645 παρ’
2730 563 3054 631 Αἰολεῦςίν
3107 564 3272 630 ἐςτιν

678 676 825 758 ᾤαι·
871 676 1030 740 διότι
1076 674 1179 751 καὶ
1221 675 1298 738 τὸ
1343 675 1365 736 i
1408 671 1788 750 πρόςκειται,
1836 671 2119 749 κράςεως
2164 667 2515 748 γενομένης
2559 668 2661 730 καὶ
2703 667 3154 746 προςλήψεως.
3190 702 3276 716 --

678 776 1010 842 Οὐδέποτε
1068 775 1191 841 ἀπ’
1246 775 1664 854 ἀντωνυμιῶν
1720 776 1854 838 τῶν
1911 772 2070 837 κατὰ
2123 771 2199 835 τό
2244 773 2508 848 πρῶτον
2564 770 2602 847 ἢ
2661 768 2969 848 δεύτερον
3027 767 3273 848 ῥήματα
3323 789 3350 828 5

678 878 1029 957 παράγεται
1096 877 1537 958 (προςτέθεικα
1616 878 1687 940 δὲ
1764 874 2060 952 δεύτερα,
2121 872 2282 954 ,ἐπεὶ
2356 872 2456 935 καὶ
2529 872 2609 935 τὸ
2677 870 2809 935 ἀπὸ
2874 875 2992 936 τοῦ
3058 872 3274 949 τρίτου

680 981 1137 1060 παραγόμενον
1184 979 1404 1063 (ἀπὸ)
1450 977 1809 1057 ςυνάρθρου
1869 975 1995 1039 ἐςτὶ
2040 976 2140 1039 καὶ
2183 974 2379 1057 ταύτῃ
2438 972 2715 1050 ἄλογον,
2775 972 2946 1048 λέγω
2999 975 3075 1037 τό
3121 992 3272 1052 ςφε-

679 1082 959 1162 τερίΖω)·
1028 1081 1159 1147 ἀπὸ
1218 1082 1433 1160 μέντοι
1493 1078 1976 1161 ἐπιρρημάτων,
2047 1077 2138 1141 ὡς
2202 1077 2379 1155 παρὰ
2435 1076 2509 1138 τὸ
2547 1075 2699 1139 uiui
2764 1076 2839 1140 τό
2908 1074 3106 1141 αἰάζω
3173 1075 3274 1138 καὶ

554 1234 564 1242 .
676 1184 820 1248 λίαν
867 1184 1082 1251 λιάζω.
1158 1182 1320 1261 τάχα
1377 1183 1449 1247 δὲ
1493 1181 1594 1246 καὶ
1638 1181 1813 1260 παρὰ
1856 1181 1933 1243 τὸ
1980 1178 2225 1243 οἰοί·τὸ
2271 1177 2426 1244 οἴζω
2485 1176 2637 1254 ἐςτί,
2697 1177 2800 1241 καὶ
2855 1176 3002 1240 καθ’
3048 1176 3272 1254 ἑτέραν
3327 1198 3377 1235 ιο

580 1612 643 1659 10

677 1287 1073 1365 παραγωγὴν
1128 1285 1230 1348 καὶ
1282 1283 1585 1363 διαίρεςιν
1642 1286 1753 1360 τῆς
1807 1280 2169 1362 διφθόγγου
2225 1282 2300 1344 τὸ
2361 1279 2515 1346 ὀῖζω
2574 1278 2805 1362 ὀϊζύω,
2865 1277 2991 1343 ἔςτι
3047 1281 3118 1342 δὲ
3175 1278 3276 1342 καὶ

678 1388 855 1466 παρὰ
898 1388 974 1452 τό
1022 1385 1194 1468 οἴμοι
1239 1386 1566 1467 οἰμώζειν·
1615 1384 1777 1461 ὅπερ
1822 1383 1993 1448 ἴδιον
2038 1380 2507 1462 ἐπιρρημάτων.

854 1591 963 1654 Καὶ
1018 1592 1093 1655 τὸ
1153 1592 1297 1670 χρή
1353 1591 1424 1655 δὲ
1468 1589 1570 1654 καὶ
1614 1589 1689 1653 τὸ
1745 1589 1864 1652 δεῖ
1920 1585 2218 1666 ἀκριβοῦς
2278 1584 2657 1651 ἐπιςτάςεως
2717 1588 2945 1665 δεῖται,
3006 1584 3147 1649 ἐπεὶ
3199 1586 3275 1649 τὸ

678 1693 882 1757 πλέον
926 1712 999 1769 γε
1043 1693 1207 1771 πρὸς
1250 1692 1557 1761 ἁπάντων
1606 1689 1945 1770 ὑπελήφθη
1989 1689 2400 1768 ἐπιρρήματα.
2435 1724 2517 1734 —-
2557 1687 2676 1751 Καὶ
2720 1687 2847 1751 ἔςτι
2893 1708 2964 1763 γε
3011 1686 3271 1768 ἀφορμὴ
3327 1701 3378 1741 1⁵

680 1793 933 1872 πλείςτη
977 1793 1138 1875 ὑπὲρ
1169 1798 1284 1859 τοῦ
1317 1792 1796 1858 κατατάςςεςθαι
1828 1790 1993 1855 αὐτὰ
2036 1790 2124 1854 εἰς
2165 1791 2281 1855 τόν
2317 1795 2452 1854 τῶν
2495 1788 2948 1869 ἐπιρρημάτων
2990 1789 3274 1868 ἀριθμόν.

684 1932 759 1942 -
808 1895 908 1959 Ἐκ
951 1898 1065 1976 μὲν
1114 1896 1234 1960 οὖν
1280 1895 1637 1962 ςυντάξεως
1680 1894 1936 1969 γένοιτο
1982 1892 2061 1957 ἂν
2109 1891 2502 1971 ἐπιρρήματα
2544 1896 2729 1975 τῇδε·
2787 1890 2929 1955 «ὅτι
2976 1891 3276 1956 ἐπίκειται

681 1997 760 2061 τὰ
817 1996 1211 2077 ἐπιρρήματα
1263 2001 1401 2062 τοῖς
1459 1998 1763 2076 ῥήμαςιν»
1823 1994 1943 2077 (ὡς
1997 1995 2068 2059 ἐν
2125 1995 2259 2058 τοῖς
2317 1994 2756 2072 προκειμένοις
2811 1990 3275 2077 ἀπεδείξαμεν),

590 2118 650 2167 15
689 2100 831 2163 «καὶ
876 2098 975 2162 ὅτι
1031 2100 1186 2180 μετὰ
1228 2102 1548 2177 πτωτικῆς
1592 2100 1948 2165 ςυντάξεως
1992 2097 2092 2160 καὶ
2134 2100 2268 2161 τῶν
2325 2094 2653 2160 ςυνόντων
2714 2093 3012 2174 ῥημάτων
3071 2096 3273 2171 λόγον
3327 2111 3378 2149 20

576 2627 643 2675 20

580 3135 645 3183 25

681 2201 1007 2283 ἀποτελεῖ,
1053 2207 1140 2284 πῇ
1183 2204 1298 2281 μὲν
1333 2204 1853 2283 προταςςόμενον
1892 2200 2051 2264 κατὰ
2086 2197 2454 2279 παράθεςιν,
2499 2201 2586 2281 πῇ
2623 2199 2694 2261 δὲ
2731 2196 3276 2277 ὑποταςςόμενον,

671 2301 940 2388 ὀρθῶς
996 2305 1408 2385 μεταμέλει
1463 2290 1897 2384 Διονυςίω,
1963 2300 2426 2380 <μεταμέλει
2485 2299 2739 2378 ὀρθῶς
2794 2300 3277 2382 Διονυςίψ·>

679 2407 937 2469 καλῶς
974 2402 1507 2481 ἀναγινώςκει
1549 2406 1803 2485 Δίων,
1847 2402 2379 2477 ἀναγινώςκει
2422 2403 2680 2465 καλῶς
2711 2398 2945 2466 Δίων.
3011 2404 3276 2465 τοιαῦτα

681 2507 753 2570 δὲ
798 2506 902 2570 καὶ
943 2508 1024 2571 τὰ
1069 2507 1455 2586 προκείμενα
1500 2507 1570 2571 ἐν
1616 2505 1901 2570 ςυντάξει
1944 2509 2021 2587 τῇ
2067 2503 2225 2567 κατὰ
2269 2503 2348 2567 τὰ
2386 2502 2833 2582 ἀπαρέμφατα,
2881 2503 3275 2567 Ἀπολλώ·
3330 2515 3381 2555 ²5

678 2627 858 2674 νιον
913 2610 1055 2687 χρὴ
1109 2609 1482 2690 γράφειν,
1551 2607 1993 2673 Διονύςιον
2060 2607 2200 2685 χρὴ
2258 2608 2767 2687 περιπατεῖν,
2835 2604 3277 2669 Διονύςιον

681 2712 802 2774 δεῖ
855 2710 1374 2788 διαλέγεςθαι.
1448 2711 1551 2776 καὶ
1604 2708 2031 2790 μερικώτερόν
2084 2728 2191 2789 γε,
2252 2707 2468 2773 καθότι
2514 2707 2612 2770 καὶ
2655 2707 2731 2772 τὸ
2789 2706 2902 2783 ἄγε
2962 2705 3276 2787 ἐπίρρημα

680 2815 816 2875 τοῖς
863 2815 1340 2890 προςτακτικοῖς
1387 2814 1485 2876 καὶ
1529 2815 1604 2877 τὸ
1650 2812 1780 2877 εἴθε
1824 2815 1963 2876 τοῖς
2011 2810 2334 2875 εὐκτικοῖς.
2373 2847 2445 2856 —-
2491 2811 2621 2874 Ἔτι
2663 2809 2742 2872 τὰ
2787 2809 2857 2873 ἐν
2900 2810 3271 2886 προςώποις

680 2913 1142 2992 ἀντωνυμικοῖς
1173 2914 1363 2996 <καθ’
1396 2915 1553 2996 ἕνα)
1586 2915 2004 2994 ςχηματιςμόν
2037 2913 2438 2993 ἐκφερόμενα
2466 2912 2626 2975 κατὰ
2655 2913 2735 2975 τὰ
2765 2909 2908 2988 τρία
2937 2911 3267 2988 πρόςωπα,
3325 2922 3376 2960 ³0

681 3014 1075 3094 ἑπιρρήματά
1120 3015 1304 3080 ἐςτιν.
1374 3016 1411 3093 ή
1455 3018 1579 3094 γὰρ
1626 3016 1696 3079 ἐν
1745 3015 1967 3096 ῥήμαςι
2012 3015 2293 3081 ςύνταξις
2339 3014 2493 3095 μετὰ
2539 3012 3009 3091 ἀπαρεμφάτου
3053 3033 3271 3092 ςυςχη-

681 3118 915 3196 ματίζει
971 3117 1129 3182 κατὰ
1183 3120 1259 3182 τὸ
1314 3121 1581 3195 πρῶτον
1638 3119 1737 3182 καὶ
1794 3119 2100 3194 δεύτερον
2157 3118 2260 3181 καὶ
2316 3116 2407 3180 ἔτι
2451 3117 2525 3179 τὸ
2571 3115 2818 3196 τρίτον,
2882 3114 3273 3192 βούλομαι

680 3219 831 3294 ἐγὼ
877 3218 1257 3300 γράφειν,
1304 3221 1551 3304 βούλῃ
1584 3220 1666 3283 ςὺ
1707 3220 2081 3299 γράφειν,
2127 3219 2497 3296 βούλεται
2535 3217 2849 3281 ἐκεῖνος
2889 3215 3271 3296 γράφειν·
3311 3227 3411 3275 539

679 3320 879 3384 θέλω
922 3320 1069 3397 ἐγὼ
1105 3321 1640 3405 διαλέγεςθαι,
1687 3323 1953 3386 θέλεις
1995 3323 2078 3388 co
2121 3321 2654 3402 διαλέγεςθαι,
2700 3320 2914 3382 θέλει
2958 3317 3276 3384 ἐκεῖνος

818 3506 1037 3561 Anava.
1116 3512 1148 3560 3
1189 3508 1237 3574 5)
1282 3521 1395 3560 non
1443 3523 1477 3561 a
1520 3507 1978 3577 pronominibus,
2026 3506 2121 3560 sed
2171 3506 2241 3559 ab
2288 3504 2572 3559 adverbiis
2619 3504 2793 3558 verba
2827 3502 3173 3557 derivantur.
3212 3536 3275 3544 —

681 3596 712 3644 9
757 3588 1045 3645 Adverbia
1088 3590 1265 3661 igitur
1307 3593 1440 3645 sunt:
1482 3590 1599 3646 illa.
1652 3624 1717 3632 —
1778 3600 1836 3647 10
1875 3593 1989 3660 Χρή
2039 3591 2097 3647 et
2141 3594 2223 3645 δεῖ
2269 3591 2340 3643 ab
2387 3589 2646 3643 omnibus
2680 3589 2799 3644 fere
2835 3587 3278 3643 adnumerantur

682 3675 894 3740 vorbis,
952 3705 1014 3715 —-
1074 3682 1136 3729 13
1183 3676 1229 3747 ι)
1275 3676 1428 3745 quod
1464 3693 1590 3731 cum
1630 3677 1802 3731 verbo
1849 3677 2274 3739 construuntur3
2328 3678 2373 3742 2)
2411 3675 2563 3743 quod
2601 3691 2729 3728 cum
2766 3671 2936 3729 verbo
2974 3674 3032 3726 et
3067 3675 3275 3728 casuali

682 3775 816 3814 voco
854 3761 1155 3814 coniuncta
1189 3761 1527 3816 sententiam
1565 3761 1849 3827 officiunt-‚3
1888 3793 1949 3801 —
1988 3767 2055 3815 23
2091 3762 2137 3829 3)
2163 3761 2315 3829 quod
2352 3777 2481 3814 cum
2504 3759 2932 3828 pronominibus
2956 3773 3058 3826 per
3082 3773 3275 3813 omnes
3365 3777 3374 3785 ·

680 3860 841 3900 casus
878 3844 1178 3901 coniuncta
1209 3863 1321 3901 non
1357 3845 1689 3912 flectuntnr;

816 4017 1038 4073 Taena.
1110 4024 1143 4073 8
1188 4015 1270 4072 cf.
1315 4017 1503 4076 Orion.
1551 4024 1673 4082 119,
1724 4023 1800 4070 11.
1885 4005 1975 4072 Et.
2022 4015 2097 4070 M.
2143 4023 2276 4082 618,
2322 4024 2399 4074 11.
2447 4055 2510 4064 -
2560 4026 2622 4074 ιο
2667 4022 2736 4078 cf.
2794 4018 2975 4089 Epim.
3024 4017 3110 4072 Cr.
3153 4023 3271 4083 434,

681 4111 712 4158 3
747 4121 869 4172 sqq.

817 4257 1009 4312 Discn.
1045 4275 1243 4310 sempr.
1318 4261 1363 4309 1.
1400 4259 1740 4320 ςυναλειφεν
1776 4257 1819 4310 Α
1875 4258 1884 4323 Ι
1937 4262 1986 4314 2.
2024 4271 2128 4310 ωαι
2164 4260 2207 4313 Α
2261 4260 2270 4324 Ι
2323 4262 2370 4310 3.
2408 4261 2714 4326 αντωνυμι·
2749 4260 2792 4313 Α
2833 4259 2843 4326 Ι
2892 4263 2941 4315 4.
2976 4257 3055 4311 sic
3087 4255 3274 4310 locum

683 4343 976 4397 constituit
1016 4340 1401 4406 RSchneider,
1459 4338 2004 4395 GFSchoemannum
2050 4342 2296 4408 secutuS,
2355 4341 2453 4410 qui
2497 4344 2574 4396 sic
2620 4343 2842 4412 scripsit
2886 4344 2975 4398 καὶ
3021 4341 3271 4407 δεύτερα,

683 4429 806 4483 ἐπεὶ
847 4428 917 4481 τὸ
954 4428 1070 4482 ἀπὸ
1104 4428 1301 4494 τρίτου
1338 4427 1736 4493 παραγόμενον
1771 4427 1971 4495 (ἀπὸ)
2008 4428 2319 4494 ςυνάρθρου
2357 4428 2530 4492 ἑςτίν;
2602 4429 2865 4494 δεύτερα,
2914 4428 3038 4480 ἐπεὶ
3074 4427 3165 4479 καί
3203 4427 3274 4479 τὸ

682 4514 797 4567 ἀπὸ
833 4513 1030 4580 τρίτου
1065 4513 1466 4579 παραγόμενον
1502 4511 1875 4580 (napa-sonex?
1911 4512 1979 4581 Α)
2025 4513 2340 4580 ςύναρθρόν
2377 4512 2490 4567 ἐςτι
2528 4512 2620 4567 Ab
2687 4515 2697 4579 Ι
2758 4512 2908 4565 inter
2941 4512 3179 4576 δεύτερα
3216 4511 3277 4563 cb

682 4599 805 4652 ἐπεὶ
842 4598 986 4652 sibno
1040 4599 1227 4665 παρὸν
1271 4599 1362 4651 καὶ
1408 4596 1568 4664 τρίτα
1612 4594 2000 4662 inserendum,
2050 4595 2276 4650 dubitat
2319 4596 2682 4652 RSchnoider
2743 4597 2753 4663 Ι
2816 4604 2865 4652 6.
2914 4597 2993 4650 ώς
3030 4596 3182 4662 παρὰ
3215 4594 3272 4660 b,

684 4699 873 4751 ωςπερ
892 4685 936 4737 Α
968 4690 978 4744 Ι
1008 4689 1055 4737 9.
1077 4686 1218 4750 ὅπερ
1241 4683 1384 4737 ἴδιον
1408 4681 1810 4748 ἐπιρρημάτων
1834 4683 2096 4750 suspecta
2115 4698 2233 4736 esse
2254 4685 2447 4736 censet
2459 4682 2685 4751 GUhlig
2714 4684 2722 4749 Ι
2759 4688 2833 4735 10.
2851 4679 3275 4749 inscriptionem

681 4783 786 4820 του
810 4784 915 4836 χρη
943 4785 1037 4822 και
1059 4771 1141 4823 δει
1165 4767 1452 4824 maiuso.A
1476 4768 1482 4834 Ι
1508 4771 1588 4823 15.
1609 4782 1750 4832 μετα
1768 4766 1832 4825 b,
1861 4769 2059 4821 καταΑ
2084 4767 2090 4837 Ι
2122 4773 2198 4822 17.
2226 4770 2523 4835 μεταμέλει
2549 4769 2735 4834 ὀρθῶς
2759 4766 3041 4835 Διονυςίῳ
3069 4764 3276 4818 adiecit

682 4852 719 4904 b
751 4853 760 4916 Ι
789 4857 874 4908 23.
902 4892 916 4906 .
943 4894 954 4905 .
985 4894 997 4907 .
1025 4852 1421 4923 ςχηματιςμὸν]
1448 4853 1547 4907 fol.
1580 4857 1678 4907 118
1700 4869 1760 4916 r.,
1787 4850 2049 4906 lacunam
2074 4852 2326 4921 explevit
2347 4854 2383 4906 b
2415 4856 2424 4919 Ι
2455 4857 2536 4907 25.
2561 4847 2770 4919 δευτερ“
2801 4854 2843 4905 Α
2878 4854 2886 4920 Ι
2916 4857 3000 4907 26.
3028 4853 3203 4918 βουλη
3229 4851 3273 4903 Α
