3738 5530
585 340 669 404 28
761 340 1200 395 Commentarius
1230 340 1456 395 criticus
1486 342 1544 396 et
1570 340 1889 411 exegeticus
1917 341 1977 395 in
2005 341 2292 411 Apollonii
2320 341 2548 411 Dyscoli
2577 342 2789 412 scripta
2815 305 3048 397 minora.

586 505 925 659 ιΙιὴ4ξὲτως
964 505 1118 585 ἔχον
1156 504 1245 570 εἰς
1282 505 1494 584 ἁπλῆν
1537 505 1893 584 μετάληψιν
1941 506 2042 587 (ἑο
2080 511 2331 570 incl.=
2363 507 2609 589 αὐτοῦ).
2664 523 2671 530 ·
2704 509 2790 571 Cf.
2820 510 3197 573 RSchneider

760 689 962 765 Neque
1016 707 1212 749 eormn
1255 690 1537 749 sententia
1570 690 1821 763 probari
1855 693 2069 764 potest,
2138 692 2238 765 qui
2283 691 2748 765 aequabilitatem
2791 692 2858 751 in
2903 708 2965 751 eo
3011 692 3193 766 dispi-

585 797 708 838 cere
734 780 847 839 sibi
871 780 1156 848 videnum,
1186 779 1339 853 quod
1353 779 1701 854 personalia
1726 782 1963 855 primae
1987 795 2280 855 personae
2306 771 2696 862 (singularia)
2725 781 2799 840 ab
2826 778 2863 840 ἒ
2888 782 3193 855 ino-spiam,

477 913 480 914 ν
581 870 756 943 idque
805 869 1029 943 factwm
1084 885 1203 928 esse
1255 872 1543 938 stamunt,
1597 885 1673 928 ne
1727 886 1973 929 casuum
2026 873 2080 929 et
2119 887 2517 944 personamvm
2572 874 2744 930 notae
2787 871 2843 930 si
2883 872 2950 929 in
2997 869 3197 930 eadem

582 958 847 1018 vocabuli
879 961 1056 1033 parte
1100 949 1420 1040 (extrema)
1469 962 1654 1017 essent
1688 958 2194 1032 confunderentwr.
2269 959 2432 1020 Nam
2466 960 2636 1019 nulla
2673 963 2756 1019 est
2790 959 3193 1033 aequabilitas,

582 1050 860 1122 quoniam
904 1048 1114 1107 dualia
1150 1051 1203 1106 et
1230 1048 1504 1122 plin-alia
1529 1049 1765 1122 primae
1789 1066 2082 1122 personae
2118 1050 2192 1109 ab
2227 1045 2262 1108 ἒ
2298 1067 2419 1108 non
2452 1050 2743 1123 incipiunt
2790 1050 2891 1125 12,
2914 1049 3190 1108 23—26.

759 1136 831 1196 In
878 1136 1239 1214 explicandis
1285 1136 1378 1196 his
1424 1135 1620 1197 verbis
1665 1141 1900 1198 secutus
1946 1156 2078 1198 sum
2116 1137 2299 1197 Skam
2344 1137 2377 1196 I
2414 1139 2470 1196 5.
2564 1132 2753 1198 ‘Haec
2788 1140 2889 1196 vix
2923 1138 3197 1217 intellegi

581 1229 846 1304 possunt,
892 1226 1009 1285 nisi
1049 1226 1388 1286 memineris
1432 1226 1669 1287 brevius
1715 1244 1839 1287 esse
1887 1227 2066 1303 dieta,
2112 1247 2246 1286 cum
2290 1228 2609 1304 respiceret
2653 1227 2731 1287 ad
2775 1247 2901 1287 rem
2937 1228 3195 1287 multum

582 1316 1109 1395 grammaticorum
1171 1315 1673 1392 disputationibus
1738 1319 2048 1394 agitatam.
2159 1316 2535 1387 Quaerebant
2598 1318 2755 1376 enim
2819 1317 3194 1396 grammatici

587 1399 751 1488 (vide
796 1424 962 1483 pron.
1017 1403 1159 1465 104⁸
1191 1408 1251 1464 et
1297 1408 1449 1482 synt.
1502 1407 1605 1481 95,
1629 1397 1740 1486 15)
1796 1425 1902 1465 cur
1956 1409 2308 1485 pronomina
2351 1425 2633 1485 personas
2677 1408 2876 1484 priore
2921 1405 3198 1466 vocabuli

581 1499 753 1573 parte
808 1495 1271 1574 distinguerent,
1324 1513 1444 1554 non
1490 1498 1560 1555 ut
1603 1496 1784 1555 verba
1828 1497 2273 1557 terminatione·
2334 1516 2581 1573 eamque
2628 1498 3036 1574 quaestionem
3078 1495 3193 1575 Ap.

582 1585 644 1644 11.
693 1603 772 1645 cc.
820 1585 908 1643 ita
954 1584 1258 1658 dissolvit,
1321 1586 1392 1644 ut
1445 1585 1672 1661 factum
1725 1585 1788 1644 id
1844 1604 1969 1646 esse
2025 1586 2213 1661 dicat,
2275 1606 2350 1646 ne
2405 1604 2649 1646 casuum
2704 1588 2765 1645 et
2807 1603 3197 1663 personarum

581 1678 757 1735 notae
817 1676 868 1734 si
922 1674 986 1733 in
1042 1673 1283 1734 eadem
1307 1651 1503 1734 essent
1564 1674 1837 1734 vocabuli
1902 1678 2073 1753 parte
2138 1675 2636 1735 confunderentur
2697 1666 3194 1756 (pron.104,12

471 1805 476 1809 -
582 1760 1147 1838 παρηκολούθηςεν
1195 1758 1275 1823 ἂν
1322 1755 1778 1845 ςυγχύνεςθαι).
1890 1765 2054 1825 Haec
2113 1766 2299 1844 igitur
2351 1765 2399 1824 ii
2454 1784 2707 1842 quorum
2760 1765 3055 1824 sententia
3107 1783 3196 1823 re-

584 1852 899 1932 darguitur
942 1854 1034 1912 ita
1079 1854 1536 1929 coniunxerunt,
1596 1856 1666 1913 ut
1708 1853 1772 1912 id
1817 1854 1891 1914 de
1938 1873 2055 1931 quo
2100 1855 2154 1913 h.
2204 1855 2241 1913 l.
2288 1854 2667 1933 potissimum
2713 1855 2915 1933 agitur
2956 1854 3021 1913 ιιι
3067 1872 3197 1914 sen-

584 1943 838 2003 tentiam
883 1943 1179 2002 causalem
1224 1942 1529 2018 referrent,
1576 1943 1846 2019 alterum,
1892 1946 2059 2004 cuius
2086 1943 2198 2021 Ap.
2246 1945 2373 2021 ipse
2417 1943 2515 2003 hic
2561 1943 2799 2021 quidem
2834 1944 3198 2004 mentionem

581 2051 701 2092 non
747 2032 986 2107 fecerat,
1032 2034 1321 2109 ponerent
1362 2031 1427 2091 in
1474 2034 1786 2093 enunciato
1831 2034 2135 2110 primario.
2228 2033 2357 2092 Iam
2404 2036 2599 2093 totum
2643 2034 2838 2093 locum
2885 2034 2972 2093 sic
3014 2033 3196 2092 inter-

580 2124 810 2199 pretor:
856 2140 1046 2198 neque
1091 2122 1201 2181 illa
1245 2120 1579 2199 probanda:
1626 2140 1760 2181 cum
1807 2125 1965 2182 enim
2009 2123 2292 2200 inquiunt
2339 2142 2375 2182 a
2418 2124 2613 2182 vocali
2657 2120 2693 2182 ἒ
2732 2122 3028 2199 incipiant
3061 2140 3197 2198 pro-

582 2212 827 2271 nomina
871 2231 957 2288 pr.
1005 2229 1157 2289 pers.
1206 2243 1291 2252 -—
1338 2230 1459 2288 qua
1502 2230 1567 2270 re
1614 2205 1999 2273 ἀκολουθίας
2045 2208 2304 2287 ἔχονται
2340 2244 2428 2253 ——
2462 2214 2527 2272 ιιι
2574 2215 2836 2271 exin-ema
2881 2211 3194 2271 vocabulo-

585 2322 720 2361 rum
783 2303 954 2378 parte
1019 2296 1309 2375 ςύγχυςις
1372 2303 1463 2360 est
1517 2301 1768 2361 evitata:
1834 2294 2016 2383 (quae
2076 2302 2379 2376 existeret,
2444 2302 2497 2361 si
2559 2319 2729 2362 casus
2794 2304 2855 2360 et
2910 2318 3196 2379 personae

584 2385 959 2451 ἀκολούθως
1003 2391 1066 2448 ιιι
1114 2391 1276 2450 exitu
1319 2391 1736 2467 pronominum
1781 2383 2331 2472 distinguerentur).
2424 2391 2700 2451 Fortasse
2719 2435 2735 2467 ,
2795 2390 2900 2466 qui
2942 2387 3034 2449 ita
3079 2390 3197 2449 dis-

584 2478 875 2554 serebant,
919 2497 1202 2557 personas
1250 2480 1577 2540 discernere
1622 2480 2041 2557 pronominum
2085 2482 2341 2540 maxime
2385 2482 2694 2558 proprium
2737 2481 2920 2541 fuisse
2966 2483 3027 2539 et
3061 2498 3196 2557 pro-

582 2573 792 2647 pterea
843 2569 964 2628 iam
1021 2563 1373 2648 ἀκολουθίᾳ
1427 2569 1573 2629 satis
1627 2571 1855 2630 factum
1900 2588 2025 2631 esse
2072 2570 2517 2646 existimabant,
2581 2570 2634 2631 si
2678 2588 2717 2630 a
2761 2571 2882 2629 suis
2929 2588 3197 2646 quaeque

583 2678 837 2736 persona
890 2659 1179 2736 inciperet
1232 2659 1475 2718 litteris:
1541 2676 1710 2719 casus
1769 2678 1904 2718 cum
1950 2659 2143 2720 verbis
2190 2660 2480 2737 appositis
2527 2659 2998 2720 discernerentur
3042 2652 3194 2718 ἀνα-

584 2744 915 2810 κολούθως
959 2747 1105 2828 fingi
1148 2749 1429 2826 potuisse.
1512 2747 1715 2810 Sentio
1762 2749 2003 2826 quidem
2050 2750 2196 2810 satis
2242 2749 2593 2827 impeditam
2640 2768 2765 2810 esse
2810 2748 2962 2808 hanc
3007 2750 3199 2808 totam

585 2838 1078 2915 disputationem,
1133 2857 1268 2898 cum
1323 2838 1591 2899 diversae
1645 2857 1738 2899 res
1783 2841 2019 2900 misceri
2065 2839 2405 2915 videantur3
2464 2839 2566 2900 sed
2613 2839 2717 2917 qui
2763 2840 2924 2898 omni
2966 2837 3198 2898 ratione

586 2928 927 3007 analogiam
972 2930 1155 2988 etiam
1199 2930 1262 2987 in
1307 2928 1754 3004 pronominibus
1801 2928 2231 2990 defendendam
2277 2948 2401 2990 esse
2439 2929 2551 2989 sibi
2586 2929 3022 3006 persuaserant,
3068 2947 3197 3005 spe-

583 3018 734 3078 ciem
791 3017 1005 3077 saltem
1059 3011 1442 3078 ἀκολουθία(
1497 3018 1792 3079 invenisse
1847 3019 1993 3079 satis
2049 3018 2332 3079 habentes
2391 3037 2591 3079 crassa
2636 3020 2885 3097 egerimt
2927 3016 3198 3076 Minerva

585 3100 683 3189 (cf.
712 3126 878 3184 pron
913 3108 1113 3179 12,18
1134 3100 1290 3188 sqq)
1328 3111 1389 3166 et
1424 3108 1602 3167 simul
1637 3109 1818 3167 eiiam
1860 3108 1939 3168 ad
1975 3109 2226 3168 alteram
2255 3108 2327 3167 de
2356 3127 2476 3184 qua
2503 3107 2757 3167 diximus
2787 3107 3193 3183 quaestionem

586 3195 1030 3273 respondenmt
1122 3196 1249 3256 Nec
1303 3195 1444 3273 quid
1500 3192 1686 3272 φύςις
1740 3195 1854 3257 sibi
1911 3199 2059 3258 velit
2103 3200 2249 3257 satis
2295 3200 2663 3299 compertum
2706 3195 3005 3256 habemus.
3097 3196 3193 3254 An

583 3286 675 3345 ita
717 3286 949 3345 locutus
996 3288 1112 3360 est,
1172 3285 1331 3387 quod
1374 3288 1593 3345 natura
1636 3287 1700 3345 in
1744 3287 2049 3346 vocabulis
2093 3305 2214 3346 non
2259 3288 2456 3346 minus
2502 3305 2682 3363 quam
2728 3286 2790 3345 ιιι
2835 3285 3010 3345 rebus
3057 3285 3192 3344 aliis

587 3393 740 3452 quae
795 3374 1123 3453 gignuntur
1178 3377 1298 3434 vim
1353 3394 1522 3435 suam
1578 3374 1880 3436 exhiberet
1936 3375 2320 3452 hominesque
2379 3377 2644 3436 naturali
2703 3374 2962 3451 quodam
3023 3391 3194 3434 sensu

585 3463 750 3524 ducti
804 3465 1157 3541 pronomina
1193 3484 1283 3524 ·ea
1335 3484 1517 3541 quam
1570 3464 1826 3525 diximus
1884 3466 2116 3526 ratione
2177 3463 2525 3526 finxissent}>
2596 3484 2763 3542 pron.
2817 3466 2962 3539 104,
2986 3465 3025 3523 8
3074 3481 3195 3539 φυ-

585 3551 769 3614 ςικῶς
815 3553 904 3613 ait
947 3550 1024 3613 τὸ
1070 3553 1370 3615 τοιοῦτον
1416 3548 1820 3629 ἀπετελέςθη.
1871 3551 1934 3616 αἱ
1978 3551 2246 3615 πτώςεις
2294 3550 2365 3615 ἐν
2410 3557 2503 3635 τῷ
2546 3552 2714 3615 τέλει
2760 3552 3195 3614 κινοῦνται...

583 3641 822 3703 πτῶςιν
876 3640 949 3703 δὲ
1006 3639 1410 3718 ἐπιδέχονται
1468 3639 1532 3702 αἱ
1588 3639 1996 3719 ἀντωνυμίαι.
2058 3638 2429 3720 ὀφείλουςιν
2485 3638 2612 3720 ἄρα
2665 3639 2828 3704 κατὰ
2881 3639 2959 3703 τὸ
3005 3638 3194 3704 τέλος

584 3731 881 3793 κινεῖςθαι
926 3734 988 3792 et
1021 3732 1162 3792 ibid.
1201 3733 1237 3791 l.
1274 3734 1354 3792 13
1402 3730 1973 3808 προνοητικώτατα
2019 3727 2146 3809 ἄρα
2189 3730 2352 3794 κατὰ
2395 3730 2472 3794 τὸ
2520 3727 2723 3809 ἄρχον
2769 3731 3029 3793 κινεῖται
3068 3731 3191 3792 scil.

584 3818 665 3882 τὰ
700 3816 1134 3896 πρωτότυπα’.
1173 3854 1262 3863 -
1307 3820 1681 3899 Quamquam
1716 3825 1909 3883 totam
1937 3822 2092 3883 Skae
2123 3824 2676 3901 interpretationem
2702 3821 2947 3899 protuli,
2991 3824 3193 3880 tamen

584 3911 684 3970 vix
730 3930 768 3970 a
812 3930 907 3970 me
952 3911 1206 3988 impetro
1252 3914 1321 3971 ut
1364 3912 1428 3970 in
1464 3932 1535 3972 ea
1572 3913 1953 3988 acquiescam
2043 3911 2174 3982 Qua
2209 3933 2274 3973 re
2309 3913 2460 3973 moti
2498 3913 2574 3972 ad
2612 3913 2863 3972 alteram
2900 3913 3196 3987 quaestio-

583 4020 719 4060 nem
766 4019 918 4077 qnae
961 4000 1018 4059 h.
1056 4001 1094 4059 1.
1133 4018 1375 4077 prorsus
1422 4002 1618 4061 aliena
1663 4005 1755 4062 est
1796 4002 2229 4080 responderunt
2272 4000 2405 4061 illi?
2483 4001 2598 4061 Hic
2635 4002 2793 4061 enim
2828 4000 2981 4059 nihil
3019 4018 3194 4076 quae-

584 4091 741 4150 ritur
785 4090 901 4150 nisi
947 4090 1085 4165 hoc,
1149 4091 1304 4150 sitne
1349 4085 1700 4152 ἀκολουθία
1743 4091 1807 4151 ιιι
1852 4093 2177 4170 primitivis
2221 4110 2420 4151 necne.
2514 4090 2677 4161 Quae
2720 4091 3068 4169 plerumque
3112 4090 3200 4148 ita

587 4183 934 4256 comparata
989 4182 1106 4254 est,
1169 4182 1239 4240 ut
1283 4182 1345 4240 et
1389 4180 1570 4256 stirps
1616 4182 1778 4241 vocis
1823 4182 2059 4261 integra
2105 4184 2372 4244 servetur
2417 4185 2477 4241 et
2519 4180 2666 4241 fines
2712 4180 3024 4259 analogiae
3069 4179 3199 4257 lege

585 4288 693 4345 per
737 4287 908 4329 casus
954 4268 1282 4328 flectantur.
1374 4269 1587 4345 Itaque
1634 4288 1759 4331 esse
1804 4290 1938 4331 eam
1980 4271 2045 4330 in
2090 4271 2398 4348 primitivo
2443 4272 2593 4349 sing.
2640 4270 2867 4349 primae
2911 4286 3198 4345 personae

585 4377 759 4418 nemo
804 4377 924 4418 non
970 4360 1289 4434 statueret,
1352 4360 1405 4418 si
1458 4359 1791 4420 flecteretur
1850 4355 2020 4432 ἐγών
2086 4355 2331 4432 ἐγῶνος
2398 4355 2607 4431 ἐγῶνι.
2698 4358 2800 4418 Illi
2854 4377 2993 4419 vero
3051 4375 3199 4435 quos

586 4445 819 4507 inducit
862 4446 973 4524 Ap.
1023 4449 1169 4508 satis
1223 4447 1559 4509 habuerunt
1611 4449 1837 4509 servari
1881 4468 2066 4508 unam
2109 4447 2145 4509 ἒ
2189 4449 2457 4509 litteram
2501 4451 2564 4509 in
2610 4450 2813 4524 initio3
2872 4446 2976 4507 sed
3021 4465 3093 4507 ea
3134 4466 3199 4506 re

589 4537 693 4611 qui
738 4532 1028 4610 ςύγχυςις
1083 4538 1310 4597 evitata
1369 4556 1494 4598 esse
1539 4538 1657 4598 dici
1701 4541 1900 4615 potest
1947 4533 2018 4598 ἐν
2065 4538 2198 4600 τοῖς
2243 4536 2527 4600 τέλεςινῬ
2618 4539 2822 4599 Etiam
2867 4539 2920 4597 si
2964 4537 3201 4615 integra

589 4625 805 4727 stirps
817 4629 1084 4686 maneret
1128 4646 1235 4704 per
1281 4646 1482 4688 omnes
1528 4646 1716 4702 casus,
1760 4628 1931 4686 nulla
1976 4630 2129 4687 esset
2175 4624 2489 4703 ςύγχυςις;
2538 4624 2829 4702 ςύγχυςις
2865 4628 3036 4701 esset,
3081 4645 3199 4685 non

589 4714 641 4772 si
688 4708 1129 4776 ἀκολούθως
1175 4719 1238 4775 ιιι
1282 4716 1398 4777 fine
1443 4719 1862 4819 pronominum
1899 4734 2068 4777 casus
2107 4721 2168 4777 et
2202 4735 2488 4821 personae
2525 4717 3050 4794 distinguerentur,
3097 4714 3200 4775 sed

589 4803 641 4862 si
687 4804 899 4862 simul
944 4803 1455 4884 distinguerentur
1498 4808 1562 4865 in
1597 4807 1733 4882 fine,
1777 4807 1903 4866 sive
1942 4801 2315 4868 ἀκολούθως
2352 4808 2476 4867 sive
2515 4800 2999 4876 ἀνακολούθως;
3049 4822 3201 4882 quae

590 4896 790 4951 tamen
836 4912 929 4953 res
974 4913 1050 4969 ne
1095 4894 1344 4974 cogitari
1393 4896 1632 4971 quidem
1689 4898 1902 4973 potest.
2016 4894 2135 4955 Gur
2177 4896 2364 4975 igitur
2408 4914 2614 4975 posse
2659 4894 2722 4953 id
2768 4894 2897 4953 fieri
2942 4894 3035 4953 illi
3080 4896 3201 4954 sta-

590 4980 868 5041 tuerent?
938 4982 1009 5042 In
1055 4987 1312 5043 mentem
1358 4985 1524 5044 venit
1568 4986 1653 5046 sic
1698 4985 1976 5046 scribere:
2020 4980 2061 5059 ἡ
2101 4980 2286 5061 φύςις
2325 4982 2395 5046 ἐν
2432 4984 2570 5046 τοῖς
2605 4982 2847 5046 τέλεςιν
2886 4980 3203 5045 οὐδέποτε
