3738 5530
1299 368 1670 420 onssssssm
1708 368 1784 419 m
1819 354 1973 420 ‘c-Tfffi
2013 366 2130 434 (ΕΤ
2159 351 2287 432 οἶ).
2969 365 3089 430 187

499 576 742 650 νυμιῶν
810 571 987 653 [ἐμεῦ
1057 571 1306 655 ἐμέθεν]
1371 570 1572 636 αὐτοῦ
1645 591 1687 636 α
1701 572 1739 635 ὐ
1754 593 1787 636 τ
1801 572 1839 636 ό
1851 577 1889 636 θ
1905 591 1934 636 ε
1950 593 1987 638 ν
2001 618 2019 650 ,
2087 572 2190 636 καὶ
2257 571 2389 637 ἀπὸ
2450 570 2791 649 ὀνομάτων
2848 569 2963 635 Λές
2973 574 3090 650 βου

499 672 926 755 Λεςβόθεν,
995 673 1234 737 παντός
1296 673 1447 738 πάν
1466 680 1733 756 τοθεν,
1801 675 1905 738 καὶ
1960 673 2411 753 ἐπιρρημάτων
2473 674 2674 752 τηλοῦ
2731 673 3089 751 τηλόθεν.

369 788 469 838 600
505 810 580 820 —
640 774 695 838 εἰ
747 774 964 853 μέντοι
1018 776 1092 839 ἓν
1148 773 1245 853 εἴη
1291 776 1364 840 τὸ
1432 780 1700 856 φωνῆεν
1756 777 1831 840 τὸ
1887 776 2046 840 κατὰ
2100 777 2175 841 τὸ
2233 776 2450 852 τέλος,
2512 775 2593 841 οὐ
2657 780 2805 858 τῇδε
2864 775 2995 853 ἔχει
3052 774 3090 839 ὁ

427 1203 454 1242 5

406 1613 455 1652 10

404 2014 451 2054 15

355 3742 458 3792 601

501 875 724 952 λόγος·
790 876 1173 955 φυλάςςεται
1226 878 1380 955 γάρ,
1452 878 1541 942 ὡς
1597 877 1702 942 ἐπὶ
1756 882 1872 942 τοῦ
1928 876 2099 942 κάτω
2151 877 2534 953 κάτωθεν,
2592 876 2717 943 ἔςω
2771 876 3088 942 ἔςωθεν.

496 1013 579 1023 -
636 976 997 1053 ἀναγκαίως
1052 978 1133 1042 τὰ
1187 979 1362 1057 παρὰ
1414 979 1528 1044 τὰς
1584 980 1915 1058 προθέςεις
1971 979 2276 1059 φυλάςςει
2329 979 2409 1043 τὰ
2461 979 2643 1057 τέλη,
2704 977 2792 1041 ὡς
2837 978 2968 1058 ἔχει
3012 978 3086 1043 τὸ
3125 991 3157 1038 5

499 1079 878 1158 πρόςθεν,
924 1079 1289 1158 ὕπερθεν.

672 1181 1072 1245 Ἐπιςτατέον
1105 1180 1223 1245 οὖν
1255 1187 1346 1265 τῷ
1390 1185 1774 1261 χαμαῖθεν
1806 1183 1911 1247 καὶ
1939 1182 2032 1248 ἔτι
2061 1188 2153 1265 τῷ
2182 1182 2358 1261 παρὰ
2389 1182 2690 1247 Ἀττικοῖς
2720 1183 3085 1260 χαμᾶθεν.

502 1283 603 1347 καὶ
634 1281 776 1361 ἔχοι
807 1282 887 1346 ἂν
921 1283 1303 1361 ςυνηγορίαν
1333 1282 1404 1347 ἐν
1434 1288 1510 1366 τῇ
1541 1284 1608 1347 ἇῑ
1631 1285 1965 1368 διφθόγγῳ
1986 1285 2195 1363 τήνδε.
2240 1284 2319 1348 τὰ
2343 1288 2549 1367 μακρᾷ
2569 1284 3092 1362 παρεδρευόμενα

500 1382 797 1468 ἀποβολῇ
857 1387 974 1448 τοῦ
1024 1370 1134 1450 ’θἐἶκ
1188 1387 1363 1448 ποιεῖ
1410 1385 1486 1449 τό
1532 1384 1843 1465 ἐπίρρημα
1887 1386 1961 1451 τὸ
2007 1385 2461 1466 πρωτότυπον,
2509 1386 2794 1449 κάτωθεν
2854 1384 3091 1460 κάτω,

503 1486 841 1565 πρόςωθεν
924 1485 1217 1565 πρόςω·
1306 1487 1694 1563 προςκείςθω
1771 1493 1864 1571 τῷ
1943 1488 2152 1571 λόγῳ,
2240 1486 2349 1551 ὅτε
2437 1486 2570 1551 ἀπὸ
2654 1486 3087 1565 ἐπιρρήματος
3126 1500 3191 1549 10

505 1588 974 1682 ἐςχημάτιςται.
1029 1585 1210 1667 εἴπερ
1255 1586 1376 1653 οὖν
1420 1593 1626 1672 μακρᾷ
1669 1590 2129 1669 παρεδρεύεται
2171 1588 2247 1652 τὸ
2292 1590 2621 1667 χαμαῖθεν,
2669 1587 2881 1667 ὀρθῶς
2926 1587 3089 1652 ἀπο-

505 1692 660 1773 βολῇ
704 1692 822 1754 τοῦ
868 1676 979 1755 θεν
1024 1689 1279 1769 ἐποίηςε
1326 1691 1442 1768 τὴν
1488 1691 1728 1769 χαμαί
1770 1690 2024 1771 φωνήν.
2101 1690 2269 1755 ἀλλὰ
2311 1690 2701 1769 πρόςκειται,
2759 1687 2858 1754 ὅτι
2903 1688 3089 1754 οὐδέ·

503 1812 660 1856 ποτε
705 1791 1062 1871 δίφθογγος
1107 1791 1521 1872 φυλάςςεται·
1565 1793 1667 1857 διὸ
1713 1793 2136 1872 ςημειούμεθα
2178 1792 2253 1857 τὸ
2301 1791 2569 1869 ἐκεῖθεν,
2615 1791 2762 1870 περὶ
2806 1789 2886 1855 οὗ
2930 1792 3091 1855 κατὰ

503 1894 577 1956 τὸ
633 1892 776 1971 ἑξῆς
829 1892 1158 1971 εἰρήςεται.
1234 1893 1311 1957 τὸ
1369 1891 1492 1958 οὖν
1536 1895 1702 1972 πρὸς
1744 1895 2042 1959 Ἀττικῶν
2087 1893 2281 1958 πάλιν
2338 1893 2691 1972 λεγόμενον
2750 1893 3089 1968 ἀναλογώ-

501 2013 691 2073 τερον
723 1994 1124 2072 καθέςτηκεν.
1187 1993 1348 2059 ὥςτε
1391 1994 1578 2060 ἕνεκα
1618 1995 1732 2075 μὲν
1761 2000 1876 2074 τῆς
1918 1994 2312 2075 μακρότητος
2349 1993 2389 2072 ἡ
2421 1995 2777 2074 δίφθογγος
2807 1994 3087 2073 μένουςα
3128 2010 3190 2058 15

500 2095 958 2175 ἀναλογωτέρα
1000 2094 1406 2175 καθέςτηκεν,
1466 2096 1653 2162 ἕνεκα
1708 2098 1778 2161 δέ
1822 2101 1940 2162 τοῦ
1984 2096 2060 2161 τὸ
2115 2096 2422 2175 δεύτερον
2480 2100 2745 2175 φωνῆεν
2802 2095 3086 2175 ἀποβάλ·

501 2200 738 2273 λεςθαι,
797 2197 876 2261 τὸ
920 2197 1221 2262 Ἀττικόν.
1275 2232 1340 2243 -
1403 2199 1506 2263 καὶ
1559 2199 1642 2277 μή
1693 2218 1854 2263 ποτε
1911 2196 2120 2263 ὄντως
2174 2196 2674 2277 ἀναλογώτερον
2731 2197 3088 2272 καθέςτηκε.

498 2298 580 2361 τὰ
623 2298 693 2362 ἐκ
736 2298 1097 2378 διφθόγγου
1139 2299 1448 2377 γινόμενα
1489 2301 1566 2365 τὸ
1624 2301 1918 2379 ληκτικὸν
1965 2301 2233 2379 φωνῆεν
2278 2297 2566 2381 <βραχὺ>
2612 2299 3084 2378 καταλιμπάνει,

502 2402 701 2477 τηλοῦ
745 2400 1052 2488 τηλόθεν,
1098 2399 1300 2466 αὐτοῦ
1345 2400 1646 2479 αὐτόθεν,
1694 2400 1881 2466 οἴκου
1926 2399 2203 2466 οἴκοθεν.
2264 2401 2463 2481 ςαφὲς
2507 2398 2657 2482 οὖν,
2703 2398 2800 2464 ὅτι
2845 2402 2944 2463 δεῖ
2987 2399 3091 2464 καὶ

500 2501 677 2578 παρὰ
718 2500 796 2565 τὸ
841 2500 1202 2584 χαμαί[θεν]
1248 2503 1530 2581 χαμάθεν
1576 2502 1647 2567 ἐν
1692 2505 1913 2582 βραχεῖ
1941 2506 2032 2584 τῷ
2064 2504 2123 2565 ἆ.
2187 2501 2339 2567 ἀλλ’
2380 2502 2589 2567 ἐκεῖνο
2626 2499 2858 2579 ἀληθές
2901 2500 3085 2576 ἐςτιν,
3124 2518 3191 2568 20

503 2602 591 2667 ὡς
649 2602 971 2682 Ἀθηναῖοι
1024 2603 1336 2668 ἐκτατικοί
1391 2603 1502 2668 εἰςι
1558 2609 1690 2670 τῶν
1760 2604 2188 2684 φωνηέντων.
2266 2604 2369 2668 καὶ
2432 2602 2525 2668 ἔτι
2589 2602 2799 2668 ἐκεῖνο
2856 2600 3088 2679 ἀληθές

500 2703 682 2786 ἐςτιν,
732 2705 824 2770 ὡς
869 2705 967 2771 ἀεὶ
1010 2705 1048 2784 ἡ
1095 2704 1420 2784 ὑποςτολὴ
1451 2708 1568 2771 τοῦ
1609 2709 1649 2789 i,
1696 2704 2192 2785 δευτερεύοντος
2231 2706 2351 2770 τοῦ
2392 2704 2797 2786 φωνήεντος,
2843 2702 3087 2769 ἔκταςιν

499 2809 772 2872 ποιεῖται
816 2812 935 2873 τοῦ
981 2810 1041 2872 ἃ.
1118 2806 1329 2874 οὕτως
1373 2805 1504 2887 ἔχει
1548 2809 1654 2873 καὶ
1695 2810 1771 2873 τὸ
1978 2858 1992 2871 .

1231 2907 1647 2986 ἰθᾶγενέεςςιν
1692 2909 1872 2989 ἐτίμα
1918 2911 1977 2990 (ξ
2021 2907 2175 2994 203)

498 3010 671 3087 παρὰ
733 3015 810 3075 τὸ
878 3010 1118 3076 ἰθαίνω.
1203 3009 1412 3076 οὕτως
1477 3011 1609 3089 ἔχει
1671 3012 1773 3076 καὶ
1824 3011 1901 3076 τὸ
1960 2996 2058 3076 αεί
2116 3010 2220 3094 (τὸ
2274 3013 2399 3091 γὰρ
2457 3010 2959 3088 ἀναλογωτερον
3018 3010 3090 3076 ἐν
3124 3030 3192 3080 25

500 3117 715 3195 μακρῷ
769 3118 860 3195 τῷ
917 3113 1005 3193 α).
1078 3111 1286 3177 οὕτως
1344 3112 1475 3192 ἔχει
1528 3112 1630 3177 καὶ
1683 3113 1758 3178 τὸ
1817 3111 1992 3178 κλᾰω
2038 3113 2214 3192 παρὰ
2258 3113 2561 3179 Ἀττικοῖς
2618 3113 2721 3178 καὶ
2763 3112 2838 3176 τὸ
2894 3114 3088 3191 φᾶνῶ

497 3213 599 3276 καὶ
640 3214 715 3278 τό
774 3176 983 3292 ῥάνῶ,
1044 3213 1202 3279 κατά
1255 3234 1313 3278 τι
1358 3214 1698 3294 παράλογα
1753 3214 1944 3296 ὄντα,
2000 3213 2099 3280 ὅτι
2152 3219 2360 3299 μακρᾷ
2411 3213 2897 3295 παρεδρεύεται·
2959 3213 3090 3293 ἔχει

500 3315 653 3405 QZ>
699 3314 1089 3392 ἀπολογίαν,
1135 3316 1291 3381 καθὸ
1335 3316 1375 3394 ἡ
1419 3320 1537 3381 τοῦ
1580 3319 1628 3381 ἰ·
1690 3314 2015 3397 ὑποςτολὴ
2061 3315 2312 3382 ἔκταςιν
2354 3324 2447 3401 τῷ
2492 3320 2534 3380 ἃ
2576 3317 2856 3396 παρέχει.
2930 3316 3091 3380 κατὰ

497 3420 734 3481 τοῦτον
779 3414 907 3496 ἄρα
948 3418 1064 3482 τὸν
1110 3418 1357 3496 τρόπον
1403 3419 1579 3497 παρὰ
1621 3417 1697 3481 τὸ
1743 3416 1936 3497 χαμαί
1981 3418 2056 3482 τὸ
2103 3421 2383 3497 χαμᾶθεν
2430 3418 2791 3496 ἀναγκαίως
2819 3417 3089 3484 ἐξέτεινε

497 3518 571 3583 τὸ
617 3520 674 3582 ἆ.
749 3520 853 3583 καὶ
896 3519 1042 3598 περὶ
1085 3522 1201 3583 τοῦ
1244 3519 1659 3599 τετριμμένου
1712 3520 1783 3584 δὲ
1827 3519 1987 3584 κατὰ
2041 3520 2116 3585 τὸ
2173 3520 2313 3598 ἑξῆς
2357 3519 2695 3600 εἰρήςεται,
2759 3519 2928 3595 λέγω
2972 3522 3088 3584 τοῦ
3124 3539 3192 3588 30

499 3619 797 3699 χαμόθεν.

673 3722 783 3787 Καὶ
826 3723 902 3788 τὸ
948 3722 1187 3787 ἐκεῖθεν
1232 3723 1323 3799 δέ,
1369 3720 1448 3787 οὐ
1494 3723 1681 3802 φύςει
1725 3719 1883 3801 ἔχον
1926 3724 2044 3802 τὴν
2088 3727 2145 3788 ἴι
2173 3721 2530 3803 δίφθογγον
2562 3722 3086 3803 παραλήγουςαν,

500 3822 860 3900 ἀναγκαίως
925 3824 1206 3904 ἐφύλαξε
1269 3825 1386 3903 τὴν
1453 3825 1780 3903 ποςότητα
1840 3826 1974 3890 τῶν
2031 3826 2456 3905 φωνηέντων.
2545 3825 2721 3903 παρὰ
2781 3825 2907 3903 γὰρ
2969 3826 3088 3902 τὴν

499 3925 720 4003 ἐντελῆ
765 3927 996 4005 φωνὴν
1040 3926 1156 4005 τὴν
1201 3925 1449 3991 ἐκεῖνος
1493 3927 1596 3991 καὶ
1638 3927 1753 4005 τὴν
1799 3925 2051 3991 ἐκείνου
2092 3926 2170 3991 τὸ
2214 3926 2578 3991 ἀκόλουθον
2621 3924 2701 4004 ἦν
2744 3925 3089 4009 ἐκεινόθεν,

497 4027 573 4092 τὸ
617 4028 689 4092 δὲ
733 4028 892 4093 κατὰ
936 4030 1262 4107 ςυγκοπὴν
1308 4027 1565 4093 ἐκεῖθεν.
1636 4031 1776 4093 ταῖς
1834 4028 1905 4091 δὲ
1950 4029 2286 4106 ληγούςαις
2332 4030 2465 4093 τῶν
2510 4027 2885 4108 διφθόγγων
2928 4029 3090 4093 κατὰ
3124 4049 3192 4098 35

631 4228 847 4283 Aaou.
920 4234 970 4284 7.
1018 4228 1264 4295 Quacum
1310 4229 1438 4299 lege
1486 4227 1720 4282 atticum
1767 4232 2041 4295 χαμᾶθεν,
2098 4243 2133 4281 a
2179 4228 2350 4295 χαμαί
2400 4227 2744 4296 derivatum,
2799 4229 3088 4294 convenit3

497 4328 838 4382 quamquam
877 4313 1050 4367 etiam
1086 4318 1356 4381 χαμαῖθεν
1391 4313 1573 4367 forma
1604 4311 1804 4379 habet,
1842 4330 1955 4382 quo
1991 4312 2433 4368 commendetur.
2486 4344 2546 4353 —
2585 4319 2651 4368 32
2697 4314 2941 4370 Ἐκεῖθεν
2974 4329 3086 4367 non

499 4413 535 4450 a
565 4401 766 4451 natura
799 4404 850 4451 ἐἶ
886 4397 1296 4468 diphthongum
1332 4396 1390 4450 in
1426 4395 1777 4467 paenultima
1809 4397 2010 4465 habet,
2044 4396 2146 4452 sed
2182 4413 2251 4452 ex
2286 4399 2570 4453 ἑκεινόθεν
2603 4397 2813 4452 factum
2851 4400 2952 4454 est.

631 4597 819 4654 Dmcn.
859 4618 1054 4658 scam.
1128 4608 1177 4661 1.
1211 4602 1343 4667 ἐμεῦ
1381 4602 1582 4668 ἐμέθεν
1617 4599 1832 4654 delevit
1863 4599 2232 4656 RSkrzeczka
2260 4600 2271 4671 Ι
2301 4606 2348 4655 7.
2384 4602 2490 4656 οὖν
2523 4608 2609 4671 τῷ
2644 4600 2707 4667 b,
2746 4618 2848 4655 ουν
2882 4618 2953 4655 το
2989 4601 3033 4655 Α
3072 4606 3083 4668 Ι

503 4689 582 4741 18.
625 4686 794 4753 βραχύ
841 4684 969 4738 add.
1016 4684 1054 4739 b
1125 4688 1134 4751 Ι
1207 4692 1289 4742 20.
1337 4686 1507 4755 χαμαί
1541 4685 1794 4753 χαμάθεν
1830 4684 2231 4752 GHSohaefer,
2277 4689 2551 4754 χαμαῖθεν
2594 4686 2843 4753 χαμάθεν
2878 4686 2943 4747 b,
2988 4686 3085 4753 χά·

503 4773 691 4832 μαιθεν
726 4772 976 4838 χάμαθεν
1011 4769 1247 4836 FJBast,
1284 4777 1555 4838 χαμαιθεν
1589 4772 1841 4837 χαμαθεν
1880 4771 1924 4825 Α
1964 4771 1974 4838 Ι
2021 4775 2104 4825 21.
2142 4787 2566 4826 επεκτετατικοι
2589 4773 2633 4825 Α
2682 4776 2692 4837 Ι
2738 4776 2818 4825 28.
2857 4772 2918 4825 δέ
2955 4770 3086 4828 add.

502 4851 544 4904 b
571 4853 584 4922 Ι
611 4859 746 4909 καθο
782 4871 955 4925 supra
989 4854 1085 4915 lin.
1122 4856 1220 4923 A2,
1259 4869 1366 4911 om.
1403 4856 1470 4911 ΑΙ
1502 4859 1512 4926 Ι
1543 4862 1626 4910 29.
1669 4855 2013 4925 ἀναγκαίως]
2050 4854 2143 4909 fol.
2188 4860 2282 4910 143
2307 4873 2351 4910 r.
