3738 5530
652 368 736 433 62
1587 369 1775 421 ΠΕΡΙ
1809 367 2311 421 mmmmm.

1514 473 2394 527 p.78(338)136—80(340)1310b

654 571 927 637 δείξεως.
1013 571 1106 636 ἔτι
1151 570 1616 649 δεικτικώτεραι
1660 571 1992 651 γινόμεναι
2039 570 2145 634 διὰ
2187 572 2303 632 τοῦ
2346 569 2368 631 ῐ
2410 564 2917 647 ἑπεκτείνονται,
2965 562 3258 642 οὑτοςί,

655 672 809 738 ὁδί·
856 674 998 738 ἀλλ’
1044 671 1257 743 οὐκέτι
1299 672 1338 749 ἡ
1384 670 1610 755 αὐτός,
1657 672 1812 737 οὐδὲ
1859 673 1985 750 γὰρ
2031 670 2321 747 δεικτικὴ.

826 774 993 854 «Οὐχ
1050 774 1222 851 ὑγιὲς
1268 774 1514 854 λέγειν,
1559 773 1697 838 ἐπεὶ
1740 774 1844 837 καὶ
1887 773 1962 859 τὸ
2008 772 2040 835 ἕ
2086 770 2470 853 ἐγκλίνεται,
2527 769 2765 835 εὐθέως
2807 768 2907 834 καὶ
2951 768 3026 833 τὸ
3071 787 3255 847 μετα-

602 866 609 875 ’
656 876 1145 955 λαμβανόμενον
1192 874 1408 939 αὐτόν.
1500 874 1643 938 ἰδοὺ
1688 874 1810 953 γὰρ
1854 876 1932 939 τὸ

588 996 621 1045 5
852 1063 867 1082 .
910 976 1048 1042 ἐπεί
1092 976 1165 1041 ἑο
1210 976 1440 1054 κήδετο
1487 977 1628 1055 λίην
1674 974 1734 1058 (ξ
1777 974 1934 1060 461)
3291 966 3335 1039 θ’

657 1063 761 1125 καὶ
802 1083 878 1127 το
1422 1120 1534 1209 νκαί
1581 1144 1643 1209 οἱ
1687 1144 2122 1226 ἐπευχόμενος
2167 1142 2253 1228 (Φ
2304 1142 2478 1226 121)·

653 1249 757 1313 καὶ
798 1249 880 1313 τὰ
923 1245 1536 1328 μεταλαμβανόμενα
1578 1247 1810 1327 ταύτης
1864 1249 1978 1324 τῆς
2031 1246 2271 1312 τάςεως
2327 1244 2407 1310 οὐ
2452 1244 2799 1324 τυγχάνει.»
2889 1244 3091 1322 Ἅπερ
3137 1242 3255 1307 οὐκ

654 1350 867 1429 ἤγειρε
920 1351 1038 1427 τὴν
1094 1348 1551 1428 ὑπερκειμένην
1608 1349 1927 1428 ςυλλαβὴν
1974 1346 2064 1413 εἰς
2109 1347 2353 1424 ὀξεῖαν,
2412 1346 2651 1426 ὁμοίως
2693 1351 2770 1429 τῇ
2814 1344 3015 1409 αὐτόν
3061 1344 3249 1408 αἰτια-

545 1471 620 1518 ·10
655 1457 819 1534 τικῇ,
879 1450 1020 1515 ἐπεὶ
1070 1453 1209 1514 τοῖς
1267 1448 1718 1528 τετραχρόνοις
1771 1449 1846 1512 τὸ
1905 1448 2255 1525 ἐγκλιτικὸν
2314 1448 2394 1513 οὐ
2450 1448 2826 1526 παρείπετο·
2885 1446 3040 1511 οὐδὲ
3095 1446 3254 1510 κατὰ

654 1554 772 1632 τὴν
815 1552 1140 1631 προτέραν
1187 1552 1501 1631 ςυλλαβὴν
1549 1551 1832 1632 ὠξύνθη,
1878 1551 2039 1632 ὅπερ
2083 1555 2221 1616 τοῖς
2266 1549 2719 1629 τετραχρόνοις
2755 1548 3249 1631 παρηκολούθει,
3287 1563 3423 1615 ’19Α

657 1654 746 1717 ὡς
792 1653 899 1718 ἐπὶ
939 1656 1054 1717 τοῦ
1100 1652 1397 1717 ἔδωκεν
1441 1651 1654 1734 ἥμῐν,
1698 1650 2049 1730 ἥρπαςεν
2095 1651 2346 1735 ἥμων,
2392 1651 2536 1715 ἐπεὶ
2573 1649 2998 1729 Αἰολικώτερα
3042 1650 3253 1727 τὰτῆς

655 1756 1001 1835 προφορᾶς
1058 1752 1406 1817 καθίςτατο.
1510 1753 1661 1818 ὅθεν
1728 1752 1883 1818 οὐδὲ
1939 1753 2044 1817 ἐπὶ
2097 1758 2207 1832 τῆς
2262 1752 2745 1832 ἀπολελυμένης
2810 1750 3104 1831 ςημαςίας
3160 1753 3256 1814 δεῖ

655 1858 772 1923 τὸν
837 1855 1036 1921 τόνον
1108 1858 1219 1932 τῆς
1293 1855 1773 1935 περιςπωμένης
1836 1853 2229 1934 τρανότερον
2295 1854 2760 1935 προφέρεςθαι,
2832 1851 3000 1916 ἀλλὰ
3073 1855 3252 1918 νοεῖν

560 1976 624 2024 15
661 1952 842 2022 ὅπως
887 1958 962 2021 τὸ
1006 1959 1118 2035 τῆς
1164 1957 1497 2033 ἐγκλίςεως
1541 1960 1745 2036 ςχῆμα
1789 1956 2200 2036 φυλάςςηται.

824 2057 1211 2137 Προείρηται
1276 2057 1367 2123 ὡς
1432 2059 1623 2123 παντὶ
1675 2058 2007 2141 προςώπῳ
2062 2057 2599 2140 ὀρθοτονουμένῳ
2656 2054 2928 2136 ςύνεςτι,
2994 2056 3095 2121 διὸ
3153 2055 3252 2120 καὶ

657 2161 1105 2240 ἐπιταγματικὴ
1163 2157 1449 2224 ἐκαλεῖτο
1493 2160 1622 2224 ὑπὸ
1670 2159 2094 2239 Ἀριςτάρχου.
2195 2159 2385 2224 Ἀλλὰ
2437 2159 2560 2238 μὴν
2605 2158 2707 2223 καὶ
2750 2161 3058 2236 κτητικαῖς
3108 2177 3250 2222 ςυν-

655 2263 974 2337 τάςςεται,
1031 2266 1281 2341 γενικῆς
1325 2262 1630 2325 πτώςεως
1675 2259 1855 2325 οὗςα.
1946 2262 2047 2325 καὶ
2103 2261 2303 2340 ςαφές
2358 2260 2524 2324 ἐςτιν
2582 2259 2671 2323 ὡς
2715 2259 2909 2324 πάλιν
2956 2259 3245 2325 ςύνταξιν
3281 2271 3327 2326 Β
3435 2304 3440 2309 -

658 2362 788 2443 ἔχει
832 2367 945 2441 τῆς
989 2362 1457 2442 πρωτοτύπου,
1502 2362 1636 2440 ἥτις
1680 2362 1751 2426 ἐν
1795 2368 1888 2446 τῷ
1932 2363 2185 2440 κτήτορι
2229 2365 2472 2426 νοεῖται
2515 2362 2677 2424 κατὰ
2720 2360 2994 2439 γενικήν,

555 2485 622 2532 20
912 2463 1127 2529 αὐτῶν
1171 2465 1297 2542 γὰρ
1342 2464 1712 2547 ςφετέρῃςιν
1763 2464 1829 2542 (α
1876 2462 1980 2548 7),

910 2564 949 2643 ἦ
996 2566 1108 2630 ἑὸν
1153 2564 1355 2629 αὐτοῦ
1401 2568 1618 2644 χρεῖος
1664 2564 1734 2650 (α
1776 2563 1951 2649 409)·

658 2668 738 2733 τὰ
780 2668 903 2745 γὰρ
947 2666 1132 2732 ἐντὸς
1175 2667 1489 2746 πρόςωπα
1530 2666 1783 2731 τούτων
1829 2666 1901 2731 ἐν
1946 2671 2161 2750 γενικῇ
2208 2666 2440 2731 πτώςει
2484 2670 2743 2733 νοεῖται.

720 2849 725 2855 .
831 2769 1018 2847 Μόνη
1064 2770 1525 2836 διπλαςιάζεται
1571 2769 1746 2847 παρὰ
1789 2769 2143 2848 Δωριεῦςιν
2198 2769 2237 2847 ἡ
2283 2768 2478 2833 αὐτός
2523 2770 2593 2834 ἐν
2638 2775 2731 2851 τῷ
2775 2768 3120 2851 αὐταυτός,
3176 2768 3250 2833 αἰ

796 2951 1014 3003 Anava.
1087 2958 1119 3004 3
1156 2951 1499 3006 ‘Absurdum
1538 2952 1897 3018 est=dicere’,
1941 2953 2126 3021 inquit
2160 2952 2414 3023 Trypho,
2462 2953 2611 3008 ‘ideo
2649 2954 2809 3022 ‚quod
2856 2956 2884 3008 ἕ
2926 2952 3245 3018 inclinetur,

658 3036 832 3089 etiam
875 3035 935 3088 id
979 3034 1266 3104 inclinari,
1314 3037 1465 3105 qnod
1501 3052 1604 3106 pro
1642 3053 1709 3091 eo
1745 3040 2075 3107 usurpatur,
2123 3039 2330 3102 αὐτόνς
2385 3055 2517 3091 nam
2562 3039 2734 3092 etiam
2780 3039 2848 3092 οὗ
2893 3038 2950 3093 ol
2985 3035 3249 3092 enclitica

657 3122 813 3186 sunt,
860 3135 970 3173 non
1025 3121 1157 3173 sunt
1198 3136 1346 3187 quae
1393 3121 1451 3173 in
1498 3137 1691 3175 eorum
1725 3123 1912 3177 locum
1947 3120 2386 3189 substituuntur,
2433 3125 2611 3177 αὐτοῦ
2663 3125 2864 3191 αὐτῷ’.
2945 3123 3100 3188 Quae
3135 3138 3244 3176 non

658 3205 894 3273 possunt
928 3204 1243 3272 comparari
1278 3222 1403 3258 cum
1442 3207 1648 3274 αὐτόν,
1694 3206 1845 3274 quod
1883 3198 2110 3261 omnino
2144 3207 2406 3261 inclinari
2439 3209 2752 3275 nequeunt3
2799 3224 2930 3261 nam
2965 3207 3012 3259 si
3050 3223 3245 3260 accen-

658 3291 779 3341 tum
827 3287 1208 3354 retraherent,
1256 3288 1507 3344 aeolicae
1552 3291 1766 3344 formae
1804 3291 2125 3345 evaderent
2175 3322 2242 3331 -
2290 3296 2352 3345 16
2388 3290 2555 3345 Omni
2598 3292 2887 3361 primitivo
2923 3293 3076 3346 recto
3111 3293 3246 3345 tono

658 3373 854 3425 notato
913 3372 1153 3426 adicitur
1195 3375 1396 3439 αὐτός,
1454 3375 1612 3428 cuius
1662 3375 1959 3445 genetivus
2005 3376 2180 3429 etiam
2233 3394 2360 3429 cum
2412 3376 2738 3445 possessivis
2782 3376 3136 3430 construitur.
3183 3407 3245 3415 —

659 3463 723 3509 23
759 3455 947 3509 Unum
984 3458 1164 3511 αὐτόν
1201 3459 1538 3527 geminatur,
1573 3477 1748 3512 unum
1785 3460 2157 3528 componitur,
2194 3477 2320 3514 cum
2357 3459 2783 3529 pronominibus
2818 3460 2924 3527 ita,
2962 3463 3028 3513 ut
3061 3461 3247 3529 poste-

657 3540 891 3608 riorem,
929 3558 1057 3594 cum
1093 3541 1216 3594 aliis
1252 3543 1542 3597 vocabulis
1575 3544 1683 3611 ita,
1719 3547 1786 3598 ut
1818 3545 2065 3612 priorem
2101 3544 2289 3599 locum
2325 3547 2579 3613 occupet.

791 3709 1022 3768 Tanna.
1075 3715 1136 3763 16
1160 3711 1336 3765 Prisc.
1361 3712 1484 3779 XII,
1510 3719 1542 3765 6
1565 3730 1620 3781 p.
1646 3720 1761 3780 580,
1795 3721 1848 3767 11
1880 3714 2053 3768 Hertz
2091 3715 2251 3784 ipse’
2287 3729 2413 3769 vero
2445 3716 2697 3770 omnibus
2717 3716 2894 3772 verbis
2916 3716 3245 3771 adiunctum

649 3795 1043 3863 perfectionem
1077 3795 1260 3849 habet.-
1297 3797 1438 3864 ‘ipsc
1473 3797 1646 3860 dedi’,
1688 3799 1827 3866 ‘ipse
1862 3800 2106 3853 dedisti’.
2172 3814 2294 3868 erqo
2317 3800 2414 3853 hoc
2446 3814 2745 3868 pronomen
2770 3796 3246 3870 ἕπιταγματικόν,

657 3879 754 3932 hoc
788 3884 865 3933 est
899 3879 1273 3947 impositionem
1307 3881 1393 3935 vel
1424 3882 1862 3950 ειιὺίιιηοὲίυαηι,
1898 3889 2094 3938 vocant
2131 3883 2362 3947 Graeci,
2401 3884 2548 3952 quod
2580 3885 2665 3938 vel
2697 3886 2984 3954 subiungit
3018 3886 3103 3939 vel
3123 3885 3245 3939 sub-

655 3964 917 4033 iunyitur
948 3963 1115 4019 alteri
1139 3966 1478 4031 pronomini.
2593 3995 2612 4012 ι
3151 3975 3180 4007 ·

792 4114 988 4171 stcn.
1026 4134 1228 4171 somn.
1303 4123 1346 4176 1.
1385 4120 1469 4172 ἔτι
1516 4148 1582 4157 —
1612 4108 1659 4172 '2
1697 4122 1944 4189 δεικτική
1982 4120 2239 4176 eiciendo
2273 4137 2393 4175 esse
2431 4124 2622 4176 censet
2656 4120 3027 4175 RSkrzeczka
3073 4124 3083 4191 Ι
3137 4124 3244 4177 δει-

659 4217 975 4268 κτικοτεραι
1010 4203 1054 4255 Α
1110 4206 1120 4269 Ι
1183 4207 1356 4258 3—4.
1396 4205 1968 4271 μεταλαμβανόμενον
2004 4207 2183 4260 αὐτόν
2219 4207 2319 4259 aut
2353 4208 2925 4272 μεταλαμβανόμενον
2959 4209 3030 4261 τὸ
3068 4209 3245 4262 αὐτόν

657 4283 1046 4351 RSkrzeczka,
1091 4288 1661 4353 μεταλαμβανόμενον
1697 4291 1788 4342 καὶ
1823 4290 2003 4344 αὐτόν
2038 4290 2158 4356 Ab,
2208 4289 2512 4356 ‘Fortassffi
2556 4293 2627 4345 τὸ
2673 4294 3245 4358 μεταλαμβανόμενον

659 4369 739 4423 εἰς
774 4370 918 4423 αὐτὸ
954 4368 1045 4423 vel
1080 4370 1159 4425 εἰς
1195 4372 1398 4440 αὐτὴν’
1435 4371 1472 4424 b
1507 4372 1565 4424 in
1602 4388 1716 4428 var.
1742 4371 1873 4429 lect.
1911 4375 1921 4440 Ι
1960 4379 2007 4426 9.
2044 4390 2274 4441 ηγειρην
2311 4374 2353 4426 Α
2404 4378 2412 4443 Ι
2465 4380 2540 4429 10.
2568 4376 2638 4427 τὸ
2663 4377 2978 4440 ἑγκλιτικὸν
3003 4374 3243 4445 GUhlig,

656 4458 779 4505 τῶν
804 4453 1135 4517 ἑγκλιτικῶν
1160 4454 1253 4509 Ab
1283 4456 1292 4521 Ι
1330 4461 1406 4507 12.
1441 4458 1576 4522 ἥμιν
1596 4454 1835 4525 GUhlig,
1876 4456 2063 4522 t‘m‘wb
2093 4460 2103 4526 Ι
2136 4462 2214 4515 13.
2240 4461 2634 4526 απολλυμενης
2660 4460 2702 4512 Α
2735 4462 2745 4527 Ι
2780 4465 2858 4512 14.
2883 4477 3246 4527 τρανωτερον

659 4589 703 4643 Α
735 4591 744 4654 Ι
775 4588 917 4642 ἀλλὰ
943 4593 1098 4643 νοεῖν
1126 4588 1249 4657 Ab,
1287 4590 1413 4643 ἀλλ’
1436 4592 1650 4645 ἀνιέναι
1673 4589 1899 4645 KLehrs
1928 4594 1938 4657 Ι
1973 4599 2051 4647 15.
2078 4593 2239 4648 ὅπως
2262 4592 2328 4660 b,
2366 4560 2524 4646 omne
2550 4596 2621 4661 A,
2655 4592 2882 4648 litterae
2909 4611 3034 4649 πως
3059 4594 3131 4648 ab
3150 4597 3207 4649 A'
3234 4597 3241 4662 Ι

663 4676 742 4725 16.
780 4690 1029 4727 ςυνεςτιν
1065 4675 1109 4727 Α
1150 4676 1161 4738 Ι
1201 4679 1438 4728 16.-1’1.
1475 4676 1560 4728 διὸ
1596 4679 1686 4729 καὶ
1723 4667 2150 4745 ἑπιταγματική]
2189 4676 2282 4736 fol
2326 4682 2419 4731 167
2443 4696 2496 4731 v.
2532 4681 2545 4742 Ι
2585 4684 2666 4736 21.
2705 4682 2739 4746 ἢ
2764 4679 2802 4732 b
2832 4685 2845 4746 Ι
2874 4685 2955 4733 23.
2992 4696 3019 4733 ε
3053 4679 3247 4733 littera

660 4756 813 4810 vocis
849 4774 912 4811 εν
948 4772 1018 4810 ex
1053 4775 1088 4824 η
1123 4758 1276 4811 facta
1311 4757 1382 4811 ab
1420 4759 1499 4813 Aa:
1533 4758 1593 4811 in
1618 4760 1662 4814 A
1702 4760 1712 4828 Ι
1752 4777 1840 4828 uu,
1846 4777 2053 4816 ταυτος
2078 4762 2140 4829 Α,
2179 4762 2463 4817 αὐταυτός
2485 4761 2826 4829 HLAhrens,
2863 4765 3143 4818 αὔταυτος
3166 4764 3204 4816 b
3233 4768 3242 4828 Ι

660 4840 716 4894 αἰ
750 4841 812 4895 δε
849 4842 923 4909 Α,
961 4840 1018 4894 αἰ
1052 4844 1122 4909 δὴ
1157 4841 1307 4909 1),αἰ
1340 4841 1657 4897 HLAhrens
