3738 5530
1206 362 1305 414 nn
1342 361 1529 415 1A1A1
1562 362 1656 414 ΕΤ
1692 362 2058 415 ΔΗΜοΣῐΑι
2095 362 2509 415 ADVERBHS.
3024 361 3137 425 151

549 567 722 649 μωτί.
797 567 915 633 οὐκ
973 566 1097 646 ἄρα
1141 565 1461 632 ἀπόδειξις
1504 568 1621 630 τοῦ
1679 566 1775 631 ὅτι
1820 568 1895 631 τὸ
1951 566 2077 651 ἰδίᾳ
2122 567 2234 633 ςύν
2278 572 2371 650 τῷ
2427 569 2448 632 ἰ
2490 566 2570 632 οὐ
2626 566 3016 645 γεγράψεται
3062 567 3137 631 τὸ

549 669 751 735 τᾶλλα
794 671 883 735 εἰς
930 670 1130 751 βραχὺ
1177 673 1217 732 ἃ
1262 669 1500 747 λήγειν.
1541 704 1613 715 -
1662 669 1765 733 καὶ
1807 670 1932 747 γὰρ
1978 669 2088 732 ἐπ’
2132 668 2475 747 ὀνομάτων
2521 670 2673 734 ἐνὸν
2718 669 2793 733 τὸ
2834 674 3135 734 τοιοῦτον

413 783 508 835 561
549 772 854 852 εὑρέςθαι.
929 772 1132 849 μούςά
1176 790 1422 853 φαμεν,
1468 769 1634 834 ἀλλὰ
1679 771 1781 834 καὶ
1825 770 2057 849 Ἀθηνᾶ
2101 771 2201 834 καὶ
2245 771 2458 850 ςοφία.

708 871 976 951 Ῥητέον
1033 871 1152 937 οὖν
1212 870 1412 954 ἑτέρῳ
1470 871 1646 955 λόγῳ
1703 872 1804 936 καὶ
1858 873 2004 951 περὶ
2060 876 2314 953 γραφῆς
2367 876 2478 950 τῆς
2534 874 2639 938 διὰ
2694 875 2810 938 τοῦ
2862 875 2903 937 ἱ.
2949 908 3032 918 -
3096 873 3134 950 ἡ

545 975 676 1040 ἀπὸ
735 982 866 1041 τῶν
926 973 1265 1053 ὀνομάτων
1322 973 1714 1051 μετάπτωςις
1770 973 1859 1038 εἰς
1916 974 1996 1038 τὰ
2053 974 2474 1054 ἐπιρρήματα,
2530 975 2677 1039 καθ’
2728 976 2842 1040 οὓς
2897 974 3135 1050 λόγους
3171 988 3204 1035 5

545 1077 867 1157 ἐδείξαμεν
936 1076 1008 1142 ἐν
1073 1077 1323 1155 ἀρχαῖς,
1390 1075 1650 1141 πάντως
1718 1078 1877 1154 μετὰ
1940 1082 2071 1141 τῶν
2123 1079 2598 1156 παρεπομένων
2665 1077 2794 1156 ἔχει
2861 1079 2965 1142 καὶ
3024 1079 3136 1142 τὰς

465 1201 492 1241 ⁵
544 1181 801 1262 γραφὰς
846 1178 1404 1262 ςυνυπαρχούςας,
1450 1178 1734 1258 καθάπερ
1777 1178 1853 1243 τὸ
1900 1178 2187 1258 ἀτρεκές,
2246 1181 2637 1256 ςυνεμπεςὸν
2685 1178 2976 1257 ὀνόματι,
3034 1179 3136 1242 καὶ

542 1283 800 1361 γραφὴν
857 1281 957 1345 καὶ
1008 1280 1206 1346 τόνον
1262 1280 1703 1363 ἀπηνέγκατο,
1760 1280 1836 1344 τὸ
1894 1280 2121 1358 καλόν,
2181 1282 2255 1346 τὸ
2315 1281 2503 1365 εὐρύ,
2557 1283 2631 1347 τὸ
2678 1281 2999 1356 κάλλιςτα,
3055 1282 3131 1345 τὸ

542 1383 779 1449 πυκνά·
841 1382 1069 1461 ςχεδὸν
1126 1381 1229 1446 ἐπὶ
1275 1383 1535 1447 πάντων
1583 1381 1620 1445 6
1678 1381 1875 1457 λόγος
1921 1386 2277 1466 ςυμφωνεῖ,
2333 1384 2480 1462 περὶ
2537 1382 2632 1448 ὧν
2685 1384 2786 1447 καὶ
2842 1383 3002 1447 κατὰ
3055 1383 3130 1446 τὸ

541 1485 684 1561 ἑξῆς
738 1483 1060 1563 εἰρήςεται.
1119 1521 1198 1529 -
1255 1484 1460 1549 Ἐςτιν
1516 1483 1636 1549 οὖν
1692 1504 1751 1547 τι
1808 1484 2138 1568 δημόςιος,
2196 1486 2248 1569 ᾧ
2295 1484 2666 1562 παράκειται
2720 1483 2999 1562 θηλυκόν
3056 1484 3131 1547 τὸ
3174 1496 3234 1542 ιο

440 1607 489 1645 ιο
541 1586 834 1665 δημοςία,
894 1584 972 1649 οὗ
1031 1585 1315 1651 ςύνταξις
1373 1586 1820 1665 ἐπιρρηματικὴ
1877 1585 2201 1669 ἐγίγνετο,
2261 1586 2590 1667 δημοςίᾳ
2636 1586 2978 1668 ἀπήχθη,
3043 1584 3132 1649 ὡς

540 1686 595 1752 εἰ
647 1686 960 1766 δημοςίως
1015 1708 1106 1753 τις
1164 1688 1433 1767 ἀπήχθη.
1510 1689 1613 1753 καὶ
1666 1690 1859 1752 τοῦτο
1918 1686 1970 1752 εἰ
2024 1689 2157 1774 μὲν,
2195 1688 2327 1752 ἀπὸ
2381 1691 2494 1766 τῆς
2539 1687 2787 1752 εὐθείας
2828 1689 2945 1766 τὴν
2991 1687 3131 1752 ςύν-

536 1795 712 1855 ταξιν
758 1788 1137 1872 ἀνεδέξατο,
1184 1791 1329 1868 δίχα
1373 1794 1490 1855 τοῦ
1534 1794 1556 1855 i
1597 1788 2019 1869 γεγράψεται·
2072 1789 2126 1854 εἰ
2170 1791 2241 1854 δὲ
2286 1791 2463 1869 παρὰ
2504 1792 2620 1869 τὴν
2668 1789 2958 1872 δοτικήν,
3017 1791 3130 1854 ςὺν

537 1897 628 1973 τῷ
673 1894 711 1955 ἰ.
773 1890 860 1956 εἰς
905 1890 1206 1969 ἐπίκριςιν
1252 1890 1372 1956 οὖν
1415 1896 1534 1956 τοῦ
1578 1892 1882 1956 τοιούτου
1912 1893 2372 1970 παραληπτέον
2403 1890 2603 1968 λόγον
2640 1892 3131 1975 ἀποδεικνύντα,

439 2012 489 2052 ¹5
541 1993 781 2071 πότερα
825 1994 1002 2070 παρὰ
1046 1993 1302 2057 δοτικάς
1346 1994 1385 2071 ἢ
1432 1992 1680 2058 εὐθείας
1724 1994 1804 2058 τὰ
1843 1997 2123 2059 τοιαῦτα.
2182 1995 2259 2058 τὸ
2289 1997 2589 2060 τοιοῦτον
2624 1994 2748 2073 γὰρ
2778 1994 3129 2073 παρέπεται
3172 2005 3233 2054 15

538 2094 618 2158 οὐ
675 2093 881 2172 μόνον
938 2096 1075 2158 τοῖς
1132 2093 1221 2158 εἰς
1265 2099 1307 2158 ἃ
1353 2096 1652 2173 λήγουςιν
1700 2094 2032 2174 ὀνόμαςιν,
2092 2095 2258 2161 ἀλλὰ
2304 2096 2404 2159 καὶ
2457 2099 2595 2160 τοῖς
2640 2094 2729 2161 εἰς
2772 2100 2811 2173 ἦ
2870 2096 3131 2173 λήγουςι

536 2195 782 2275 μορίοις
838 2198 1156 2274 θηλυκοῖς.
1231 2196 1357 2260 ἔςτι
1403 2218 1460 2260 τι
1518 2195 1728 2275 ὄνομα
1773 2196 2088 2280 οὐδαμός,
2148 2198 2200 2282 ᾧ
2260 2197 2633 2276 παράκειται
2688 2197 2999 2276 ἐπίρρημα
3054 2198 3131 2262 τὸ

537 2298 837 2376 οὐδαμῶς
897 2298 1000 2361 καὶ
1065 2297 1458 2380 οὐδαμόθεν,
1524 2299 1576 2381 ᾧ
1645 2296 1776 2363 ἀπὸ
1823 2301 2125 2377 ,θηλυκοῦ
2192 2299 2384 2364 πάλιν
2451 2300 2765 2378 ςχήματος
2818 2300 3131 2378 ἐπίρρημα

436 2421 486 2460 20
538 2399 905 2478 παράκειται
949 2400 1024 2463 τὸ
1072 2398 1338 2483 οὐδαμῇ.
1413 2401 1517 2464 καὶ
1560 2399 1613 2464 εἰ
1664 2401 1779 2478 μὲν
1825 2400 1956 2466 ἀπὸ
2002 2406 2113 2480 τῆς
2159 2399 2436 2478 εὐθείας,
2494 2401 2565 2465 ἐν
2624 2399 2759 2466 ὀξεῖ
2812 2401 2985 2485 τόνῳ
3032 2402 3131 2464 καὶ

538 2503 683 2581 δίχα
726 2506 844 2566 τοῦ
889 2503 936 2566 ἰ·
994 2500 1048 2565 εἰ
1093 2502 1164 2566 δὲ
1210 2501 1329 2565 οὐκ
1375 2501 1523 2567 ὀξὺς
1570 2498 1607 2564 6
1652 2502 1881 2585 τόνος,
1937 2501 1974 2567 6
2019 2504 2091 2567 δέ
2136 2503 2650 2593 περιςπώμενος,
2709 2501 2781 2567 ὅς
2838 2503 3004 2568 ἐςτιν
3057 2501 3128 2568 ἐν
3165 2515 3232 2563 20

537 2608 789 2687 δοτικῇ,
846 2601 1184 2681 ὁμολόγως
1228 2606 1332 2669 καὶ
1374 2602 1522 2668 τόδε
1570 2604 1681 2670 ςύν
1723 2609 1818 2689 τῷ
1863 2610 1885 2672 ἰ
1929 2604 2348 2687 γεγράψεται,
2408 2604 2626 2669 καθότι
2667 2604 2863 2669 πάλιν
2909 2624 3123 2669 ςυντο·

536 2705 859 2785 νούμενον
918 2710 1010 2787 τῷ
1066 2706 1318 2790 θηλυκῷ
1364 2705 1738 2784 παράκειται
1796 2707 1899 2770 καὶ
1942 2708 2016 2771 τὸ
2063 2706 2245 2789 ἄλλῃ.
2293 2742 2370 2751 -
2423 2708 2587 2772 Ἐςτι
2642 2708 2713 2772 δὲ
2772 2707 2872 2771 καὶ
2916 2704 3130 2770 ἄλλως

436 2829 486 2868 ²5
538 2807 858 2872 ἐπιδεῖξαι.
901 2809 1114 2885 ’παρὰ
1170 2806 1615 2887 ἀντωνυμικὸν
1672 2809 1748 2872 τὸ
1806 2808 1966 2887 αὕτη
2021 2809 2260 2885 γίνεται
2318 2808 2767 2888 ἐπιρρηματική
2824 2828 2916 2872 τις
2969 2827 3128 2886 προ-ι

536 2908 751 2992 φορά,
796 2911 876 2987 ἣν
923 2908 1002 2973 οὔ
1046 2928 1260 2989 φαμεν
1308 2908 1548 2992 οὕτως,
1593 2909 1779 2988 αὕτη
1825 2909 2168 2990 ἄγωμεν,
2215 2910 2462 2992 ταύτῃ
2509 2910 2598 2975 δέ.
2660 2910 2760 2974 καὶ
2791 2911 3128 2988 προφανὲς

537 3009 626 3074 ὡς
683 3011 721 3089 ἡ
780 3011 1109 3089 πρόςθεςις
1166 3014 1284 3076 τοῦ
1337 3015 1374 3076 ῖ-
1425 3013 1542 3091 τὴν
1602 3013 1860 3090 δοτικὴν
1919 3011 2261 3095 ὁμολογεῖ,
2316 3013 2368 3094 ᾧ
2428 3011 2603 3095 λόγῳ
2660 3012 2762 3075 καὶ
2815 3013 2890 3076 τό
2945 3015 3126 3093 τῇδε
3163 3023 3229 3072 25

536 3110 862 3191 ἄγωμεν.
937 3112 1272 3177 Δέδεικται
1328 3112 1454 3193 ἄρα
1510 3113 1608 3177 ὅτι
1654 3114 1829 3193 παρὰ
1886 3115 2140 3179 δοτικὰς
2197 3114 2261 3178 αἱ
2314 3117 2597 3177 τοιαῦται
2654 3112 3130 3192 ἐπιρρημάτικαὶ

435 3236 487 3274 80
539 3214 898 3294 προφοραί·
957 3213 1010 3278 εἰ
1068 3216 1139 3279 δὲ
1196 3217 1371 3294 παρὰ
1427 3214 1708 3291 δοτικάς,
1772 3218 1974 3293 δῆλον
2033 3215 2122 3280 ὡς
2177 3217 2280 3279 καὶ
2333 3214 2725 3294 γεγράψεται
2781 3214 2893 3279 ςύν
2949 3219 3041 3296 τῷ
3087 3217 3125 3279 ἰ.

536 3316 640 3380 καὶ
684 3314 738 3379 εἰ
782 3320 994 3391 τοῦτο,
1042 3318 1143 3380 καὶ
1185 3317 1259 3380 τὸ
1308 3316 1432 3400 ἰδίᾳ
1478 3316 1603 3395 ἄρα
1646 3318 1750 3381 καὶ
1794 3317 2060 3397 δημοςίᾳ
2104 3318 2280 3395 παρὰ
2324 3316 2598 3397 δοτικάς,
2652 3315 2753 3380 καὶ
2797 3316 3005 3380 οὕτως
3050 3315 3128 3378 τὰ

537 3416 928 3496 ἐπιρρήματα
969 3418 1359 3497 γεγράψεται
1393 3419 1506 3483 ςύν
1539 3424 1629 3502 τῷ
1661 3421 1682 3483 i
1715 3418 1864 3501 [οὐχ
1897 3418 1985 3483 ὥς
2016 3439 2168 3498 φηςι
2197 3418 2481 3499 Τρύφων
2525 3419 2632 3482 διὰ
2661 3418 2735 3482 τὸ
2765 3418 3009 3495 μακρὸν
3041 3416 3126 3498 fx]-

403 3562 503 3613 562
706 3553 801 3617 Τὰ
853 3552 940 3616 είς
993 3557 1034 3617 ἆ
1104 3553 1381 3631 λήγοντα
1436 3554 1827 3634 ἐπιρρήματα
1885 3555 1923 3632 ἢ
1981 3552 2304 3637 ὀξύνεται,
2373 3553 2463 3617 ὡς
2520 3553 2711 3636 δηθά,
2777 3551 3125 3637 καναχηδά,
3162 3582 3228 3629 30

533 3655 769 3729 πυκνά,
839 3656 877 3732 ἢ
938 3655 1303 3735 βαρύνεται,
1375 3655 1463 3745 ὡς
1517 3656 1715 3737 τάχα,
1777 3656 1947 3733 λίγα,
2017 3655 2210 3739 ἄντα,
2280 3662 2519 3735 πρῶτα.
2594 3656 2671 3719 τὰ
2729 3652 3124 3733 πρωτότυπα

534 3755 746 3834 μόνως
793 3757 1156 3836 βαρύνεται,
1203 3755 1370 3836 αἶψα
1384 3807 1401 3838 ,
1461 3754 1715 3839 αὐτίκα,
1773 3755 1984 3840 ὄφρα,
2044 3757 2271 3838 ῥίμφα,
2329 3759 2533 3839 μάλα,
2577 3757 2812 3837 μέςφα,
2860 3758 2962 3821 καὶ
3007 3755 3125 3821 ὅςα

629 3869 879 3963 'Arnum
951 3913 982 3959 4
1009 3906 1295 3960 Adverbia.
1330 3907 1530 3961 eodem
1567 3908 1734 3961 modo
1771 3896 2090 3961 scribuntur
2126 3910 2296 3976 atque
2333 3908 2584 3972 nomina,
2624 3906 2955 3975 quibuscum
2992 3922 3121 3960 eon·

532 3976 742 4042 gruunt
793 3974 998 4038 forman
1052 3973 1153 4027 illa
1200 3974 1375 4044 igitur
1427 3991 1554 4028 curn
1609 3992 1639 4029 e
1693 3976 1901 4029 dativis
1948 3976 2102 4030 facta
2147 3978 2283 4041 sint,
2337 3979 2359 4030 ῑ
2403 3973 2861 4029 subscribendum
2910 3976 3010 4031 est.
3058 4004 3122 4012 -—

533 4048 614 4095 30.
631 4041 959 4163 bAiglvielrbgffi
1005 4057 1151 4163 ἓιιειο
1189 4042 1417 4096 eosdem
1453 4042 1592 4097 fines
1635 4043 1873 4109 habent,
1920 4044 2233 4111 generatim
2272 4047 2686 4111 percenseatur.
2728 4072 2791 4081 —-—
2829 4047 2891 4096 31
2932 4044 2976 4109 1)
3012 4042 3122 4095 Ad·

532 4125 810 4242 {glrytona
844 4151 988 4231 sunt.

668 4296 891 4353 Tnsrm.
964 4303 1028 4350 22
1066 4298 1136 4351 cf.
1175 4298 1360 4352 Orion.
1403 4303 1523 4363 123,
1562 4303 1608 4354 2.

1051 4110 1350 4179 rimigenia
1396 4126 1653 4179 quaeque
1710 4128 1745 4165 a
1790 4112 2074 4180 praesenti
2120 4112 2416 4165 verborum
2470 4113 2724 4179 tempore
2779 4109 3120 4174 derivantur,

667 4414 852 4469 Drscn.
890 4433 1086 4471 sempr.
1158 4423 1204 4471 3.
1243 4418 1410 4483 ςοφία
1444 4416 1481 4470 b
1492 4457 1510 4483 ‚
1547 4423 1747 4484 ςοφιαν
1785 4419 1829 4472 Α
1859 4421 1868 4486 Ι
1901 4427 1947 4472 5.
1990 4419 2346 4483 μετάπτωςις
2383 4415 2767 4479 RSkrzeczka,
2806 4418 3123 4479 ςύμπτωςις

535 4482 625 4536 Αἱ)
650 4482 707 4536 in
733 4485 920 4549 textu,
949 4482 1179 4538 ‘rectius
1206 4485 1438 4561 sortaese
1464 4486 1865 4550 ςυνέμπτωςις’
1894 4486 1930 4538 b
1956 4485 2013 4539 in
2040 4502 2157 4539 var.
2185 4485 2313 4541 leet.
2347 4488 2356 4551 Ι
2394 4491 2467 4538 11.
2493 4484 2725 4552 δημοςία
2752 4483 3124 4550 RSehneider,

533 4586 764 4651 δημοςία
800 4586 890 4639 Ab
940 4587 949 4653 Ι
1000 4592 1077 4640 15.
1114 4588 1337 4641 δοτικὰς
1373 4586 1438 4652 b,
1475 4570 1697 4656 δοτικῆς
1737 4590 1807 4651 Α.
1848 4605 1884 4641 α
1919 4603 2089 4656 supra
2123 4604 2223 4644 ser.
2262 4589 2326 4640 Α1
2358 4588 2367 4653 Ι
2404 4591 2478 4639 17.
2520 4587 2551 4640 ὸ
2589 4602 2691 4654 pro
2730 4586 2776 4638 ὡ
2817 4588 2861 4640 Α
2915 4588 2923 4652 Ι
2966 4591 3051 4643 20.
3089 4587 3122 4639 6

533 4654 700 4706 τόνος
736 4653 800 4720 b,
840 4670 1008 4708 τονος
1044 4655 1088 4707 Α
1126 4657 1134 4719 Ι
1178 4660 1260 4711 21.
1298 4657 1511 4722 δοτικηι
1549 4657 1590 4709 Α
1646 4661 1655 4726 Ι
1701 4663 1783 4709 24.
1822 4658 2051 4721 ἄγωμεν
2087 4655 2152 4716 b,
2190 4671 2402 4720 αγομεν
2441 4656 2482 4707 Α
2530 4659 2539 4720 Ι
2587 4659 2670 4707 26.
2712 4654 2887 4706 verba
2922 4671 2975 4707 αι
3010 4670 3122 4707 τοι-

533 4737 692 4775 αυται
732 4738 1156 4789 επιρρηματικαι
1191 4720 1278 4775 bis
1314 4722 1524 4791 scripta
1559 4727 1721 4778 erant
1755 4725 1826 4777 ab
1855 4726 1948 4789 ΑΙ,
1990 4723 2089 4777 sed
2126 4722 2317 4776 deleta
2351 4724 2481 4774 sunt
2516 4721 2588 4775 ab
2617 4723 2690 4774 At
2728 4724 2735 4781 Ι
2766 4727 2849 4774 27.
2885 4723 2965 4776 ὡς
3000 4722 3119 4790 καὶ]

535 4788 628 4841 fol.
672 4796 762 4844 1⁶27
790 4808 830 4849 r.
880 4793 888 4857 Ι
948 4796 1028 4844 29.
1069 4789 1243 4843 verba
1277 4791 1382 4855 οὐχ
1418 4791 1497 4844 ὡς
1533 4821 1599 4830 -
1636 4793 1852 4859 μακρὸν
1889 4799 1923 4845 ᾱ
1961 4790 2139 4845 deleri
2175 4790 2377 4842 maluit
2413 4788 2794 4856 RSkrzeezka‚
2835 4805 3004 4858 quam
3042 4790 3121 4844 sie

536 4856 764 4926 corrigi,
802 4860 867 4911 ut
901 4857 1144 4912 correxit
1177 4856 1400 4928 GUhlig
1434 4860 1540 4924 οὐχ
1576 4863 1655 4916 ὥς
1690 4876 1824 4927 φηςι
1859 4861 2112 4927 Τρύφων
2146 4859 2234 4912 διὰ
2270 4862 2373 4913 τοῦ
2412 4859 2598 4912 ἁπλοῦ
2637 4865 2672 4912 ᾱ
