3738 5530
1343 379 1504 439 ΠΤΞ
1542 385 1635 436 ΕΤ
1672 380 1823 441 ΑΔΕ
1861 385 2257 439 ADVEBBIA.
2948 388 3065 451 141

662 583 808 648 Ὅτι
851 586 924 649 δὲ
968 585 1069 648 καὶ
1109 587 1186 681 τό
1230 586 1374 653 πύξ
1419 588 1523 651 καὶ
1564 589 1639 652 τὸ
1685 587 1819 654 λάξ
1866 588 1970 652 καὶ
2012 587 2094 652 τὰ
2135 588 2389 652 τούτοις
2443 587 2638 667 ὅμοια
2681 592 2961 669 ςχήματα
3008 590 3087 653 οὐ

398 699 448 738 ¹⁶
497 686 757 751 πάντως
817 687 924 751 διὰ
965 689 1084 766 τὴν
1145 690 1501 768 μετάληψιν
1545 691 1661 767 τὴν
1708 689 1797 754 εἰς
1841 691 1917 754 τὸ
1975 695 2224 772 πυγμῇ,
2284 690 2504 755 καθότι
2538 688 2711 756 ’τινες
2768 692 3084 775 ᾠήθηςαν,

497 787 783 868 ὀνόματα
828 788 908 852 ἂν
955 788 1083 868 εἴη,
1130 791 1328 871 ςαφὲς
1371 792 1443 854 ἐκ
1485 796 1601 855 τοῦ
1646 791 1751 856 ἐπὶ
1797 790 1966 871 ῥῆμα
2008 792 2311 871 φέρεςθαι
2353 792 2636 857 πάντοτε
2679 794 2791 857 τὰς
2836 794 3084 873 φωνάς,

496 888 711 954 καθότι
757 890 859 955 καὶ
902 892 981 955 τὰ
1024 890 1190 955 ἄλλα
1232 899 1365 958 τῶν
1413 893 1885 976 ἐπιρρημάτων,
1931 894 2031 958 καὶ
2076 894 2146 957 ἐκ
2175 897 2286 971 τῆς
2322 895 2773 973 παρεπομένης
2806 895 3086 961 ἀκλιςίας

496 991 599 1056 ἐπὶ
652 993 767 1057 τὰς
824 993 1092 1057 πτώςεις
1149 994 1252 1057 καὶ
1303 994 1458 1059 τοὺς
1513 994 1847 1077 ἀριθμούς,
1910 994 2074 1072 ὅπερ
2117 995 2572 1075 παρεπόμενον
2625 996 2736 1077 ἦν,
2793 996 2882 1060 ὡς
2927 998 3083 1076 πρό·
3121 1013 3154 1061 5

392 1106 447 1145 ²⁰
494 1113 710 1175 κειται,
754 1101 847 1177 τῷ
892 1095 1283 1175 ἐπιρρήματι.
1345 1098 1447 1161 καὶ
1489 1098 1614 1174 γὰρ
1659 1097 1738 1161 ἂν
1785 1098 1864 1162 τὰ
1909 1096 2197 1173 ὀνόματα
2240 1097 2348 1161 ἐπὶ
2388 1098 2468 1161 τὰ
2510 1096 2756 1176 ῥήματα
2791 1100 3084 1182 φέρηται,

494 1194 647 1259 ἀλλ’
702 1194 783 1260 ού
838 1198 996 1261 κατὰ
1056 1198 1172 1275 τὴν
1229 1196 1429 1275 αὐτὴν
1496 1197 1760 1264 ἔννοιαν
1817 1199 1974 1263 οὐδὲ
2038 1199 2188 1262 καθ’
2252 1198 2369 1262 ἕνα
2422 1200 2854 1280 ςχηματιςμόν.
2927 1200 3084 1265 ἀλλ’

494 1296 649 1361 οὐδὲ
693 1298 903 1363 ἐκεῖνο
946 1300 1271 1379 θαρςήςειέ
1316 1320 1408 1364 τις
1453 1300 1682 1379 φάναι,
1743 1301 1833 1365 ὡς
1877 1301 1976 1364 καὶ
2032 1298 2197 1364 ἄλλα
2241 1300 2527 1378 ὀνόματα
2570 1299 2794 1365 ἄκλιτα
2838 1302 2919 1367 ἂν
2963 1301 3083 1385 εἴη,

492 1399 591 1461 καὶ
636 1398 716 1463 οὐ
762 1401 939 1479 παρὰ
981 1404 1177 1465 τοῦτο
1224 1399 1641 1481 ἐπιρρήματα,
1703 1401 1832 1478 εἴγε
1878 1405 1989 1479 τῆς
2042 1401 2318 1466 ἀκλιςίας
2362 1401 2622 1467 ἐκείνων
2669 1401 2871 1479 λόγον
2918 1404 3081 1470 ἔςτιν

387 1511 439 1550 ²⁵
493 1501 811 1584 εύρέςθαι,
870 1502 1039 1578 λέγω
1083 1506 1200 1567 τοῦ
1245 1503 1439 1568 πέντε
1485 1505 1523 1582 ἢ
1570 1504 1635 1569 ἕξ
1680 1505 1779 1567 καὶ
1822 1511 1955 1568 τῶν
2000 1503 2348 1580 τοιούτων,
2409 1503 2490 1583 (ἢ
2537 1505 2683 1584 κα>ἰ
2739 1509 2868 1569 τῶν
2917 1526 3080 1570 ςτοι-
3127 1524 3184 1570 ιο

489 1601 712 1680 χείων,
759 1601 848 1668 ὡς
892 1606 1052 1669 κατὰ
1094 1606 1171 1668 τὸ
1218 1606 1372 1670 δέον
1417 1606 1845 1685 ἐκτεθείμεθα·
1902 1604 2020 1669 οὐκ
2063 1604 2190 1670 ἔςτι
2234 1606 2451 1683 μέντοι
2496 1605 2826 1684 ἐπινοῆςαι
2870 1606 3083 1687 ὄνομά

487 1724 545 1767 τι
589 1704 654 1768 ἐς
699 1707 972 1769 διπλοῦν
1031 1709 1270 1788 λῆγον,
1333 1708 1370 1772 ὃ
1417 1706 1497 1771 οὐ
1541 1707 1802 1772 πάντως
1846 1707 2106 1772 κλίςεως
2162 1706 2366 1785 ἔτυχε.
2442 1707 2545 1770 καὶ
2590 1706 2777 1771 ἕνεκα
2821 1708 3082 1774 κλίςεως

486 1807 590 1868 καὶ
633 1806 984 1872 ςυντάξεως
1028 1807 1105 1871 τὸ
1149 1810 1264 1885 μὲν
1308 1809 1469 1873 πτύξ
1513 1808 1724 1889 ὄνομά
1770 1809 1970 1892 ἐςτιν,
2024 1807 2165 1873 ἐπεὶ
2209 1808 2311 1872 καὶ
2355 1807 2596 1887 πτυχός
2653 1808 2753 1871 καὶ
2811 1810 3076 1889 πτύχες·

383 1918 434 1958 ³0
483 1908 559 1970 τὸ
618 1909 689 1972 δὲ
743 1908 865 1974 πύξ
921 1907 1235 1988 ἐπίρρημα
1290 1910 1390 1975 καὶ
1454 1911 1530 1975 τὸ
1593 1908 1739 1987 λάξ,
1807 1911 2275 1990 ςυνταςςόμενα
2330 1913 2468 1973 τοῖς
2525 1908 2749 1990 ῥήμαςι
2804 1910 2904 1974 καὶ
2958 1912 3080 1976 ούκ

483 2006 721 2087 ἔχοντά
763 2009 892 2074 τιν’
935 2008 1138 2089 ἄλλην
1185 2012 1475 2077 ςύνταξιν
1520 2014 1560 2090 ἢ
1599 2014 1718 2091 τὴν
1766 2011 2128 2091 ῥηματικὴν.
3116 2031 3180 2079 1⁶

652 2212 1054 2280 Ἀκολούθως
1112 2217 1500 2294 διαληπτέον
1545 2218 1647 2280 καὶ
1690 2216 1838 2293 περὶ
1894 2215 2261 2293 ἐπικρίςεως
2304 2217 2422 2278 τοῦ
2479 2213 2710 2279 πέντε
2769 2216 2870 2279 καὶ
2923 2221 3075 2282 τῶν

340 2322 447 2376 562
482 2315 908 2399 τοιούτων,
965 2319 1046 2396 μὴ
1101 2317 1227 2396 ἄρα
1270 2319 1369 2383 καὶ
1413 2318 1577 2382 αὐτὰ
1631 2319 1738 2382 διὰ
1790 2318 1906 2395 τὴν
1963 2315 2420 2396 παρεπομένην
2474 2315 2759 2380 ἀκλιςίαν
2818 2317 3073 2397 ἐπιρρή-

483 2435 646 2490 ματα
690 2416 984 2502 ὑπολάβῃ
1028 2439 1121 2483 τις
1165 2419 1432 2498 ἀριθμοῦ
1479 2420 1797 2496 δηλωτικὰ
1842 2416 2024 2482 εἶναι.
2075 2453 2148 2463 -
2197 2416 2383 2480 Διότι
2428 2418 2542 2496 μὲν
2588 2415 2740 2498 οὖν,
2788 2417 3074 2496 ὀνόματα

482 2514 667 2593 ὄντα,
725 2517 950 2583 ἄκλιτά
994 2520 1192 2603 ἐςτιν,
1249 2520 1695 2598 ἐντελέςτερον
1740 2522 1854 2597 μὲν
1902 2519 2143 2597 εἴρηται
2184 2518 2256 2583 ἐν
2300 2525 2392 2601 τῷ
2437 2519 2582 2596 περὶ
2627 2516 3074 2601 ἀντωνυμιῶν,

402 2637 428 2676 ⁶
480 2616 636 2682 ἔνθα
679 2622 780 2683 καὶ
825 2620 1295 2705 ἑπεδείκνυμεν,
1341 2621 1488 2687 καθ’
1533 2622 1612 2686 ὃν
1659 2621 1861 2696 λόγον
1908 2620 1972 2684 αἱ
2018 2619 2406 2699 ἀντωνυμίαι
2437 2618 2703 2702 ἄκλιτοι,
2752 2622 2842 2685 ὡς
2887 2620 3074 2688 ἕνεκά
3110 2641 3178 2690 20

479 2739 553 2796 γε
596 2726 727 2788 τῶν
771 2724 1243 2802 παρεπομένων
1290 2729 1553 2805 φωνῶν.
1627 2722 1707 2802 ἦν
1752 2724 1822 2788 δὲ
1867 2724 1947 2788 τὰ
1992 2722 2322 2788 ςυνεκτικὰ
2365 2726 2499 2786 τῶν
2548 2722 2799 2806 λόγων,
2848 2723 2939 2789 ὡς
2990 2726 3073 2790 τά

481 2824 583 2888 διὰ
639 2827 781 2901 μιᾶς
837 2829 1064 2905 φωνῆς
1119 2827 1472 2904 τριγένειαν
1531 2825 2029 2903 ὑπαγορεύοντα
2073 2824 2193 2889 οὐκ
2252 2826 2478 2904 ἐφικτὰ
2523 2824 2612 2889 εἰς
2654 2823 2896 2892 κλίςεις.
2970 2828 3074 2892 καὶ

479 2924 668 2989 ἕνεκά
709 2946 782 3002 γε
826 2926 1065 2991 τούτου
1108 2929 1184 2993 τὸ
1230 2929 1344 3005 μὲν
1389 2930 1557 3006 τρεῖς
1602 2927 1705 2991 καὶ
1746 2926 2040 3005 τὲςςαρες
2085 2927 2190 2990 καὶ
2231 2924 2289 2990 εἴ
2330 2947 2426 2992 τις
2465 2930 2763 2990 τοιοῦτος
2807 2926 3073 3007 ἀριθμὸς

376 3044 428 3085 ιο
480 3025 647 3108 <οὐ>
701 3030 1043 3106 μοναδικός
1087 3031 1249 3095 κατὰ
1300 3030 1685 3108 τριγένειαν,
1742 3028 2059 3109 ἐκλίνετο,
2114 3028 2194 3092 τὰ
2250 3028 2320 3092 δὲ
2365 3026 2556 3092 πέντε
2602 3028 2702 3091 καὶ
2746 3029 2827 3092 τὰ
2880 3028 3073 3110 ὅμοια

479 3126 704 3192 οὐκέτι.
757 3166 828 3175 —-
884 3130 1099 3197 ἄλλως
1142 3151 1210 3198 τε
1256 3133 1359 3197 καὶ
1403 3129 1467 3195 οἱ
1510 3131 1777 3196 κανόνες
1833 3134 1964 3195 τῶν
2024 3128 2367 3208 ὀνομάτων
2426 3127 2627 3222 ἀρχὴν
2685 3129 2950 3225 ἔχουςι-
2951 3132 3067 3210 τὴν
3106 3149 3172 3199 25

478 3229 647 3294 θέςιν
692 3233 802 3309 τῆς
859 3233 1124 3316 λέξεως,
1181 3233 1292 3298 ὅτε
1336 3233 1547 3313 φαμὲν
1604 3234 1683 3297 τὰ
1728 3231 1816 3296 εἰς
1861 3236 1917 3296 ὦ
1964 3232 2247 3310 λήγοντα
2290 3230 2329 3307 ἢ
2376 3229 2463 3293 εἰς
2510 3235 2582 3294 u}
2627 3231 2665 3309 ἢ
2711 3231 2799 3297 εἰς
2858 3239 2962 3315 αξ,
3028 3235 3067 3312 ἢ

479 3328 597 3404 ὅτε
631 3334 846 3412 φαμὲν
890 3337 971 3399 τὰ
1014 3334 1404 3413 πληθυντικὰ
1447 3334 1536 3398 εἰς
1579 3337 1645 3397 ὦ
1691 3333 1906 3411 λήγειν
1965 3335 2006 3412 ἢ
2050 3332 2138 3397 εἰς
2183 3337 2251 3396 εἰ
2301 3333 2341 3409 ἢ
2394 3332 2481 3397 εἰς
2523 3337 2612 3408 ὀι“,
2667 3333 2783 3414 ἐφ’
2839 3334 2932 3399 ὧν
2990 3337 3068 3401 τὸ

377 3453 428 3490 ιε»
478 3433 629 3497 δέον
674 3436 1204 3517 παρελαμβάνετο
1248 3438 1407 3501 κατὰ
1449 3437 1563 3500 τὰς
1617 3434 1863 3499 κλίςεις.
1938 3434 2015 3498 τὸ
2059 3435 2130 3497 δὲ
2161 3435 2368 3526 πέντε
2424 3435 2527 3498 καὶ
2570 3434 2636 3500 ἕξ
2681 3434 2800 3500 οὐκ
2855 3436 3067 3516 ἔχεται
3183 3459 3204 3480 ·

478 3533 675 3612 ἀρχῆς
722 3542 1087 3615 κανονικῆς·
1143 3541 1339 3603 ποῖον
1383 3537 1508 3615 γὰρ
1551 3536 1978 3614 πληθυντικὸν
2024 3534 2110 3599 εἰς
2156 3539 2220 3600 εξ
2266 3537 2473 3617 λήγει;
2530 3538 2728 3601 ποῖον
2785 3539 2856 3601 δὲ
2903 3542 3066 3616 πλη·

478 3636 771 3701 θυντικόν
818 3637 908 3702 εἰς
950 3645 987 3701 ἒ
1042 3640 1246 3717 λήγει;
1313 3640 1416 3703 καὶ
1467 3641 1544 3705 τὸ
1589 3642 1889 3702 τοιοῦτον
1936 3636 2383 3715 ἐντελέςτερον
2444 3639 2936 3717 ἐπιδειχθήςεται
2995 3640 3064 3703 ἐν
3102 3658 3169 3706 30

479 3736 739 3817 ἑτέροις.
817 3739 1004 3805 ἔνθεν
1061 3739 1179 3806 οὖν
1234 3740 1652 3820 ὑπεχώρηςαν
1709 3739 1769 3803 οἱ
1825 3737 2131 3821 κανόνες,
2188 3738 2268 3803 οὐ
2325 3739 2671 3820 δυνάμενοι
2729 3739 2887 3804 κατὰ
2930 3746 3066 3805 τῶν

614 3978 827 4031 Anava.
913 3981 934 4027 l
984 3977 1107 4031 Πύξ
1155 3978 1213 4030 et
1257 3977 1357 4030 λάξ
1406 3975 1680 4029 adverbia
1723 3990 1843 4027 esse
1879 3976 2142 4043 apparet,
2188 3972 2341 4042 quod
2377 3975 2438 4027 ef.
2471 3990 2693 4044 semper
2727 3992 2854 4029 cum
2890 3975 3065 4030 verbo

478 4058 896 4128 coniunguntur
939 4061 999 4113 et
1041 4059 1463 4115 indeclinabilia
1507 4060 1655 4114 suni.
1694 4096 1755 4102 —
1798 4065 1858 4110 16
1895 4057 2227 4112 Numeralia
2260 4057 2685 4112 indeclinabilia
2719 4075 3064 4129 quamquam

476 4157 587 4195 non
620 4142 951 4209 flectuntur,
994 4147 1188 4200 tamen
1224 4146 1455 4201 nomina
1486 4144 1632 4197 sunt.
1684 4172 1751 4182 —
1803 4148 1866 4195 21
1907 4141 2055 4195 Nam
2090 4158 2236 4211 quae
2274 4159 2387 4195 una
2421 4159 2558 4197 voce
2594 4145 2704 4197 tria
2736 4161 2949 4214 genera
2980 4145 3066 4198 in-

477 4225 689 4292 dicant,
727 4244 842 4281 non
877 4228 1193 4287 flectuntur.
1268 4231 1467 4299 Neque
1503 4228 1624 4282 ulla
1657 4229 1745 4281 eet
1777 4225 2002 4296 regula,
2039 4225 2110 4279 ad
2146 4241 2318 4293 quam
2355 4226 2524 4297 dirigi
2559 4228 2788 4297 possint.
2857 4229 3062 4283 Mirum

478 4309 648 4378 igitur
682 4327 796 4366 non
833 4314 942 4381 eet,
978 4314 1082 4369 illa
1115 4331 1229 4369 non
1267 4314 1434 4370 flecti.

608 4533 801 4589 Discit.
845 4553 1049 4590 acaum.
1128 4542 1169 4589 1.
1212 4535 1505 4605 inscriptio
1550 4550 1676 4601 περι
1721 4549 1825 4587 του
1873 4535 1980 4586 πυξ
2028 4548 2117 4585 και
2164 4533 2263 4585 λαξ
2301 4547 2390 4585 και
2426 4548 2548 4585 των
2582 4549 2796 4599 ομοιων
2831 4533 3060 4590 maiuec.

479 4618 521 4668 Α
564 4618 575 4684 Ι
617 4625 666 4672 4.
702 4620 895 4674 antes
930 4621 973 4674 Α
1021 4624 1030 4687 i
1079 4625 1130 4675 6.
1170 4637 1404 4689 φερεται
1441 4622 1484 4675 Α
1516 4622 1525 4687 Ι
1554 4625 1603 4673 8.
1640 4618 1866 4673 litterae
1905 4631 2051 4670 εντις
2088 4615 2144 4667 in
2181 4619 2589 4683 Θαρςηςειεντις
2625 4617 2685 4670 in
2720 4633 2915 4674 rasura
2948 4619 3060 4678 alio

479 4700 540 4752 ut
572 4700 797 4758 videtur
832 4704 1030 4759 atram.
1065 4704 1124 4758 in
1161 4706 1204 4759 Α
1261 4708 1269 4770 Ι
1322 4713 1370 4760 9.
1407 4721 1631 4760 εκεινον
1668 4705 1710 4757 Α
1765 4704 1773 4767 Ι
1832 4707 1909 4758 10.
1945 4698 2050 4753 lac.
2090 4698 2236 4767 expl.
2274 4698 2336 4764 b,
2381 4703 2511 4769 poet
2543 4716 2826 4757 τοιούτων
2859 4702 3064 4774 incipit

478 4783 566 4856 fol,
608 4792 701 4841 123
726 4805 768 4841 r.
835 4793 845 4854 1
912 4795 990 4843 15.
1028 4790 1177 4845 οί“οι·1;.
1217 4789 1327 4860 leg.
1366 4791 1573 4857 ἔχοντά
1606 4789 1714 4841 τιν’
1750 4787 1953 4853 ἄλλην
1991 4783 2027 4836 b
2063 4784 2122 4836 in
2157 4799 2273 4841 var.
2308 4783 2458 4851 lech,
2494 4787 2700 4853 ἔχοντα
2735 4789 2844 4854 τὴν
2879 4788 3060 4858 ἀλλην

479 4868 566 4921 Ab
600 4870 656 4923 in
690 4872 854 4925 tem
883 4872 893 4941 ι
924 4878 1004 4926 24.
1042 4876 1110 4928 οὺ
1148 4872 1536 4944 Βειιηθοιιω,
1574 4876 1723 4931 idem
1763 4868 2043 4924 GDronke
2079 4867 2135 4921 in
2173 4870 2426 4939 margine
2462 4869 2838 4942 adscripserat
