3738 5530
1037 339 1129 391 PE
1137 337 1551 391 RSONALWM
1587 337 1951 390 NOMINATI
1959 338 2030 389 vl
2066 337 2332 389 SINGVL
2341 338 2522 394 ARIS.
2994 339 3077 403 53

364 560 375 568 ’
485 545 753 609 πτώςεις
808 545 847 623 ἢ
904 544 1333 623 διεζευγμέναι
1388 544 1427 622 ἢ
1481 543 1984 624 ςυμπλεκόμεναι
2038 546 2149 620 τῆς
2193 540 2389 619 αὐτῆς
2433 541 2693 620 ἔχονται
2738 542 3070 607 πτώςεωσ

487 647 541 712 εἰ
592 647 663 711 δέ
718 667 849 710 που
892 648 1146 724 κλητικὴ
1191 645 1788 726 παραλαμβάνοιτο,
1846 644 2107 710 πάντως
2172 644 2354 710 ἐκτὸς
2407 645 2687 707 πεςεῖται
2751 646 2863 722 τῆς
2929 664 3073 708 ςυν-

317 755 450 808 67Α
485 749 745 814 τάξεως.
833 751 950 812 τοῦ
1005 748 1120 826 μὲν
1179 745 1300 812 οὖν
1344 747 1668 826 προτέρου
1713 748 1751 826 ἢ
1808 745 2375 825 Ἀριςτοφάνης
2440 746 2479 823 ἢ
2545 744 3071 826 Ἀρίςταρχος,

484 850 605 915 καὶ
676 849 1201 930 Ἀριστοφάνη
1278 849 1402 912 καὶ
1473 849 2010 928 Ἀρίσταρχον,
2085 848 2259 927 ἤτοι
2330 844 2959 926 Ἀριστοφάνους
3030 848 3069 926 ἢ

482 951 1030 1033 Ἀριςτάρχου,
1087 952 1213 1015 καὶ
1264 950 1453 1030 ἐμοῦ
1496 952 1622 1014 καὶ
1666 954 1830 1032 ςοῡ,
1887 950 1926 1028 ἢ
1972 948 2119 1027 ἐγὼ
2164 951 2203 1028 ἢ
2248 949 2589 1013 ἐκεῖνος·
2645 950 2766 1012 τοῦ
2811 948 2881 1011 δὲ
2925 952 3064 1012 δευ-
3101 968 3133 1015 5

398 1100 415 1121 .
481 1053 674 1132 τὲρου
719 1051 1153 1129 (ώκρατες,
1197 1053 1236 1130 ἢ
1294 1052 1694 1131 Διογένης
1750 1050 2128 1131 παρέςται
2184 1052 2222 1128 ἢ
2269 1050 2818 1130 Θεόφραςτος·
2875 1049 3066 1127 Ἀρί-

482 1173 792 1232 ςταρχε,
840 1154 962 1217 καὶ
1005 1154 1437 1219 Διονύςιος
1479 1152 1765 1232 ἤκουςε
1810 1152 1935 1218 καὶ
1977 1152 2532 1217 Ἀπολλώνιος.
2642 1148 2794 1216 ὅθεν
2840 1149 2898 1214 εἴ
2940 1171 3065 1230 φα-

483 1277 595 1335 μεν
647 1256 774 1319 καὶ
830 1255 981 1332 ἐγὼ
1038 1257 1159 1321 καὶ
1214 1257 1295 1319 ςὺ
1353 1255 1476 1319 καὶ
1522 1254 1868 1336 ἐκεῖνος,
1927 1253 2174 1318 εὐθείας
2217 1254 2293 1319 τὸ
2339 1253 2426 1318 ςύ.
2472 1290 2553 1300 -
2600 1252 2693 1316 Τὰ
2739 1253 2922 1316 δυῑκά
2965 1253 3067 1316 καὶ

481 1357 558 1421 τὰ
600 1357 990 1437 πληθυντικὰ
1036 1357 1348 1437 ςύλληψιν
1396 1357 1526 1435 ἔχει
1570 1356 2035 1437 ὁμοιοπτώτων
2081 1357 2481 1436 προςώπων,
2525 1355 2601 1417 τὸ
2647 1353 2806 1431 ὑμᾶς
2849 1354 2918 1418 ἐκ
2947 1358 3064 1418 τοῦ

400 1471 446 1525 Β
483 1461 547 1523 ςὲ
591 1460 694 1522 καὶ
737 1459 803 1524 ct
848 1460 948 1523 καὶ
990 1459 1271 1541 ἐκεῖνον,
1316 1460 1391 1523 τὸ
1436 1458 1583 1538 ὑμῖν
1629 1458 1697 1522 ἐκ
1740 1461 1859 1521 τοῦ
1907 1458 2003 1521 coi
2046 1459 2150 1521 καὶ
2194 1457 2288 1521 coi
2333 1456 2431 1521 καὶ
2476 1455 2716 1538 ἐκείνῳ.
2805 1453 2956 1520 ὅθεν
2986 1457 3062 1520 τὸ
3105 1474 3166 1521 10

924 1566 1090 1640 ςφῶι
1135 1610 1148 1625 .
1196 1611 1208 1625 .
1255 1562 1328 1625 ςύ
1373 1562 1474 1624 καὶ
1515 1561 1819 1638 κρατερὸς
1865 1552 2237 1639 Λυκομήδης
2279 1558 2376 1640 (Μ
2421 1556 2575 1640 366)

482 1659 534 1724 εἰ
598 1661 910 1740 ςυλληψιν
966 1660 1096 1741 ἔχει
1142 1666 1266 1727 τοῦ
1318 1662 1689 1753 Λυκομήδης
1742 1660 1889 1725 κατ’
1944 1660 2228 1743 εὐθεῖαν,
2290 1647 2495 1737 δῆλον
2552 1657 2640 1723 ὡς
2697 1659 2796 1722 καὶ
2848 1659 2925 1723 τὸ
2989 1658 3061 1723 ςύ

480 1761 721 1827 εὐθείας
779 1764 1174 1840 καθέστηκεν.
1231 1800 1314 1810 —
1367 1764 1496 1827 Ἔτι
1549 1763 1614 1826 αἱ
1672 1761 2060 1841 ἀντωνυμίαι
2104 1761 2573 1841 ὁμοιοπτώτοις
2617 1762 2752 1825 τοῖς
2795 1759 3060 1838 ὀνόμαςι

479 1864 951 1936 ςυντάςςονται,
1006 1865 1193 1944 ἐμοῦ
1252 1863 1486 1930 ὄντος
1544 1864 2109 1938 Ἀπολλωνίου,
2166 1862 2340 1942 ἐμοὶ
2394 1861 2563 1927 ὄντι
2618 1861 2913 1944 Δίωνι,
2981 1864 3059 1926 ςὲ

478 1962 666 2029 ὄντα
710 1966 1038 2043 ἀγαθόν·
1099 1965 1151 2029 εἰ
1207 1964 1327 2031 οὗν
1373 1964 1619 2030 εὐθείας
1663 1966 1826 2045 <τὸ>
1872 1964 2023 2040 ἐγώ
2080 1962 2233 2043 εἰμι
2276 1963 2752 2045 Διονύςιος,
2809 1961 3055 2028 εὐθείας
3094 1981 3157 2029 15

476 2068 577 2130 καὶ
631 2068 706 2133 τὸ
763 2068 848 2131 ςύ
895 2065 964 2132 εἴ
1009 2069 1248 2132 Δίων.
1306 2104 1383 2113 —-
1441 2067 1512 2131 Ἡ
1561 2068 1814 2145 κλητικὴ
1871 2066 2222 2143 αὐτοτελὴς
2266 2064 2426 2129 οὖςα
2470 2067 2725 2144 ςτιγμὴν
2771 2065 3055 2130 ἀπαιτεῖ·

394 2182 435 2237 c
475 2168 575 2232 διὸ
620 2168 937 2233 οὐδέποτε
995 2168 1057 2231 αἱ
1111 2169 1547 2247 ἐγκλινόμεναι
1602 2168 1758 2246 μετὰ
1802 2170 2091 2247 κλητικῆς
2133 2167 2440 2248 τίθενται,
2498 2164 2593 2229 ὅτι
2639 2168 2720 2245 μὴ
2767 2166 2972 2245 μόνον
3017 2166 3055 2245 ἡ

472 2269 575 2347 μοί
618 2270 778 2334 κατὰ
820 2273 1086 2349 πρῶτον
1130 2271 1482 2348 πρόςωπον
1529 2270 1633 2333 διὰ
1678 2269 2188 2349 φιλοφρόνηςιν,

684 2371 1061 2449 ’Πάτροκλέ
1103 2392 1208 2449 μοι
1253 2374 1429 2454 δειλῇ
1475 2371 1554 2456 (Τ
1596 2370 1769 2453 287).

471 2471 541 2534 ἐν
587 2472 640 2554 ᾧ
687 2471 807 2536 οὖν
853 2474 1065 2553 φαμὲν
1112 2472 1193 2535 ςύ
1239 2492 1358 2552 με,
1417 2472 1500 2536 ςύ
1545 2493 1721 2554 μου,
1778 2471 2026 2536 εὐθείας
2069 2472 2108 2550 ἡ
2156 2471 2256 2536 ςύ·
2305 2470 2368 2533 αἱ
2411 2472 2532 2548 γὰρ
2578 2470 2817 2534 εὐθεῖαι
2859 2471 3050 2549 τήνδε
3087 2487 3155 2536 20

468 2574 582 2651 τὴν
628 2574 917 2639 ςύνταξιν
964 2574 1367 2653 λαμβάνουςι.
1411 2609 1493 2619 —-
1538 2573 1720 2651 Πρὸς
1749 2575 1828 2638 τὰ
1856 2573 2147 2652 πύςματα
2185 2572 2250 2636 αἱ
2280 2571 2519 2636 εὐθεῖαι
2546 2571 3050 2652 ἀνθυπάγονται,

468 2675 582 2738 τίς
636 2674 1024 2755 ἔγραψεν;
1082 2675 1615 2755 Ἀρίςταρχος,
1674 2675 1853 2750 ἐγώ·
1923 2675 2169 2739 εὐθείας
2224 2672 2344 2738 οὖν
2402 2674 2586 2755 (καὶ)
2643 2674 2802 2738 κατὰ
2854 2679 3049 2739 τοῦτο

290 2815 357 2863 68
377 2807 430 2859 A
467 2777 543 2838 τό
590 2776 682 2840 ςύ.
741 2813 810 2822 ——
854 2778 1112 2844 ’.Επειτα
1154 2776 1213 2842 εἴ
1253 2797 1312 2841 τι
1356 2778 1647 2857 κλητικὴν
1694 2777 1859 2858 ἔχει,
1909 2778 2165 2842 πάντως
2210 2777 2312 2841 καὶ
2355 2776 2641 2841 εὐθεῖαν·
2699 2776 2779 2840 οὐ
2824 2778 2946 2856 μὴν
2992 2775 3053 2841 εἴ

460 2898 519 2941 τι
583 2877 868 2962 εὐθεῖαν,
929 2879 1188 2944 πάντως
1255 2878 1354 2942 καὶ
1415 2877 1726 2956 κλητικήν.
1838 2877 1989 2942 οὔτε
2057 2878 2180 2955 γὰρ
2246 2877 2325 2941 τὰ
2380 2877 2697 2957 πύςματα,
2764 2876 2913 2942 οὔτε
2966 2879 3042 2942 τὸ

598 3081 812 3133 Auovu.
882 3085 914 3132 8
948 3081 995 3147 4)
1032 3078 1201 3133 Duali
1237 3080 1297 3132 et
1329 3078 1536 3147 plurali
1572 3095 1738 3132 voces
1783 3078 2033 3133 eiusdem
2080 3095 2239 3132 casus
2274 3077 2849 3147 comprehenduntun
2896 3094 3020 3132 com

461 3163 826 3231 prehenditur
880 3165 1069 3217 autem
1115 3166 1178 3217 ςύ
1225 3180 1353 3216 oum
1398 3163 1775 3217 nominativis,
1838 3196 1893 3203 —
1954 3170 2015 3216 13
2049 3163 2097 3232 5)
2132 3161 2470 3216 Pronomina
2505 3179 2607 3230 per
2641 3162 2876 3216 verbum
2912 3163 3042 3216 sub·

462 3247 772 3300 stantivum
817 3265 945 3301 oum
981 3247 1298 3302 nominibus
1334 3247 1585 3302 eiusdem
1628 3266 1787 3302 casus
1822 3248 2247 3314 construuntur3
2297 3247 2638 3300 construitur
2673 3262 2738 3300 eo
2776 3247 2942 3300 modo
2979 3250 3043 3302 ςύ

462 3348 589 3383 cum
634 3331 1010 3389 nominativis,
1058 3362 1120 3371 -
1170 3338 1231 3386 16
1266 3335 1313 3400 6)
1350 3332 1686 3386 Vocativum
1723 3332 1986 3387 enclitica
2019 3331 2285 3399 subsequi
2319 3348 2433 3385 non
2469 3331 2638 3396 solet;
2685 3330 3044 3399 subsequitur

459 3417 525 3468 ςύ
560 3429 887 3483 pronomen.
934 3447 1000 3456 —
1045 3422 1107 3469 21
1146 3419 1192 3484 τ)
1229 3416 1316 3470 Ad
1351 3415 1786 3486 interrogativas
1820 3433 1988 3470 voces
2022 3418 2086 3469 ut
2119 3417 2244 3469 aliis
2278 3415 2661 3480 nominativis,
2697 3416 2781 3470 ita
2814 3418 2879 3470 ςύ
2915 3433 3041 3484 pro·

456 3498 685 3552 nomine
728 3498 1147 3568 respondemus.
1191 3531 1259 3543 —·
1305 3507 1370 3555 23
1414 3502 1464 3571 8)
1500 3501 1687 3570 Atque
1732 3516 1879 3569 quae
1915 3501 2233 3554 vocativum
2269 3500 2508 3567 habent,
2556 3499 2756 3554 eadem
2790 3498 3040 3554 nomina·

456 3581 576 3636 tivo
612 3599 722 3637 non
759 3585 971 3641 carent.

591 3757 812 3822 Temni.
872 3775 936 3823 23
962 3771 1029 3823 cf.
1056 3769 1225 3824 Prisc.
1255 3770 1412 3838 xm,
1438 3777 1500 3824 21
1528 3788 1584 3839 p.
1614 3777 1701 3837 13,
1729 3775 1794 3824 28
1820 3771 1992 3825 Hertz
2013 3771 2092 3825 Et
2116 3772 2383 3840 quicquid
2406 3772 2562 3826 habat
2585 3773 2909 3838 vocativum,
2945 3774 3041 3827 hoc

452 3857 506 3904 et
538 3853 943 3907 nominativum
968 3855 1150 3921 habet,
1184 3857 1450 3924 quicquid
1482 3862 1667 3910 autem
1690 3857 2120 3923 nominativum,
2154 3872 2268 3909 non
2291 3857 2600 3911 omnimodo
2626 3862 2673 3910 et
2699 3858 3005 3910 vocativum
3022 3877 3044 3922 ‚-

448 3951 630 4003 neque
663 3938 806 3991 enim
840 3938 1241 4009 interroyativa
1272 3942 1501 3994 nomina
1533 3957 1632 3994 nec
1664 3941 1894 4008 infinita
1929 3957 2028 3995 neo
2061 3941 2392 4011 abneqativa
2426 3958 2525 3995 nec
2559 3942 2918 3995 distributiva
2952 3941 3041 3995 vel

447 4021 795 4088 impertitiva
828 4039 926 4078 nec
958 4024 1216 4091 relativa,
1253 4041 1394 4093 quae
1427 4025 1614 4078 omnia
1648 4029 1838 4079 carent
1860 4025 2347 4092 demonstratione,
2382 4028 2656 4080 vocativos
2685 4026 3033 4094 pollicentur.

590 4207 782 4268 Dsscu,
824 4228 1022 4263 sempr.
1098 4220 1143 4265 1.
1184 4214 1635 4279 ςυμπλεκόμεναι
1670 4211 2059 4277 RSkrzeozka,
2106 4214 2525 4278 ςυναπτόμεναι
2563 4212 2645 4267 Ab
2693 4214 2704 4280 Ι
2763 4214 3035 4269 πτώςεως

442 4292 842 4359 BSkrzeczka,
889 4297 1121 4349 κλιςεως
1159 4298 1201 4350 Α
1249 4297 1309 4350 et
1341 4296 1379 4349 b
1421 4296 1480 4349 in
1525 4297 1711 4363 textu,
1765 4296 1864 4364 qui
1908 4296 2050 4351 falso
2093 4296 2152 4348 in
2196 4312 2312 4352 var.
2348 4296 2477 4355 leot.
2511 4297 2688 4351 refert
2728 4298 2788 4350 in
2825 4300 2867 4352 Α
2915 4313 3033 4352 esse

442 4379 727 4432 πτώςεως
758 4380 768 4445 Ι
798 4384 846 4431 7.
881 4396 1120 4445 ηκουςεν
1156 4383 1199 4435 Α
1231 4385 1241 4446 Ι
1275 4388 1352 4434 10.
1390 4379 1606 4433 ‘Malim
1641 4380 1816 4433 semel
1850 4379 1985 4448 poni
2010 4381 2067 4433 et
2092 4381 2175 4435 ςοί
2200 4381 2260 4434 et
2282 4383 2453 4434 antea
2476 4383 2551 4436 (ε’
2578 4382 2615 4436 b
2639 4381 2698 4433 in
2724 4397 2838 4435 var.
2863 4381 2992 4436 lect.
3023 4384 3030 4449 Ι

447 4470 531 4515 11.
569 4465 661 4516 καὶ
697 4461 735 4516 b
771 4461 1073 4528 Homerus,
1112 4481 1204 4519 και
1239 4481 1272 4518 o
1308 4467 1350 4519 Α
1390 4466 1400 4531 Ι
1442 4471 1519 4519 13.
1558 4480 1827 4531 ονομαςιν
1862 4468 1906 4520 Α
1947 4468 1957 4529 Ι
2001 4472 2076 4518 14.
2113 4467 2250 4531 ἐμοῦ
2288 4468 2457 4520 ὄντος
2495 4466 2901 4534 Ἀπολλωνίου]
2938 4467 3033 4521 fol.

448 4551 547 4599 164
566 4563 607 4600 r.
640 4549 653 4612 Ι
684 4551 763 4602 15.
803 4547 1019 4602 εὐθείας
1055 4551 1124 4602 τὸ
1157 4548 1221 4616 b,
1260 4553 1478 4603 ευθειας
1516 4549 1558 4603 Α
1590 4551 1600 4615 Ι
1634 4555 1711 4603 17.
1748 4548 1904 4617 prior
1937 4568 1971 4616 η
2007 4548 2201 4603 littera
2234 4550 2294 4603 in
2330 4553 2598 4618 κλητικης
2635 4566 2702 4603 ex
2726 4552 2752 4604 ῑ
2785 4549 2936 4604 facta
2960 4551 3031 4604 ab

441 4632 527 4684 Ax
558 4633 569 4696 1
602 4636 683 4683 19.
721 4632 880 4700 δειλῇ
917 4631 954 4684 b
989 4630 1281 4699 Homerus,
1321 4635 1462 4702 δηλη
1500 4635 1542 4687 Α
1576 4637 1584 4699 Ι
1625 4639 1708 4690 22.
1746 4636 1835 4687 καὶ
1871 4635 2015 4687 κατὰ
2050 4633 2115 4699 b,
2160 4651 2301 4689 κατα
2339 4636 2381 4688 Α
2414 4637 2423 4702 Ι
2453 4642 2535 4692 23.
2583 4638 2857 4705 κλητικὴν
2894 4638 2936 4691 Α
2976 4640 3033 4693 et

440 4713 483 4767 b
518 4713 577 4765 in
616 4714 807 4778 textu,
861 4715 959 4782 qui
1001 4716 1060 4768 in
1105 4733 1221 4770 var.
1267 4717 1398 4772 lect.
1442 4717 1584 4772 falso
1620 4716 1882 4770 adnotat:
1935 4715 2091 4775 ‘Cod.
2137 4721 2405 4786 κλητικῆς
2442 4719 2501 4772 et
2535 4720 2705 4774 antea
2740 4725 2978 4777 ευθειας’
3021 4725 3028 4792 Ι

440 4803 667 4851 23-24,
710 4799 762 4852 εῖ
796 4815 856 4852 τι
891 4800 1113 4855 εὐθεῖαν
1147 4801 1214 4868 b,
1256 4818 1302 4856 ει
1337 4819 1396 4856 τι
1432 4807 1648 4858 ευθειας
1684 4803 1729 4856 Α
1761 4806 1771 4872 Ι
1800 4808 1883 4857 24.
1921 4805 2192 4873 κλητικήν
2226 4803 2290 4870 b,
2326 4805 2595 4879 κλητικης
2632 4806 2675 4864 Α
