3738 5530
1188 362 1703 415 Pansommvu
1736 363 1991 414 DA‘r1v1
2028 361 2401 416 PLvaAms.
3008 360 3086 423 97

498 564 859 645 ὀξυνομένη
904 585 970 630 τε

755 667 901 747 ἁμὶν
947 667 1005 732 δ’
1048 668 1393 745 ὑπαυλήςει
1437 670 1647 749 μέλος,

503 770 780 849 Ἀλκμάν
825 767 932 854 (fr.
967 770 1047 833 78
1080 767 1385 854 Bergk⁸).
1447 771 1683 837 οἰκεῖος
1727 769 1766 834 ὁ
1812 772 2052 851 χρόνος
2097 775 2484 855 πληθυντικῇ
2531 772 2634 836 διὰ
2678 775 2797 836 τοῦ
2841 774 2863 837 i
2906 772 3094 853 ἐκφε-

504 872 767 957 ρομένῃ.
853 872 1103 938 Αἰολεῖς
1147 872 1361 951 ἄμμι·

759 973 928 1040 ἀλλά
955 964 1050 1040 τις
1080 973 1232 1055 ἄμμι
1275 973 1517 1052 δαίμων
1550 972 1818 1058 (Sapph.
1854 974 1933 1037 fr.
1973 974 2091 1038 113
2128 974 2399 1055 Ahrens,
2431 974 2649 1058 adesp.
2682 975 2766 1040 56
2792 973 3009 1059 Bergk
3025 973 3096 1059 ³).
3134 984 3165 1030 5

505 1080 814 1141 τοιοῦτον
857 1076 938 1156 ἦν
982 1077 1085 1140 καὶ
1128 1076 1203 1140 τὸ

421 1181 465 1236 C
1924 1177 2073 1260 ἄμμι
2122 1180 2178 1243 δ’
2224 1180 2448 1258 ἀρήγει
2493 1180 2574 1265 (Ο
2621 1178 2798 1264 493).

505 1279 841 1360 ὁμόλογον
884 1281 1016 1362 ὅτι,
1060 1280 1179 1345 κᾶν
1225 1279 1676 1359 ὀρθοτονῆται,
1723 1282 1869 1360 μίαν
1914 1283 2019 1346 καὶ
2059 1283 2176 1359 τὴν
2221 1280 2512 1364 (αὐτὴν)
2556 1280 2732 1347 τάςιν
2776 1281 2925 1360 ἔχει.

680 1382 1243 1462 εΟμολογουμένης
1299 1382 1371 1447 δὲ
1422 1385 1534 1459 τῆς
1591 1382 1697 1446 διὰ
1740 1386 1859 1448 τοῦ
1904 1386 1928 1447 i
1967 1387 2252 1466 γραφῆς,
2310 1383 2504 1448 πάλιν
2558 1383 2724 1448 τινὲς
2770 1383 3098 1449 ἐπιθανεύ-

508 1502 702 1548 ςαντο
723 1532 737 1559 ,
784 1483 1222 1563 εἰςηγούμενοι
1265 1485 1342 1549 τὸ
1387 1487 1421 1547 ἓ
1464 1483 1798 1560 ἑγκεῖςθαι·
1850 1484 2166 1563 «καθάπερ
2210 1487 2335 1565 γὰρ
2363 1491 2456 1569 τῷ
2486 1487 2699 1563 ταχεῖς
2729 1484 3103 1565 παράκειται
3142 1489 3206 1537 10

506 1586 586 1650 τὸ
630 1585 914 1663 ταχέςιν,
962 1584 1136 1651 οὕτω
1182 1585 1285 1649 καὶ
1326 1591 1419 1668 τῷ
1464 1585 1644 1665 ἡμεῖς
1687 1586 1762 1650 τὸ
1807 1585 2041 1665 ἡμέςιν.
2128 1587 2204 1651 τό
2247 1606 2315 1651 τε
2362 1586 2434 1652 ἐν
2478 1587 2762 1669 τετάρτῳ
2808 1587 3103 1652 Ἀλκαίου

510 1684 619 1767 (fr,
666 1684 753 1753 91
796 1684 1083 1767 Ahrens,
1137 1685 1257 1750 100
1302 1684 1581 1771 Bergk³)

767 1787 1029 1869 ἄμμεςιν
1073 1789 1403 1867 πεδάορον

292 1894 470 1946 124A
509 1889 683 1954 οὕτω
740 1890 1043 1970 φέρεςθαι
1098 1889 1228 1954 ἀπὸ
1283 1895 1399 1955 τοῦ
1454 1889 1685 1968 ἡμέςιν.
1785 1891 1918 1955 ἀπὸ
1976 1893 2054 1969 δὴ
2110 1896 2227 1956 τοῦ
2282 1890 2498 1970 ἡμέςιν
2557 1893 2716 1956 κατὰ
2771 1890 3106 1972 ἀφαίρεςιν

505 1995 626 2056 τοῦ
690 1993 727 2055 ’ς’
781 1991 882 2055 καὶ
935 1992 1299 2058 ςυνέλευςιν
1354 1995 1472 2056 τοῦ
1526 1996 1561 2056 ἒ
1617 1992 1864 2068 ἐγίνετο
1922 1995 2133 2075 ἡμεῖν,
2187 1991 2476 2068 εὐλόγως
2530 1993 2634 2057 καὶ
2688 1997 2806 2059 τοῦ
2860 1993 3106 2073 χρόνου
3150 1996 3210 2043 15

508 2092 945 2173 μηκυνθέντος
992 2093 1093 2158 καὶ
1137 2097 1253 2158 τοῦ
1297 2093 1497 2158 τόνου
1542 2095 2110 2176 περιςπαςθέντος,
2168 2093 2301 2170 εἴγε
2357 2096 2525 2159 πᾶςα
2569 2095 2784 2173 δοτικὴ
2830 2096 3106 2174 πληθυν-

508 2196 646 2273 τικὴ
690 2193 1025 2274 τεινομένη
1070 2195 1176 2259 διὰ
1221 2195 1341 2260 δύο
1387 2196 1789 2276 φωνηέντων
1821 2195 2208 2276 ἐκφέρεται».
2280 2195 2563 2273 Πρῶτον
2602 2196 2684 2261 τὰ
2712 2199 2823 2273 τῆς
2853 2197 3111 2276 γραφῆς

511 2296 907 2376 διαφέρεται.
953 2333 1028 2342 -
1081 2295 1301 2360 ἔπειτα
1345 2297 1665 2376 θεματικαὶ
1709 2300 1902 2361 πᾶςαι
1952 2296 2348 2381 ἐδείχθηςαν,
2393 2298 2558 2377 πρὸς
2587 2303 2678 2378 τῷ
2709 2298 2822 2362 τὰς
2854 2298 3110 2363 δοτικὰς

509 2397 584 2462 ἑν
628 2396 1055 2476 πλεονάςματι
1101 2396 1271 2475 ἔχειν
1315 2399 1392 2462 τὸ
1438 2401 1508 2479 ν,
1557 2397 1637 2462 οὗ
1683 2398 2030 2478 αἰρομένου
2075 2398 2406 2477 ἀλύμαντα
2447 2399 2528 2462 τὰ
2569 2402 2683 2476 τῆς
2727 2401 3106 2478 προφορᾶς·

428 2496 475 2548 Β
511 2496 678 2577 ὅπερ
722 2505 813 2582 τῷ
856 2497 1007 2577 ἡμῖν
1053 2498 1132 2563 οὐ
1178 2500 1547 2577 παρέπεται.
1631 2501 1711 2564 τὰ
1751 2501 1878 2580 γὰρ
1922 2500 2084 2578 παρ’
2127 2500 2452 2566 Αἰολεῦςιν
2498 2500 2688 2565 ἕνεκα
2728 2502 2840 2577 τῆς
2887 2498 3109 2563 ςυντά-
3146 2502 3215 2552 20

509 2606 672 2664 ξεως
715 2600 1025 2664 πολλάκις
1071 2599 1426 2680 ἀποβάλλει
1470 2602 1546 2666 τὸ
1592 2601 1631 2666 ἧ
1677 2601 1769 2665 δι’
1814 2600 2182 2682 εὐφωνίαν,

767 2699 982 2769 ἄειςον
1026 2700 1177 2782 ἄμμι
1220 2703 1339 2768 τάν
1385 2700 1697 2769 ἰόκολπον
1744 2701 1998 2784 (Alcaei
2043 2702 2123 2765 fr.
2170 2701 2213 2765 4
2257 2701 2534 2782 Ahrens,
2581 2701 2662 2765 63
2712 2699 2924 2785 Bergk
2941 2699 3023 2787 ³)·

773 2802 838 2867 αἰ
882 2802 953 2868 δέ
996 2802 1064 2867 κ’
1106 2801 1257 2884 ἄμμι
1303 2803 1469 2869 Ζεὺς
1511 2805 1733 2888 τελέςῃ
1778 2805 1987 2883 νόημα

512 2904 805 2970 Ἀλκαῖος
847 2903 956 2989 (fr.
987 2902 1073 2968 60
1116 2902 1392 2982 Ahrens‚
1440 2905 1518 2967 77
1555 2903 1769 2989 Bergk
1784 2904 1857 2989 ³),
1906 2907 2008 2971 καὶ
2051 2906 2160 2971 ἐπ’
2202 2904 2443 2972 ἄλλων.
2516 2906 2690 2984 μένει
2728 2924 2799 2970 τε
2844 2904 2948 2968 ἐπὶ
2991 2908 3109 2969 τοῦ

771 3005 962 3086 ἄμμιν
1007 3005 1318 3071 ἀθάνατοι
1361 3006 1496 3072 Θέοι
2245 2993 2256 3001 ”
3144 3010 3210 3057 25

768 3106 949 3173 νίκαν

514 3209 807 3274 Ἀλκαῖος
848 3208 1041 3290 τρίτῳ
1090 3208 1196 3290 (fr.
1231 3208 1313 3272 86
1346 3208 1623 3292 Ahrens‚
1671 3210 1756 3275 80
1800 3209 2018 3295 Bergk
2033 3211 2108 3294 3),
2154 3211 2252 3274 καὶ
2295 3209 2408 3274 ἐπ’
2450 3209 2668 3275 ἄλλων
2713 3208 3054 3274 πλειόνων.

683 3309 920 3389 Ὑμῑν.
966 3310 1175 3376 Πάλιν
1205 3310 1368 3389 παρ’
1396 3313 1562 3377 Ἴωςι
1598 3315 2106 3392 προπεριςπᾶται
2128 3312 2542 3390 ἑγκλινομένη
2557 3359 2576 3394 ,
2608 3312 2766 3376 καθὸ
2792 3310 3110 3375 ςυςτέλλει

436 3408 479 3463 C
514 3411 592 3475 τὸ
637 3414 674 3476 i.
763 3410 865 3475 καὶ
908 3410 999 3474 ἔτι
1044 3413 1219 3491 παρὰ
1263 3413 1646 3491 Δωριεῦςιν·
1696 3413 1913 3480 ὅςαις
1958 3412 2138 3492 ὕμιν
2184 3412 2498 3494 αἰνέςω,
2546 3411 2841 3492 Εώφρων
2885 3408 2990 3495 (fr.
3026 3411 3103 3474 81

653 3546 867 3603 Auem
948 3550 980 3598 9
1026 3547 1219 3611 Ἠμεῖν
1262 3545 1566 3615 genuinam
1614 3547 1850 3600 formam
1898 3562 2016 3600 esse
2064 3545 2298 3613 quidam
2340 3545 2423 3598 ita
2466 3546 2706 3615 probare
2743 3544 2999 3611 student,
3045 3546 3111 3597 ut

514 3631 713 3696 ἡμέςιν
751 3629 989 3683 sormam
1026 3630 1308 3697 statuant,
1347 3645 1493 3697 quae
1532 3630 1781 3684 aeolicae
1814 3630 2014 3696 ἀμμέςι
2037 3630 2403 3698 respondeat,
2440 3646 2510 3684 ex
2545 3645 2660 3696 qua
2684 3631 2848 3696 ἡμεῖν
2873 3629 2999 3681 orta
3023 3628 3111 3682 sit.

519 3744 582 3753 —-
637 3718 694 3767 17
745 3714 819 3767 At
860 3712 961 3767 illa
1003 3714 1154 3768 inter
1196 3729 1255 3768 se
1299 3730 1412 3768 non
1458 3716 1692 3784 possunt
1737 3714 2007 3779 conferri:
2055 3715 2284 3769 omnino
2327 3712 2647 3783 personalia
2690 3712 2804 3766 suis
2847 3713 3113 3767 tenentur

517 3798 758 3869 legibus.
796 3828 863 3838 —
898 3804 964 3852 27
1003 3797 1080 3853 Ut
1114 3799 1278 3865 ὗμιν,
1314 3799 1395 3852 ita
1429 3799 1561 3865 ἧμιν
1595 3798 1748 3868 apud
1787 3799 1949 3853 Iones
1984 3799 2523 3868 properispomenon
2549 3799 2660 3866 est,
2695 3797 2831 3866 quia
2852 3795 3112 3850 ultimam

517 3884 768 3953 corripit.

658 4000 845 4058 Drscn.
895 4019 1091 4055 sempr.
1172 4009 1217 4055 1.
1267 4003 1578 4070 όξυνομένη
1624 4000 1847 4071 scripsit
1892 3999 2364 4066 LCValokenaer‚
2413 4000 2851 4078 οξυνονομεν.Α
2897 3998 2954 4052 in
3000 3997 3111 4054 fine

520 4103 744 4152 versus,
781 4087 1060 4151 ὁξύνομέν
1096 4084 1134 4138 b
1164 4089 1172 4150 Ι
1204 4090 1251 4139 8.
1289 4091 1682 4154 ωρθοτονηται
1718 4087 1763 4141 Α
1802 4089 1812 4152 Ι
1857 4086 2040 4152 αὐτὴν
2075 4086 2132 4152 b,
2171 4101 2278 4141 om.
2317 4087 2358 4139 Α
2390 4084 2400 4149 Ι
2437 4090 2512 4137 ll.
2550 4099 2810 4151 τετταρω
2847 4085 2892 4139 Α
2923 4086 2932 4149 Ι
2967 4089 3046 4137 13.
3085 4099 3114 4138 ς

522 4169 581 4224 in
604 4186 837 4236 αμμεςιν
861 4170 933 4224 ab
957 4174 1057 4238 Ax,
1084 4172 1316 4237 ἄμμεςιν
1339 4168 1680 4236 HLAhrens,
1704 4170 1937 4237 ἀμμέςιν
1960 4170 1998 4223 b
2025 4168 2299 4239 ThBergk
2329 4175 2337 4233 Ι
2370 4169 2654 4235 πεδάορον
2673 4166 3117 4223 LCValokenaer

521 4254 578 4320 b,
615 4253 931 4309 HLAhrens
967 4254 1273 4325 ThBergk,
1310 4257 1479 4311 παιδα
1514 4272 1652 4322 ορον
1687 4256 1730 4309 Α
1797 4258 1806 4321 Ι
1872 4258 1953 4310 14.
1991 4270 2134 4307 κατα
2160 4256 2233 4321 Α,
2271 4256 2405 4307 κατ’
2438 4253 2476 4307 b
2539 4255 2550 4318 Ι
2618 4257 2697 4306 18.
2732 4267 2954 4307 comma
2987 4253 3116 4322 post

524 4339 848 4407 ἑδείχθηςαν
883 4339 1074 4408 posuit
1108 4339 1499 4404 RSkrzeozka‚
1539 4341 1813 4408 punctum
1850 4338 1887 4392 b
1941 4341 1951 4406 Ι
2010 4344 2085 4396 19.
2124 4342 2503 4404 πλεοναςματι
2540 4339 2604 4402 Α,
2650 4339 2986 4406 πλεοναςμῷ
3023 4337 3061 4391 b
3102 4338 3109 4405 Ι

524 4429 603 4477 21,
644 4424 951 4491 ἀποβάλλει
983 4425 1054 4478 τὸ
1090 4425 1147 4491 V]
1185 4423 1283 4478 fol.
1323 4429 1419 4479 188
1443 4442 1487 4477 r.
1553 4429 1561 4487 Ι
1626 4429 1708 4477 22.
1760 4422 1892 4476 ‘nisi
1927 4422 2074 4476 forte
2109 4422 2216 4476 hoc
2251 4422 2407 4491 prius
2440 4422 2818 4492 fragmentum
2855 4420 3115 4490 Sapphus

526 4509 631 4561 est’
666 4507 943 4579 ThBergk
973 4508 983 4577 Ι
1013 4513 1095 4562 23.
1132 4509 1329 4576 τελέςῃ
1366 4507 1404 4561 b
1440 4507 1734 4577 ThBergk‚
1773 4509 1977 4575 τελέςη
2015 4506 2359 4574 HLAhrens‚
2397 4510 2625 4574 τελεςςη
2666 4506 2708 4559 Α
2739 4509 2998 4571 124-26.
3036 4506 3116 4559 sie

527 4590 709 4645 locum
735 4592 983 4647 restituit
1006 4591 1342 4659 HLAhrens,
1382 4593 1532 4659 μένει
1558 4590 1732 4646 etiam
1766 4591 1803 4645 b
1838 4589 1899 4644 in
1922 4608 2039 4646 var.
2067 4590 2195 4650 leot.
2221 4601 2280 4646 et
2314 4592 2582 4645 ἀθάνατοι
2616 4593 2736 4645 oco!
2763 4587 3116 4654 GHermann,

530 4677 721 4729 ἄλλων
745 4679 850 4743 μὲν
876 4693 990 4733 ειτε
1017 4678 1110 4732 ἐπὶ
1134 4681 1237 4730 τοο
1264 4694 1434 4742 υμμιν
1460 4680 1768 4732 αθανατοιο
1793 4693 2040 4731 εοινικαν
2066 4676 2159 4730 Ab
2192 4678 2201 4741 Ι
2230 4681 2313 4731 28.
2353 4692 2480 4743 περι
2515 4691 2617 4743 της
2654 4674 2789 4740 υμῖν
2823 4673 3119 4742 inscriptio

530 4759 753 4814 maiusc.
791 4764 834 4816 Α
870 4765 880 4826 Ι
912 4778 1068 4818 ιωςιν
1103 4763 1179 4829 ΑΙ
1210 4767 1657 4830 προπεριςπᾶται
1693 4761 1757 4828 b,
1806 4777 2139 4828 περιεπαται
2176 4760 2248 4826 Α,
2292 4759 2392 4814 sed
2437 4759 2551 4813 vid.
2589 4773 2734 4825 quae
2772 4765 2864 4825 98,
2903 4765 2931 4813 ’1
2977 4758 3038 4811 in
3074 4759 3119 4813 Α

534 4842 794 4911 leguntur
821 4851 831 4910 1
861 4852 945 4901 28.
981 4849 1187 4904 δςαιςιν
1224 4844 1562 4901 GHermann

638 4937 911 4986 Apollonius
939 4940 1175 4991 Dyncoiua.
1222 4941 1256 4981 1.
2684 4932 2713 4979 7
