3738 5530
601 388 686 454 60
1538 388 1717 439 ΠΕΡΙ
1753 385 2250 437 ΔΝΤΩΝΤΜΙΑΣ.

1477 492 2313 545 μτῡωωοε-τεωοειιῑσι»

602 594 764 676 παρ’
821 594 1144 658 Ἀττικοῖς.
1245 596 1505 669 πρῶτον
1560 591 1685 667 γὰρ
1741 588 1823 654 ἂν
1878 590 1979 653 καὶ
2031 589 2146 651 τὸν
2189 585 2389 650 τόνον
2435 583 2790 664 ἐφύλαςςεν
2836 582 3023 664 ὀξύν,
3078 603 3186 646 κα-

603 698 808 776 θάπερ
852 696 952 760 καὶ
995 696 1070 758 τὸ
1118 694 1365 759 ούτοςί·
1422 692 1644 756 ἔπειτα
1686 691 1925 756 ταύτὸν
1970 690 2051 754 ἂν
2096 689 2460 768 ἐςήμαινεν,
2520 684 2734 764 ὥςπερ
2779 685 2879 748 καὶ
2921 684 2986 748 αἱ
3029 704 3189 762 προ-

603 799 879 879 κείμεναι
926 797 1027 861 καὶ
1069 796 1350 860 καθόλου
1395 797 1568 858 πᾶςα
1610 790 2017 857 πλεονάςαςα
2061 789 2344 871 ςτοιχείῳ
2392 789 2576 853 λέξις.
2674 790 2794 853 νῦν
2839 788 2910 850 δὲ
2953 788 3030 850 τὸ
3074 787 3188 866 μὲν
3229 794 3366 849 76A

605 901 707 966 ὁδί
750 898 1071 980 ὀξύνεται,
1128 898 1231 961 καὶ
1275 894 1583 960 δεικτικὸν
1644 894 1798 958 ἐςτι·
1855 895 1932 957 τὸ
1986 895 2058 957 δὲ
2102 893 2280 956 ὁδεῖν
2336 891 2438 955 καὶ
2480 891 2887 968 περιςπᾶται,
2942 888 3046 951 καὶ
3089 885 3192 949 ἐπί

541 1021 572 1070 5
608 1022 783 1068 τινος
837 998 1149 1079 τυχόντος
1208 995 1785 1077 παραλαμβάνεται,
1884 994 2105 1060 ἔπειτα
2158 995 2238 1059 τὰ
2293 991 2739 1057 πλεονάςαντα
2783 988 3021 1054 ἔςωθεν
3066 987 3192 1051 κλί-

606 1124 817 1186 νεται,
872 1099 1197 1166 τουτονί
1250 1100 1375 1163 καὶ
1417 1098 1772 1161 τουτουῖ·
1828 1101 1968 1161 πῶς
2026 1094 2147 1160 οὖν
2191 1098 2308 1159 τοῦ
2352 1097 2566 1157 δεῖνος
2610 1091 2846 1157 ἔξωθεν
2889 1091 2929 1167 ἡ
2975 1090 3193 1163 κλίςις;

608 1204 870 1286 ἄμεινον
918 1202 1039 1267 οὖν
1084 1201 1165 1279 ἧν
1208 1200 1368 1278 θέμα
1412 1200 1812 1279 καταλιπεῖν,
1866 1199 1907 1276 ἢ
1963 1196 2306 1273 ἀποκοπὴν
2350 1198 2466 1259 τοῦ
2512 1192 2764 1273 ὁδεῖνα,
2820 1192 2931 1256 ἵνα
2973 1192 3078 1256 καὶ
3117 1192 3198 1256 τὰ

606 1311 725 1371 τοῦ
777 1306 976 1379 τόνου
1035 1307 1346 1384 ςυμφωνῇ
1404 1300 1506 1365 καὶ
1556 1301 1634 1364 τὰ
1679 1303 1791 1377 τῆς
1833 1299 2146 1377 ςημαςίας.
2238 1297 2518 1380 [βέλτιον
2563 1296 2749 1373 θέμα,
2807 1293 2948 1358 ἐπεὶ
2990 1294 3090 1357 καὶ
3132 1290 3198 1355 αἱ

610 1407 939 1474 ἀποκοπαὶ
983 1404 1273 1486 ἄκλιτοι.]

509 1531 579 1578 10
786 1509 960 1573 «Πᾶν
1006 1507 1324 1570 πτωτικόν
1368 1505 1408 1582 ἢ
1452 1505 1616 1568 κατὰ
1657 1500 1733 1568 τὸ
1777 1503 1965 1567 τέλος
1995 1504 2111 1580 τὴν
2141 1501 2336 1566 κλίςιν
2366 1502 2671 1581 ποιεῖται,
2717 1500 2755 1576 ἢ
2786 1498 2914 1576 πρὸ
2945 1497 3196 1577 τέλους,
3234 1503 3280 1555 Β

608 1611 717 1676 ὅτε
774 1610 1214 1689 ἐπεκτέταται,
1283 1604 1373 1668 ὡς
1430 1606 1502 1670 ἐν
1557 1612 1648 1686 τῷ
1691 1609 1981 1686 τοιοῦδε,
2037 1608 2300 1687 τοιῷδε·
2367 1609 2507 1666 πῶς
2565 1599 2686 1665 οὖν
2740 1602 2881 1663 τοῦ
2935 1600 3199 1662 δεῖνος

610 1713 711 1777 καὶ
752 1712 843 1775 ἔτι
886 1713 1027 1774 τοῦ
1073 1707 1467 1783 δείνατος,
1523 1707 1624 1770 καὶ
1678 1712 1779 1789 τῷ
1833 1709 2044 1769 δεῖνι
2099 1705 2200 1768 καὶ
2252 1710 2355 1787 τῷ
2413 1701 2748 1782 δείνατι,
2807 1700 2929 1764 δύο
2975 1698 3198 1762 κλίςεις

611 1813 983 1887 ἀνεδέξατο;
1029 1815 1169 1875 πῶς
1213 1810 1285 1873 δὲ
1329 1811 1429 1873 καὶ
1471 1805 1592 1873 δύο
1637 1808 1903 1888 τόνους,
1949 1807 2151 1883 πάςης
2197 1807 2426 1871 λέξεως
2471 1804 2620 1880 μίαν
2664 1801 2882 1868 ὀξεῖαν
2930 1800 3196 1879 ἐχούςης

615 1919 654 1995 ἢ
713 1912 1263 1993 περιςπωμένηνς»
1328 1947 1401 1956 -
1460 1909 1787 1974 Πολλάκις
1840 1909 1943 1972 καὶ
1996 1908 2108 1972 ἐπ’
2165 1906 2509 1984 ὀνομάτων
2562 1905 2711 1968 καθ’
2755 1903 2904 1968 ἑνὸς
2947 1902 3202 1965 ὑποκει-

491 2037 578 2084 ·15
613 2018 812 2098 μένου
865 2014 985 2078 δύο
1035 2012 1260 2077 κλίςεις
1313 2012 1631 2091 γίνονται,
1695 2010 1825 2074 Νέα
1876 2011 2061 2074 πόλις
2116 2008 2279 2072 Νέας
2325 2008 2612 2089 πόλεως,
2663 2004 2906 2081 ἀγαθὸς
2958 2004 3200 2080 δαίμων

612 2120 860 2194 ἀγαθοῦ
919 2114 1259 2194 δαίμονος·
1321 2111 1417 2177 οἷς
1472 2113 1536 2177 ἐξ
1592 2110 1874 2189 ἀνάγκης
1931 2111 2285 2188 παρέπεται
2329 2110 2433 2172 καὶ
2475 2109 2549 2171 τό
2596 2108 2903 2179 διτονεῖν,
2959 2103 3057 2167 ὅτι
3101 2104 3204 2167 καὶ

612 2226 733 2291 δύο
779 2220 1018 2285 κλίςεις.
1123 2215 1202 2279 οὐ
1260 2215 1536 2278 πιθανὸν
1582 2211 1704 2277 οὖν
1748 2211 1849 2275 καὶ
1891 2215 2230 2276 τουδεῖνος
2276 2209 2364 2273 ὡς
2410 2212 2699 2287 ςωλῆνος
2742 2206 3196 2287 προφέρεςθαι,
3235 2211 3279 2265 C

614 2326 704 2389 ὥς
748 2343 899 2404 φηςι
943 2317 1230 2397 Τρύφων
1276 2314 1359 2397 (p.
1412 2314 1484 2377 31
1540 2311 1834 2396 Velsen),
1892 2314 2029 2381 «ἵνα
2072 2315 2154 2394 μὴ
2201 2313 2495 2396 διτονήςῃ
2541 2312 2580 2389 ἡ
2628 2310 2848 2383 λέξις»,
2906 2307 3025 2370 δύο
3071 2307 3202 2370 κλί-

613 2448 775 2493 ςεων
820 2423 1206 2506 γινομένων.

515 2645 583 2692 20
786 2619 914 2685 Τὰς
969 2624 1127 2687 κατὰ
1181 2624 1257 2685 τὸ
1312 2619 1527 2698 τρίτον
1571 2616 1956 2696 πρόςωπον,
2013 2610 2180 2685 λέγω
2226 2608 2304 2684 δὴ
2347 2604 2463 2681 τὴν
2503 2600 2530 2664 ἵ
2575 2599 2675 2663 καὶ
2716 2598 2829 2661 τὰς
2875 2597 3204 2676 ςυζύγους,

618 2719 963 2801 ἀναφορὰν
1026 2725 1399 2805 προςώπων
1464 2719 1811 2800 δηλούςας,
1880 2713 2220 2793 ςυμβέβηκε
2287 2701 2860 2785 μεταλαμβάνεςθαι
2927 2697 3015 2762 εἰς
3086 2698 3204 2776 τὴν

616 2821 856 2886 αὐτός
900 2827 1004 2889 καὶ
1046 2826 1237 2903 αὐτή
1282 2826 1386 2889 καὶ
1428 2823 1645 2896 αὐτό,
1694 2819 2013 2897 εὐλόγως,
2068 2812 2206 2876 ἐπεὶ
2261 2809 2364 2873 καὶ
2407 2806 2565 2882 αὐτὴ
2611 2801 3002 2882 ἀναφέρεται
3045 2799 3204 2863 πάν·
3243 2825 3308 2874 77
3330 2820 3382 2872 Α

616 2944 765 2988 τοτε
809 2925 914 2988 ἐπί
958 2948 1013 2992 τι
1058 2927 1444 3007 πρόςωπον,
1503 2923 1614 2987 ὅτε
1672 2921 1754 3000 μὴ
1799 2917 2197 2982 ἐπιτέτακται
2241 2909 2482 2991 πρώτῳ
2528 2907 2629 2970 καὶ
2672 2902 2985 2984 δευτέρῳ·
3043 2900 3208 2964 ἀλλὰ

619 3025 721 3088 καὶ
763 3027 802 3104 ἡ
849 3025 1042 3093 οὗτος
1084 3030 1187 3092 καὶ
1228 3030 1267 3107 ἡ
1313 3029 1558 3092 ἐκεῖνος
1602 3023 1997 3104 μεθίςτανται
2041 3016 2130 3082 εἰς
2173 3014 2408 3091 αὐτήν·
2468 3008 2626 3073 κατὰ
2681 3006 2802 3082 γὰρ
2847 3007 2964 3068 τοῦ
3008 3001 3207 3065 αὐτοῦ

517 3152 585 3200 25
619 3129 973 3204 προςώπου
1030 3133 1272 3195 νοεῖται
1326 3130 1401 3192 τὸ
1457 3127 1764 3191 ἐκεῖνος
1819 3119 2162 3200 ἐνίκηςε,
2217 3113 2650 3190 τοιγαροῦν
2703 3106 2945 3170 αὐτὸς
2989 3106 3208 3182 τιμῆς

682 3266 781 3273 -ῴ
806 3268 927 3275 ..---
952 3270 1021 3274 —-7

754 3333 971 3385 Anava.
1023 3337 1082 3384 10
1108 3330 1313 3384 Mirum
1348 3345 1461 3383 non
1498 3329 1583 3382 est
1618 3330 1721 3380 τοῦ
1758 3326 1969 3386 δεῖνος,
2006 3336 2136 3373 cum
2169 3332 2285 3369 una
2307 3330 2416 3368 vox
2442 3326 2560 3366 esse
2588 3307 2872 3370 videatur,
2909 3303 3210 3372 dupliciter

619 3417 771 3472 flecti
807 3418 1057 3484 duosque
1095 3430 1374 3468 assumere
1412 3399 1694 3466 acoentuS.
1756 3407 1903 3462 Nam
1930 3405 2102 3459 etiam
2136 3399 2367 3455 nomina.
2399 3395 2868 3474 interdum‚3cum
2891 3404 3063 3441 unam
3086 3403 3207 3441 rem

619 3493 963 3571 significent'‚
1013 3499 1226 3568 duplici
1274 3499 1333 3552 et
1365 3496 1606 3550 flexione
1655 3495 1715 3547 et
1757 3490 1946 3545 tonoei
1980 3487 2230 3541 utuntur.
2285 3513 2350 3522 —
2407 3487 2468 3535 19
2510 3481 2552 3534 Ἰ
2589 3474 2935 3547 pronominis
2971 3470 3212 3552 obsoleti

618 3585 807 3639 locum
852 3583 1100 3639 obtinuit
1141 3584 1331 3638 αὐτός.
1416 3580 1526 3634 Pro
1580 3595 1647 3633 eo
1700 3577 1871 3632 οὗτος
1916 3575 1976 3629 et
2019 3576 2228 3626 ἐκεῖνος
2272 3567 2584 3636 ponuntur,
2641 3575 2755 3614 non
2802 3574 2992 3612 rursus
3036 3556 3209 3610 αὐτός

620 3686 724 3738 pro
758 3670 889 3725 illis.

760 3839 991 3892 Τεετικ.
1070 3843 1130 3891 19
1165 3836 1339 3893 Prisc.
1367 3835 1506 3902 XII,
1530 3840 1561 3889 5
1585 3852 1641 3903 p.
1666 3837 1782 3897 579,
1817 3836 1885 3883 22
1922 3829 2097 3881 Hertz
2134 3826 2292 3892 ‘ipse'
2331 3834 2541 3890 quoque
2575 3818 2638 3870 in
2660 3815 2828 3869 tertia
2850 3826 3113 3881 persona,
3145 3815 3211 3863 ut

624 3925 833 3979 dictum
891 3929 994 3988 est,
1038 3939 1144 3992 per
1193 3939 1250 3976 se
1294 3920 1538 3990 positum
1581 3918 1658 3971 ad
1698 3914 2128 3970 recordationem
2162 3921 2431 3976 personae
2479 3902 2721 3967 refertur
2771 3900 2886 3951 iam
2930 3896 3210 3964 οοφιιῖαες

623 4013 764 4062 recte
814 4009 992 4078 iyitur
1044 4006 1586 4068 demovoetrationem‚
1646 4016 1787 4069 quae
1840 3997 2191 4067 significatur
2238 4007 2339 4059 per
2385 3988 2524 4042 ‘ille’
2572 3991 2622 4039 et
2665 3984 2811 4040 ‘iste'
2859 3979 3212 4048 ΡΥΟΜΜῑΜ,

624 4098 852 4159 reparat
885 4093 1175 4146 memoriae
1201 4105 1527 4159 pronomen,
1574 4086 1721 4156 quod
1756 4084 2065 4150 est-‘ipse’;
2109 4092 2222 4130 non
2263 4080 2449 4128 tamen
2482 4071 2646 4125 etiam
2683 4068 2819 4121 ‘ille'
2858 4071 2909 4119 et
2944 4065 3089 4118 ‘iste’
3126 4078 3210 4116 re-

623 4177 765 4243 ferri
797 4177 874 4230 ad
900 4192 1205 4244 pronomen
1241 4175 1403 4240 ‘ipse’
1432 4176 1694 4240 possunt.-
1722 4168 1913 4236 prima
1949 4165 2094 4220 enim
2129 4160 2368 4230 coynitio
2404 4161 2480 4211 est
2508 4171 2611 4223 per
2636 4148 3068 4206 demonstrativa
3083 4162 3213 4214 pro-

624 4261 880 4326 nomina,
915 4261 1161 4338 secundo
1192 4274 1318 4314 vero
1346 4275 1450 4327 per
1482 4256 1734 4311 relativa.

761 4447 955 4501 stcn.
998 4465 1198 4501 scum.
1280 4452 1327 4501 7.
1364 4445 1437 4510 ἦν
1471 4440 1536 4506 b,
1576 4425 1681 4509 ἦΑ
1710 4442 1723 4502 ἱ
1754 4444 1904 4506 7-,8.
1942 4437 2014 4488 τὰ
2048 4437 2152 4486 τοῦ
2188 4432 2361 4484 τόνου
2399 4427 2467 4494 b,
2502 4442 2575 4479 τα
2608 4442 2711 4478 του
2749 4440 2852 4476 νου
2889 4422 2931 4474 Α
2963 4421 3051 4475 18.
3087 4436 3214 4484 ςυμ-

627 4550 815 4599 φωνει
850 4535 892 4587 Α
933 4534 943 4600 Ι
993 4533 1219 4598 βέλτιον
1257 4559 1319 4568 -
1357 4534 1405 4582 9.
1441 4528 1668 4580 ἀκλιτοι
1701 4522 1837 4577 eicit.
1868 4515 2239 4572 RSkrzeczka
2284 4517 2295 4579 Ι
2350 4519 2427 4569 11.
2465 4524 2770 4564 επεκταται
2806 4509 2850 4561 Α
2892 4507 2902 4569 Ι
2940 4505 3122 4559 δεῖνος
3158 4501 3214 4568 b,

629 4621 782 4673 δινος
818 4619 862 4671 Α
936 4620 946 4682 ι
1022 4622 1101 4669 12.
1146 4617 1288 4668 δεῖνι
1332 4613 1397 4678 b,
1443 4614 1555 4664 δινι
1595 4611 1637 4663 Α
1704 4615 1713 4671 Ι
1781 4613 1858 4663 15.
1907 4605 2021 4658 Νέα
2057 4601 2223 4655 πόλις
2269 4627 2331 4637 —
2383 4598 2528 4650 Νέας
2573 4595 2798 4649 πόλεως
2836 4586 3213 4650 ChALobeok,

576 4757 585 4766 ,
634 4704 735 4756 νὲα
769 4703 932 4756 πόλις
970 4729 1033 4739 -
1070 4701 1199 4753 νέας
1235 4698 1463 4752 πόλεως
1502 4694 1592 4747 Ab
1646 4695 1656 4759 Ι
1709 4691 1920 4755 ἀγαθὸς
1957 4687 2174 4752 δαίμων
2210 4680 2598 4744 chAhobeok,
2637 4674 3034 4740 ἀγαθοδαίμων
3071 4670 3164 4725 Ab
3205 4675 3211 4736 Ι

636 4793 713 4844 17.
750 4790 1027 4840 πειθανον
1066 4785 1108 4837 Α
1163 4786 1173 4850 Ι
1224 4788 1308 4835 20.
1344 4776 1637 4844 Inscriptio
1674 4792 1818 4842 αρχη
1853 4790 1959 4827 του
1997 4788 2016 4823 ι
2049 4787 2154 4824 του
2192 4784 2255 4822 εν
2287 4782 2373 4819 τω
2410 4779 2588 4832 τριτω
2626 4775 2915 4828 προςωπω
2951 4772 3094 4823 οπερ
3129 4771 3215 4820 ςη-

632 4886 822 4942 μαινει
855 4886 924 4923 το
961 4884 1134 4923 αυτος
1171 4883 1264 4921 και
1299 4878 1511 4919 εκεινος
1546 4859 1779 4914 maiano.
1817 4859 1861 4913 A
1915 4862 1924 4919 Ι
1976 4861 2060 4912 25.
2098 4867 2349 4920 ενικηςεν
2385 4851 2429 4905 Α
