3738 5530
1039 386 1560 439 PERSONALIVM
1594 384 2030 438 ACCVSATIVI
2068 385 2460 437 SINGVLARI
2470 387 2521 438 S.
2543 384 2552 393 ’
2995 384 3079 448 83

486 588 774 673 Abi-ens)
831 588 899 653 τί
955 588 1045 654 οὐ
1102 589 1285 667 παρ’
1339 590 1454 670 ἔμ’
1509 590 1922 669 ἑςτράφθη.
2022 589 2094 653 Ἡ
2141 588 2597 667 ἀπολελυμένη
2642 587 2759 653 οὐκ
2804 587 3079 652 ἐπεκτεί-

483 710 681 756 νεται.

657 793 728 856 Ἡ
776 793 851 857 ςέ
895 792 1135 872 ὁμοίως
1179 794 1344 870 πρὸς
1389 792 1654 858 πάντων
1700 794 1899 872 κοινή.
1989 794 2269 872 Δωριεῖς
2314 795 2420 858 διὰ
2461 796 2581 857 τοῦ
2625 796 2693 856 ῐ·

399 901 445 955 C
745 893 834 959 εἰς
876 896 947 958 τὲ
990 897 1311 976 καταρρεῖ,

486 993 831 1074 Θεόκριτος
876 992 935 1079 (I
979 994 1066 1077 5).
2721 1028 2734 1035 -
3111 1017 3144 1064 5

741 1097 906 1174 πρὸς
950 1097 1021 1161 δὲ
1062 1097 1133 1161 τὲ
1175 1102 1310 1161 τῶν
1355 1096 1590 1178 φίλων,

485 1196 756 1274 Ἀλκμάν
802 1196 909 1278 (fr.
957 1197 1041 1259 52
1088 1195 1391 1281 Bergk³)‘
1439 1199 1540 1262 καὶ
1584 1198 1677 1263 ἔτι
1721 1200 1880 1276 μετὰ
1925 1203 2040 1263 τοῦ
2087 1202 2139 1277 i,

546 1384 555 1391 .
740 1300 995 1378 τεὶ,γὰρ
1040 1300 1453 1378 Ἀλέξανδρος
1500 1300 1774 1379 δάμαςεν
1820 1299 2179 1379 (Alcmanis
2224 1299 2300 1363 fr.
2347 1300 2428 1363 53
2475 1298 2691 1383 Bergk
2706 1297 2778 1382 ³).

486 1403 591 1466 καὶ
632 1400 722 1465 ἔτι
766 1406 1030 1466 κοινῶς·

742 1505 808 1567 ςὲ
850 1500 972 1581 γὰρ
1019 1502 1244 1581 ἅζομαι
1289 1501 1648 1587 (Alcmanis
1693 1502 1771 1566 fr.
1817 1503 1903 1568 54
1945 1501 2252 1589 Bergkss).
3007 1528 3012 1535 ·
3117 1523 3180 1570 10

487 1604 739 1684 Εἴρηται
786 1605 876 1670 ὡς
920 1605 957 1682 ἡ
1002 1604 1417 1684 ἐγκλινομένη
1462 1606 1568 1671 διὰ
1608 1609 1727 1670 τοῦ
1771 1606 1848 1670 τύ
1895 1606 2251 1685 ἐκφέρεται.

268 1720 363 1767 107
390 1713 445 1764 A
658 1705 729 1770 Ἡ
776 1706 807 1769 ἕ
853 1706 1117 1780 ςύζυγος
1164 1711 1239 1789 τῇ
1289 1706 1384 1783 ςέ,
1434 1709 1613 1785 κοινὴ
1660 1706 1730 1772 ἐν
1777 1708 2148 1772 διαλέκτοις.
2235 1706 2485 1771 Αἰολεῖς
2529 1706 2684 1785 μετὰ
2712 1710 2831 1771 τοῦ
2863 1710 2915 1769 f.
2988 1705 3078 1770 Τὸ

1172 1806 1239 1871 ἑὲ
1282 1808 1339 1872 δ’
1383 1807 1582 1873 αὐτὸν
1626 1808 1968 1888 ἐποτρύνει
2012 1809 2097 1893 (Υ
2149 1808 2292 1889 171)

488 1908 543 1972 εἰ
589 1909 746 1973 κατὰ
789 1909 862 1972 τὸ
910 1908 1114 1988 ἄρχον
1161 1907 1488 1987 ὀξύνοιτο,
1535 1914 1737 1988 δῆλον
1784 1910 1875 1975 ὡς
1918 1911 2298 1989 παράλογον
2345 1910 2470 1976 ἕξει
2506 1910 2623 1974 τὸν
2663 1909 2880 1974 τόνον.
2954 1908 3081 1972 εἴτε

485 2011 613 2088 γὰρ
668 2011 742 2075 τὸ
803 2011 1107 2088 δεύτερον
1162 2011 1197 2075 ἒ
1251 2010 1629 2086 ἐπλεόναςε,
1694 2014 1895 2090 δῆλον
1953 2012 2043 2076 ὡς
2097 2014 2201 2077 καὶ
2255 2012 2327 2076 ἐν
2384 2011 2560 2094 αὐτῷ
2607 2011 2644 2074 ὁ
2690 2009 2843 2075 ὀξὺς
2887 2009 3081 2074 τόνος
3121 2030 3180 2076 15

488 2112 851 2193 γενήςεται,
896 2110 1138 2190 ὁμοίως
1180 2116 1275 2195 τῷ
1317 2111 1357 2189 ἤ
1403 2113 1506 2177 καὶ
1547 2113 1653 2190 ἠέ,
1710 2114 1813 2176 καὶ
1855 2113 2038 2190 ἥλιος
2082 2116 2185 2178 καὶ
2227 2113 2443 2191 ἠέλιος
2501 2111 2703 2196 (οὕτω
2747 2113 2870 2190 γάρ
2913 2131 3082 2177 τινες

490 2211 820 2292 ὑπέλαβον
863 2214 933 2276 ἐκ
976 2217 1092 2278 τοῦ
1135 2212 1213 2276 τὸ
1258 2210 1462 2292 ἄρχον
1507 2213 1908 2291 δαςύνεςθαι,
1955 2213 2116 2293 ὅπερ
2162 2215 2331 2280 ἴδιον
2374 2212 2455 2292 ἦν
2499 2218 2609 2291 τῆς
2655 2214 3080 2291 ἀντωνυμίας.

398 2319 451 2372 Β
491 2314 779 2390 ἐλελήθει
836 2315 908 2378 δὲ
963 2313 1230 2390 αὐτούς,
1296 2313 1394 2378 ὅτι
1453 2315 1709 2394 ἀρκτική
1765 2316 1924 2380 οὗςα
1978 2316 2017 2394 ἡ
2074 2320 2293 2381 δαςεῑα
2345 2316 2449 2379 ἐπὶ
2501 2320 2618 2380 τοῦ
2673 2316 3080 2390 πλεοναςμοῦ

487 2414 853 2494 ἀνατρέχει,
910 2414 1007 2501 ἑῲ
1024 2436 1178 2493 ρων
1224 2416 1327 2479 καὶ
1370 2416 1622 2480 ἔεδνα.
1725 2415 1940 2482 ἄλλως
1995 2438 2063 2481 τε
2119 2418 2193 2481 τὸ
2238 2417 2604 2482 πλεονάζον
2649 2423 2683 2479 ἒ
2728 2415 2963 2482 ἔξωθεν
3009 2415 3080 2478 ἐν

488 2515 939 2594 ἀντωνυμίαις,
998 2515 1158 2591 ἑός,
1219 2516 1391 2599 ἑοῦ,
1444 2517 1615 2596 ἑοῖ)·
1677 2516 1805 2581 εἴτε
1861 2519 1936 2582 τὸ
1993 2517 2227 2599 ἄρχον,
2283 2517 2447 2597 ὅπερ
2504 2518 2662 2597 ἔςτι,
2719 2518 2913 2580 πάλιν
2969 2518 3080 2591 τῆς
3118 2536 3183 2583 20

489 2616 891 2697 ἀντωνυμίας
922 2618 1191 2698 φυλάξει
1218 2619 1334 2683 τὸν
1364 2619 1597 2701 τόνον,
1639 2619 1770 2697 εἴγε
1803 2620 1866 2683 οἱ
1897 2620 2286 2698 πλεοναςμοὶ
2314 2620 2468 2684 τοὺς
2496 2620 2728 2684 τόνους
2757 2620 3079 2699 τηροῦςιν,

488 2719 642 2796 ἑοῖ,
689 2718 845 2784 ἑοῦ.
893 2756 973 2765 --
1021 2719 1411 2800 ὑπόψυχρον
1457 2721 1579 2799 γὰρ
1623 2722 1700 2786 τὸ
1745 2722 1956 2798 λέγειν
2005 2723 2094 2787 ὡς
2139 2721 2581 2799 ἐδιπλαςιάςθη
2623 2720 2662 2799 ἡ
2694 2717 3079 2798 ἀντωνυμία,

487 2823 654 2899 πρὸς
701 2821 895 2886 οὐδὲν
940 2828 1245 2900 χρειῶδες
1286 2826 1482 2902 τριῶν
1528 2822 1945 2902 ἀντωνυμιῶν
1992 2822 2704 2904 παραλαμβανομένων,
2766 2823 3080 2898 ςυνήθους

488 2944 559 2987 τε
605 2921 798 2989 ὄντος
841 2928 959 2988 τοῦ
1004 2925 1164 2988 κατὰ
1208 2924 1284 2988 τὸ
1329 2928 1363 2988 ’ἑ
1407 2928 1838 3002 πλεοναςμοῦ.

404 3030 450 3084 C
663 3025 795 3089 Οὐκ
850 3024 974 3090 ἔςτι
1020 3011 1195 3105 παρὰ
1238 3027 1599 3105 Δωριεῦςιν
1645 3027 1715 3092 ἐν
1760 3027 1952 3112 τρίτῳ
1996 3029 2035 3107 ἡ
2081 3029 2189 3092 διὰ
2231 3030 2348 3091 τοῦ
2393 3030 2414 3092 i
2453 3027 2796 3090 »ἐπέκταςις
2841 3023 3080 3102 ὁμοίως
3117 3044 3181 3092 25

487 3133 564 3209 τῇ
609 3127 703 3190 τεί
746 3128 845 3190 καὶ
884 3121 1040 3205 ἒμεί.
2521 3187 2526 3192 .

659 3228 732 3292 Ἡ
781 3230 901 3307 μίν
947 3229 1158 3307 μόνως
1204 3228 1572 3304 ἑγκλίνεται.
1671 3231 1770 3295 διὸ
1828 3232 1928 3295 καὶ
1982 3233 2120 3294 ταῖς
2167 3230 2640 3309 ἐγκλινομέναις
2684 3227 2908 3308 μόναις
2954 3228 3079 3291 ἰςο-

488 3333 791 3406 δυναμεῖ,
841 3330 1052 3398 οὐκέτι
1098 3331 1169 3394 δὲ
1214 3330 1316 3393 καὶ
1358 3333 1495 3395 ταῖς
1525 3328 2145 3412 ὀρθοτονουμέναις,
2192 3333 2262 3396 ἐν
2307 3331 2404 3395 οἷς
2435 3332 2579 3393 κατ’
2611 3330 2814 3409 ἀρχὴν
2848 3330 3080 3393 ἐκεῖναι

483 3432 830 3507 τιθέμεναι,
889 3432 1057 3506 λέγω
1111 3431 1180 3494 δὲ
1237 3433 1352 3509 τὴν
1411 3430 1646 3514 αὐτόν,
1703 3436 1820 3513 τὴν
1866 3434 1930 3516 ἕ,
1987 3432 2104 3497 οὐκ
2149 3433 2363 3512 ἔχουςι
2406 3434 2522 3511 τὴν
2567 3431 2670 3509 μίν
2716 3431 3078 3508 ἀνθυπαγο-

627 3651 842 3708 Διιανιι,
893 3656 913 3703 1
943 3647 1052 3701 Ubi
1078 3647 1334 3701 absolute
1360 3649 1614 3717 ponitur,
1649 3668 1716 3716 με
1742 3650 1924 3705 forma
1947 3653 2265 3721 usurpatur.
2289 3681 2352 3690 —
2378 3656 2410 3703 3
2436 3648 2756 3703 Accusat-ivi
2782 3648 3082 3718 singularis

488 3735 770 3788 secundae
795 3749 1083 3803 personae.
1113 3763 1167 3771 -
1205 3738 1265 3783 12
1293 3733 1609 3787 Accusativi
1636 3735 1933 3804 singularis
1959 3737 2161 3789 tertiae
2187 3751 2477 3805 personae.
2507 3764 2569 3773 -
2601 3741 2662 3788 13
2686 3733 2768 3788 Ὲέ
2795 3735 3081 3801 oxytonon

488 3821 593 3873 est..
656 3817 798 3871 Nam
839 3817 895 3870 si·
918 3817 1193 3887 posterior
1226 3818 1261 3869 ἐ’
1296 3817 1662 3884 redundaret,
1701 3822 1898 3873 tonum
1935 3820 2040 3873 sibi
2078 3821 2430 3889 exposceret,
2479 3821 2542 3872 ut
2576 3820 2634 3871 in
2670 3819 2764 3885 ἠέ;
2802 3818 2886 3870 sin
2924 3818 3080 3886 prior

487 3901 776 3972 superflua
811 3907 920 3965 cst,
964 3902 1109 3955 sicut
1143 3905 1257 3965 est,
1303 3900 1458 3969 pleni
1496 3904 1523 3955 ἕ
1559 3904 1903 3970 pronominis
1940 3906 2233 3971 accentus,
2280 3905 2314 3958 i.
2355 3921 2402 3959 e.
2439 3901 2773 3971 oxytonesiS,
2810 3903 3081 3965 servatur,

488 3987 759 4055 q'uoniam
795 3985 1108 4055 pleonasmi
1144 3984 1385 4039 eundem
1423 3989 1619 4039 tonum
1657 3988 1869 4042 habent
1905 3992 2075 4057 atque
2100 3988 2302 4057 plenae
2326 3989 2559 4041 formae.
2597 4017 2656 4027 —
2696 3993 2759 4040 27
2789 3986 2903 4039 Μίν
2929 3984 3081 4053 quod

488 4073 714 4125 tantum
751 4070 1077 4135 inclinatur,
1112 4070 1170 4123 in
1208 4068 1369 4122 initio
1405 4070 1714 4125 sententiae
1751 4075 1888 4141 poni
1923 4089 2035 4126 non
2071 4074 2275 4142 potest.

628 4274 815 4329 D1scn.
867 4294 1067 4332 scum.
1147 4280 1195 4327 4.
1232 4273 1310 4327 εἰς
1347 4272 1467 4340 Ab,
1521 4274 1577 4329 ἐς
1624 4275 1910 4332 Theocriti
1947 4276 2103 4330 libri·
2142 4280 2150 4339 1
2214 4281 2262 4329 8.
2301 4278 2388 4330 τεὶ
2425 4272 2741 4327 HLAhrens
2777 4270 3077 4341 ThBergk‚

490 4362 581 4416 Τεῖ
614 4362 650 4414 b
682 4364 691 4428 Ι
725 4362 1087 4427 Ἀλέξανδρῡί
1121 4360 1365 4422 δάμαῑεν
1391 4356 1685 4430 ThBergk‚
1727 4363 2076 4428 Ἀλεξάνδρῳ
2113 4364 2349 4426 δαμαςαι
2376 4360 2468 4414 ΑΙ)
2504 4358 2563 4412 in
2597 4358 2785 4423 textu,
2822 4357 3079 4410 ‘fortasse

494 4447 858 4513 Ἀλέξανδρος
904 4445 1256 4510 δεδάμαςται’
1300 4440 1336 4494 b
1380 4441 1440 4495 in
1488 4461 1597 4497 var.
1647 4445 1800 4510 lect„
1826 4446 2079 4499 ·‘rectius
2130 4444 2364 4498 forsitan
2410 4440 2696 4511 scripseris
2748 4442 2956 4506 δάμαςε
3004 4456 3077 4495 sc.

491 4529 832 4599 Aphrodite’
872 4529 1189 4583 HLAhrens
1224 4529 1232 4593 Ι
1264 4531 1340 4580 12.
1365 4532 1525 4595 κοινὴ
1561 4530 1624 4594 b,
1662 4547 1845 4597 κοινηι
1871 4532 1913 4584 Α
1948 4531 1956 4596 Ι
1990 4536 2065 4584 13.
2092 4529 2148 4581 ἑὲ
2175 4526 2542 4590 RSchneider,
2579 4529 2636 4580 ἔε
2660 4526 2697 4578 b
2729 4528 2740 4591 ι
2775 4532 2849 4578 15.
2878 4527 3079 4578 επλεο·

492 4633 661 4670 ναςεν
686 4617 729 4668 Α
761 4616 771 4682 Ι
807 4620 881 4668 16.
895 4620 979 4680 τῷ
1006 4617 1041 4682 ἤ
1068 4614 1132 4681 b,
1166 4631 1253 4669 τω
1272 4616 1392 4670 -εἈ
1423 4617 1434 4684 Ι
1466 4620 1543 4668 18.
1572 4615 1852 4683 ἐλελήθει]
1893 4614 1986 4668 fol.
2021 4620 2116 4667 175
2141 4632 2193 4672 v.
2224 4616 2234 4680 Ι
2270 4619 2345 4665 19.
2373 4615 2585 4665 εξωθεν
2611 4613 2683 4675 Α,
2722 4608 3037 4665 ἐξέπεςενδ
3068 4609 3076 4676 Ι

492 4707 576 4753 20.
615 4702 745 4765 ἑοῦ,
781 4700 865 4754 ἑοῖ
899 4698 1281 4765 RSchneider,
1321 4701 1443 4765 ἕου,
1481 4701 1560 4756 ἕοι
1596 4699 1633 4752 b
1666 4705 1672 4766 3
1706 4716 1854 4754 εςτιν
1890 4703 1932 4752 Α
1965 4703 1972 4761 1
2014 4704 2094 4752 22.
2135 4699 2241 4762 ἑοῖ,
2278 4698 2374 4750 ἑοῦ
2411 4693 2795 4759 RSchneider,
2834 4695 2943 4753 ἔοι,
2982 4694 3080 4747 ἕου

492 4784 530 4836 b
574 4786 587 4850 Ι
620 4800 743 4851 ,γαρ
774 4801 843 4837 το
882 4786 955 4849 Α,
992 4786 1055 4840 δὲ
1088 4786 1159 4842 τὸ
1196 4783 1233 4836 b
1275 4787 1284 4853 Ι
1322 4790 1404 4842 25.
1440 4799 1588 4842 εςτιν
1625 4786 1668 4837 Α
1709 4788 1719 4849 Ι
1757 4789 1840 4836 26.
1875 4783 1962 4838 τεί
1997 4783 2058 4835 et
2092 4783 2211 4847 ὲμεί
2245 4778 2586 4845 HLAhrens,
2621 4781 2711 4833 τεῖ
2743 4779 2805 4834 et
2837 4778 2958 4843 ὲμεῖ
2992 4777 3029 4828 b
3069 4779 3077 4844 ι

493 4873 578 4920 27.
618 4871 1006 4933 εγκλινομεναι
1041 4869 1084 4922 Α
2659 4929 2666 4936 ‚

2608 4953 2679 5002 6·
