3738 5530
756 307 887 370 114
960 305 1402 362 Commentarius
1431 307 1658 362 criticus
1687 309 1752 362 et
1774 306 2094 377 exegeticus
2122 307 2182 362 in
2210 307 2499 379 Apollonii
2526 306 2758 378 Dyscoli
2786 309 2999 380 scripta
3026 310 3257 364 minora.

754 474 942 535 durch
984 475 1314 556 Anfflgung
1367 476 1472 537 der
1516 476 1964 556 gewiihnlichen
2010 475 2409 556 Dualendung
2455 493 2512 538 -ε
2568 497 2647 537 an
2705 478 2820 537 den
2874 479 3033 538 Dual
3089 475 3184 540 νώ
3244 482 3363 539 ent-

753 565 1039 625 standene
1103 561 1322 625 Form.'
1392 599 1468 608 —
1539 565 1694 626 Stoll
1757 566 2073 626 Animadv.
2139 567 2202 625 in
2265 566 2490 626 Antim.
2550 569 2633 626 28
2700 567 2939 628 dubitat
2953 613 2970 643 ‚
3031 570 3235 628 utrum
3299 565 3363 630 ἐν

754 650 993 736 Θήβῃςι
1037 655 1410 715 scribendum
1466 658 1574 731 sit,
1627 659 1697 715 ut
1750 656 1897 716 haec
1943 676 2177 733 quoque
2232 656 2414 717 verba
2457 656 2815 718 Antimacho
2870 658 3239 736 tribuantur,
3295 678 3365 719 an

752 740 825 805 ἐν
872 740 1167 895 Θῂἰιτιβίῗῖδη
1220 748 1611 824 posteriorem
1656 746 2011 807 emendandi
2056 749 2379 822 rationem,
2425 765 2606 823 quam
2650 749 2781 824 ipse
2825 752 3111 826 proposui
3155 749 3187 808 Ι
3224 752 3366 826 474,

749 853 895 910 prae
1043 882 1055 893 .

930 932 994 1023 β)
1040 943 1253 1003 Dualis
1298 945 1514 1004 tertiae
1558 961 1847 1022 personae
1895 945 2000 1020 88,
2028 945 2430 1022 18-89,2Ο.

928 1026 1171 1107 Εφωέ,
1232 1035 1386 1108 quod
1443 1036 1625 1094 wnius
1683 1037 2003 1095 accusativi
2058 1039 2168 1112 est,
2229 1036 2392 1109 apud
2435 1033 2761 1095 Homerum
2814 1036 3029 1109 ubique
3086 1038 3367 1110 ancyram

746 1127 1048 1193 servatam·
1118 1124 1222 1183 sed
1282 1125 1449 1199 apud
1510 1122 1930 1184 Antimachum
2002 1126 2177 1185 etiam
2238 1126 2541 1185 decurtata
2613 1140 2645 1185 c
2661 1141 2712 1200 φ
2728 1120 2783 1183 ώ
2856 1126 3053 1198 forma
3124 1129 3367 1185 occurrit

751 1211 853 1285 88,
878 1213 1159 1287 18—89‚
1181 1215 1234 1271 2.
1324 1211 1410 1272 cf.
1449 1215 1603 1290 synt.
1648 1215 1792 1289 167,
1815 1215 2096 1291 5—168,
2119 1216 2218 1273 17.

926 1319 1134 1395 88,18
1197 1320 1269 1379 de
1332 1322 1577 1379 accentu
1637 1341 1689 1380 v.
1737 1340 1905 1397 pron.
1957 1323 2200 1397 90,14;
2263 1323 2416 1398 synt.
2470 1322 2615 1396 134,
2640 1323 2739 1380 22.
2832 1320 2970 1381 Her.
3018 1320 3049 1379 I
3095 1323 3359 1396 475,oe

745 1407 809 1466 Π
849 1409 1030 1483 62,4.
1108 1404 1299 1485 (φωέ
1336 1456 1350 1469 .
1392 1456 1406 1469 .
1446 1404 1795 1485 αἰτιατικὴν
1842 1407 2049 1485 μόνην
2096 1404 2404 1489 ςυμαίνει]
2451 1429 2619 1487 pron.
2661 1411 2854 1486 90,6;
2898 1414 3053 1487 synt.
3098 1412 3360 1486 181‚21.

749 1499 895 1571 183,
917 1498 1163 1574 5—-173
1208 1499 1348 1559 Her.
1378 1500 1410 1559 I
1446 1501 1730 1575 475‚13;
1775 1499 1891 1559 EM
1924 1501 2070 1577 739,
2094 1502 2204 1576 2ος
2250 1498 2358 1560 ΑΟ
2386 1499 2418 1558 Ι
2455 1501 2739 1576 393,10;
2784 1500 3051 1560 Diintzer
3087 1500 3222 1560 Zen.
3254 1501 3363 1576 573

742 1585 832 1646 La
878 1587 1076 1647 Roche
1120 1588 1176 1646 h.
1217 1589 1282 1647 T.
1324 1590 1482 1664 3563
1531 1587 1721 1649 Cauer
1765 1590 1828 1648 in
1878 1588 2039 1649 Gurt.
2079 1589 2246 1649 Stud.
2278 1589 2398 1647 VH
2446 1590 2591 1648 113.

923 1678 1027 1751 88,
1051 1680 1132 1736 22
1171 1679 1244 1737 cf.
1274 1678 1453 1738 schol.
1483 1677 1597 1738 AV
1634 1679 1711 1738 ad
1759 1676 1804 1738 Κ
1846 1680 1992 1739 546.
2068 1674 2163 1740 Οὐ
2201 1679 2319 1740 τοῦ
2366 1673 2564 1754 ἔπορε
2611 1674 2688 1739 τὸ
2726 1676 2761 1739 ἕ
2797 1673 2956 1757 ἔχει]
3004 1680 3042 1737 i.
3075 1699 3124 1738 e.
3162 1697 3360 1739 versus

742 1766 923 1826 habet
967 1764 1001 1826 ἒ
1046 1767 1196 1827 illud
1242 1787 1362 1828 non
1409 1788 1440 1827 e
1485 1769 1680 1827 forma
1725 1763 1950 1842 ἔπορε,
1997 1768 2102 1828 sed
2148 1788 2180 1827 e
2224 1770 2589 1845 pronomine.

922 1857 1026 1932 88,
1050 1859 1130 1915 27
1180 1854 1256 1918 τὸ
1303 1853 1434 1936 καί]
1484 1851 1659 1916 ‘hanc
1704 1859 1900 1935 ipsam
1945 1857 2020 1917 ob
2067 1852 2331 1918 causam’
2343 1881 2359 1934 3
2402 1860 2562 1918 recte
2609 1856 2765 1917 Stoll
2800 1856 3025 1917 Antim.
3069 1860 3150 1920 29
3198 1858 3361 1918 iubet

740 1946 997 2005 conferri
1042 1948 1092 2005 T
1143 1948 1297 2022 1763
1343 1968 1397 2006 v.
1446 1966 1600 2023 quae
1646 1947 1722 2006 ad
1766 1967 1936 2025 pron.
1979 1949 2126 2023 103,
2153 1950 2190 2008 6
2239 1948 2671 2008 adnotavimus.

916 2054 1050 2113 Ιωὶο
1094 2055 1351 2127 somnam
1395 2069 1604 2130 ςφωε
1653 2046 1720 2135 (i.
1751 2074 1799 2114 e.
1839 2054 2036 2130 ςφῶε,
2082 2073 2202 2113 non
2249 2047 2457 2137 ςφωέ)
2504 2057 2679 2115 etiam
2713 2055 3003 2114 secundae
3037 2073 3197 2129 pers.
3234 2058 3359 2115 vin-

737 2144 938 2203 dicare
981 2145 1185 2211 voluit,
1244 2144 1337 2203 his
1382 2146 1453 2203 de
1497 2146 1729 2204 causis:
1771 2146 2041 2218 primum
2082 2145 2237 2204 hcmc
2282 2143 2485 2220 ςφῶε
2544 2145 2798 2218 formam
2841 2145 3190 2218 respondere
3239 2147 3359 2219 for-

735 2251 868 2291 mae
913 2231 1060 2293 νῶε
1102 2235 1342 2307 primae
1374 2251 1556 2307 pere„
1611 2235 1820 2293 deinde
1863 2238 1931 2293 ut
1976 2251 2045 2293 ex
2090 2230 2251 2309 ςφώ
2298 2237 2501 2294 tertiae
2533 2251 2694 2308 pers.
2744 2229 2954 2307 ςφωέ
2998 2235 3223 2307 factum
3265 2238 3358 2302 sit,

735 2323 822 2380 ita
867 2340 936 2381 ex
982 2325 1158 2383 attica
1201 2324 1490 2383 secandae
1523 2340 1684 2397 pers,
1741 2318 1903 2398 ςφώ
1947 2323 2145 2396 forma
2185 2324 2340 2384 hanc
2385 2322 2590 2397 ςφῶε
2644 2326 2835 2382 ortam
2890 2340 3025 2383 6336.
3118 2322 3201 2382 At
3256 2341 3361 2383 nec

737 2410 884 2471 νῶε
931 2413 1176 2486 exemti
1228 2430 1413 2473 causa
1466 2414 1674 2486 affcrvt
1715 2415 1933 2486 potest,
1990 2414 2203 2486 quippe
2255 2414 2408 2487 quod
2466 2413 2843 2472 rarissimum
2887 2415 2988 2481 sit,
3047 2431 3153 2472 nec
3198 2410 3357 2489 ςφώ

735 2503 936 2561 tertiae
969 2519 1149 2576 pera,
1197 2503 1398 2561 eadem
1442 2503 1515 2561 de
1549 2519 1749 2562 caasa.
1823 2501 1949 2561 Nec
1992 2502 2121 2560 ticet
2162 2503 2397 2561 omnino
2443 2520 2485 2561 a
2526 2503 2905 2576 scriptoribus
2948 2520 3067 2561 non
3110 2520 3362 2577 maome

735 2593 1101 2651 auctoritatis
1136 2593 1463 2651 testimonia
1488 2595 1700 2666 petere.
1775 2588 2017 2650 Accedit
2050 2592 2203 2665 quod
2238 2591 2374 2651 νῶι
2403 2593 2639 2665 primae
2670 2609 2832 2665 pers,
2869 2592 3126 2664 formam
3163 2591 3361 2667 ςφῶι

733 2681 1021 2740 secundae
1065 2685 1272 2741 tuetur.
1362 2681 1680 2742 Praeterea
1725 2678 1917 2756 ςφῶι
1962 2683 2247 2740 usitatmn
2292 2685 2375 2740 est
2421 2682 2524 2756 89,
2546 2681 2782 2740 3—-13,

913 2789 1015 2863 89,
1039 2790 1076 2848 3
1125 2788 1197 2849 de
1242 2789 1548 2849 Demetrio
1603 2788 1809 2849 Ixione
1865 2787 1941 2848 ad
2004 2790 2105 2864 79,
2129 2791 2225 2847 12.
2319 2789 2409 2848 De
2464 2787 2558 2849 his
2612 2789 2760 2848 locis
2820 2787 2965 2865 quid
3022 2788 3361 2849 Zenodotus

732 2880 1031 2953 statuerit,
1076 2897 1108 2937 e
1153 2877 1395 2939 scholiis
1440 2897 1560 2939 non
1606 2878 1920 2952 discimus3
1955 2878 2232 2937 -Dflntzer
2278 2879 2413 2938 Zen.
2456 2878 2536 2937 57
2587 2897 2723 2937 eum
2760 2896 2996 2954 quoque
3033 2877 3213 2953 ςφῶε
3259 2877 3360 2937 de-

732 2965 886 3026 disse
932 2969 1296 3044 suspicatur3
1342 2970 1500 3027 certe
1547 2967 1797 3027 eundem
1845 2963 1909 3027 Μ
1952 2968 2078 3027 366
2129 2967 2307 3043 ςφῶε
2352 2967 2569 3046 legisse
2613 2967 2805 3026 tradit
2848 2966 3027 3028 schol.
3066 2968 3149 3026 A:
3203 2962 3362 3029 Αἴας

732 3057 898 3131 ςφῶι
929 3052 1072 3134 μὲν]
1113 3052 1211 3117 ὅτι
1241 3053 1615 3132 Ζηνόδοτος
1644 3052 1883 3132 γράφει
1911 3057 2105 3132 ςφῶε.
2170 3052 2383 3117 Τοῦτο
2423 3053 2495 3117 δέ
2534 3053 2700 3117 ἐςτιν
2739 3052 2992 3127 αὐτούς,
3031 3051 3195 3133 ὅπερ
3232 3053 3361 3131 οὐχ

731 3141 1008 3220 ἁρμόζει.
1091 3142 1168 3206 τὸ
1214 3144 1288 3207 δὲ
1336 3146 1501 3222 ςφῶι
1547 3142 1740 3221 ὑμεῖς.
1825 3144 2162 3205 Scholiasta
2206 3147 2397 3225 igitur
2447 3142 2625 3222 ςφωέ
2670 3146 2985 3222 intellexit,
3030 3145 3133 3206 sed
3171 3147 3360 3205 Zeno·

730 3234 939 3293 dotum
994 3235 1173 3310 ςφῶε
1228 3235 1408 3295 scribi
1461 3236 1720 3296 voluisse
1776 3255 2024 3312 eamque
2080 3236 2333 3297 formam
2393 3235 2682 3296 secundae
2742 3235 3021 3296 tribuisse
3081 3239 3362 3313 apertum

731 3327 835 3384 est.
919 3323 1184 3384 Ixionem
1231 3345 1466 3402 quoque
1512 3327 1766 3385 formam
1811 3326 1982 3384 illam
2028 3344 2098 3384 eo
2145 3328 2393 3386 accentu
2438 3325 2639 3386 notari
2682 3326 2923 3385 iussisse
2965 3344 3082 3403 quo
3128 3328 3361 3401 notavi,

730 3414 825 3473 vel
885 3431 955 3473 ex
1009 3433 1080 3473 ea
1133 3434 1196 3474 re
1252 3416 1638 3475 manifestum
1691 3417 1808 3490 est,
1864 3414 2024 3492 quod
2082 3415 2260 3490 ςφῶε
2315 3416 2540 3475 formae
2597 3412 2727 3474 νῶε
2781 3415 3135 3492 respondere
3189 3414 3367 3489 dicit,

728 3503 895 3562 nullo
943 3503 1013 3563 de
1060 3506 1306 3564 accentu
1351 3504 1530 3565 verbo
1579 3506 1828 3565 adiecto.
1875 3537 1965 3545 ——
2010 3504 2100 3564 De
2145 3525 2209 3564 re
2255 3506 2329 3564 cf.
2360 3503 2705 3564 WRibbeck
2749 3503 2962 3565 Philol.
2993 3504 3144 3563 Vm
3194 3507 3365 3579 7003

734 3591 925 3653 Oauer
967 3596 1034 3653 in
1081 3593 1242 3654 Gurt.
1284 3593 1452 3655 Stud.
1483 3594 1602 3654 VH
1642 3596 1786 3653 112.

908 3683 1140 3759 Trypho
1197 3702 1328 3744 αιπι
1384 3686 1585 3745 Ixione
1638 3685 1948 3756 consentit;
1993 3688 2308 3759 praeterea
2363 3685 2591 3758 formas
2636 3685 2835 3745 ductis
2890 3686 3093 3743 tertiae
3145 3678 3364 3758 ςφωέ

728 3768 972 3849 ςφωίν
1020 3791 1089 3833 ex
1134 3770 1273 3849 ςφέ
1329 3778 1383 3834 et
1435 3769 1612 3849 ςφίν
1656 3774 1851 3847 factas
1899 3790 2020 3833 6336
2064 3778 2275 3851 censet,
2335 3770 2391 3833 ὦ
2435 3775 2674 3834 inserta.
2764 3773 2881 3834 Sed
2925 3774 2992 3849 a)
3039 3775 3142 3847 qui
3184 3775 3255 3846 fit
3288 3776 3367 3831 ut

725 3880 845 3922 non
895 3865 963 3923 in
1005 3866 1218 3937 prima
1260 3865 1629 3938 secundaque
1677 3880 1939 3937 persona
1982 3863 2182 3923 duobis
2229 3864 2422 3923 eodem
2464 3865 2632 3923 modo
2677 3868 2840 3923 ortus
2884 3865 3000 3923 sit?
3065 3863 3126 3938 b)
3175 3858 3365 3937 ςφίν

715 3956 908 4026 potest
952 3949 992 4011 V
1044 3952 1297 4013 litteram
1354 3955 1605 4021 abicere,
1663 3949 1907 4027 ςφωίν
1951 3970 2073 4012 non
2118 3956 2342 4028 potest;
2386 3953 2442 4028 c)
2492 3948 2666 4027 ςφίν
2713 3954 2900 4013 dativi
2944 3957 3051 4022 est,
3105 3948 3364 4028 ςφωίν

720 4043 970 4116 yenativi
1016 4046 1069 4100 et
1102 4043 1322 4114 dativi;
1375 4043 1442 4118 d)
1489 4059 1611 4101 non
1646 4046 1910 4116 apparet,
1957 4061 2076 4117 qua
2122 4045 2193 4102 de
2239 4059 2424 4103 causa
2466 4059 2587 4102 non
2632 4061 2672 4102 a
2717 4038 2955 4117 ςφέας
3001 4045 3054 4101 et
3098 4037 3367 4117 ςφίςιν

723 4132 1031 4206 disyllabis
1074 4133 1293 4192 similes
1336 4132 1566 4205 formae
1608 4132 2007 4192 descenderint
2052 4133 2155 4208 89,
2180 4134 2457 4192 14—20.

905 4240 1009 4314 89,
1032 4240 1112 4298 19
1151 4233 1192 4312 ἡ
1221 4236 1295 4299 δὲ
1323 4234 1589 4317 (ςφωίν)
1619 4238 1871 4313 γενικῆς
1898 4235 2003 4300 καὶ
2029 4234 2309 4317 δοτικῆς]
2338 4238 2496 4298 idem
2522 4239 2819 4317 praecipit
2845 4238 2983 4299 Her.
3013 4238 3045 4297 I
3074 4240 3157 4298 47
3165 4239 3224 4313 5,
3246 4240 3368 4297 15.

724 4328 784 4385 Π
825 4329 929 4405 62,
949 4330 1005 4387 3.
1060 4330 1206 4404 121,
1227 4330 1327 4387 35.
1404 4327 1585 4387 SkaI
1625 4330 1831 4403 21,59
1882 4324 2031 4388 ‘Nec
2068 4328 2234 4387 deest
2269 4346 2451 4389 causa
2495 4328 2792 4406 litigandi.
2866 4329 3023 4388 Nam
3061 4329 3135 4387 de
3178 4346 3369 4405 pron.

725 4419 829 4495 89,
854 4421 954 4494 19,
1010 4416 1113 4476 ubi
1160 4417 1540 4495 Tryphonem
1585 4419 1836 4494 refellit,
1885 4419 1987 4494 qui
2035 4414 2214 4493 ςφωέ
2259 4420 2320 4477 et
2366 4414 2573 4493 ςφωίν
2622 4438 2653 4477 e
2701 4415 2821 4494 ςφέ
2869 4423 2930 4478 et
2975 4414 3126 4493 ςφίν
3172 4436 3371 4494 epen—

720 4507 878 4568 thesi
931 4507 1156 4567 vocalis
1211 4504 1267 4566 ffi
1322 4508 1486 4568 facta
1539 4527 1662 4568 esse
1725 4507 2133 4584 existimabat,
2192 4504 2341 4583 ςφίν
2401 4508 2550 4567 dicit
2604 4508 2876 4568 dativum
2930 4514 3083 4583 esse,
3139 4503 3370 4583 ςφωίν

720 4599 1139 4674 genetivum
1185 4601 1247 4656 et
1290 4597 1632 4659 dativum.
1727 4597 1954 4657 Eadem
1999 4599 2292 4675 praecipit
2347 4600 2501 4675 synt.
2546 4598 2691 4675 183,
2716 4601 2796 4657 22
2846 4592 2970 4658 ἔςτι
3020 4593 3143 4673 γὰρ
3192 4589 3371 4679 (scil.

720 4684 900 4761 δυῖκὴ
958 4686 1208 4762 γενικῆς
1255 4680 1585 4770 πτώςεως)
1633 4684 1737 4747 καὶ
1794 4683 1985 4747 ἕνεκα
2039 4686 2151 4760 τῆς
2206 4687 2432 4763 φωνῆς
2487 4684 2591 4747 καὶ
2647 4684 2836 4749 ἕνεκα
2860 4682 2998 4748 ’τοῦ
3046 4702 3369 4762 ςημαινο-

721 4772 936 4850 μένου.
1033 4777 1114 4835 Et
1157 4778 1248 4836 ita
1305 4796 1413 4838 nos
1469 4796 1506 4836 a
1550 4778 1751 4854 pueris
1807 4775 2135 4835 didicimus.
2230 4776 2385 4846 Quid
2441 4780 2532 4837 est
2584 4777 2787 4855 igitur,
2843 4776 3001 4854 quod
3046 4775 3119 4836 de
3173 4795 3373 4853 pron.

723 4868 825 4940 91,
850 4866 930 4923 16
972 4859 1071 4947 (cf.
1108 4870 1253 4942 111,
1275 4859 1344 4947 6)
1383 4863 1590 4942 ςφωίν
1628 4867 1811 4924 solius
1850 4866 2043 4924 dativi
2078 4866 2332 4924 formam
2378 4885 2503 4927 esse
2545 4868 2852 4927 contendit
2897 4867 2975 4941 et,
3019 4865 3123 4925 ubi
3169 4884 3373 4943 gene-

718 4957 835 5014 tivi
893 4956 1198 5015 notionem
1255 4956 1470 5016 habere
1526 4955 1828 5031 videatur,
1898 4951 1970 5016 ἐν
2031 4952 2347 5032 ςχήματος
2403 4952 2530 5017 ἔθει
2585 4976 2694 5034 pro
2749 4958 2947 5035 patrio
3003 4974 3145 5016 casu
3198 4959 3377 5034 poni
