3738 5530
680 344 799 408 194
1584 346 1765 397 ΠΕΡΙ
1799 347 2358 398 ΕΠΙΡΡΗΜΑΤΩΝ.

1686 467 1730 504 p,
1756 457 1846 507 607,
1878 457 1926 495 12
1953 477 2003 485 —
2029 456 2119 506 609,
2148 455 2198 496 15
2223 457 2254 497 b

839 550 1002 616 Ἐςτι
1046 551 1149 614 καὶ
1192 549 1570 627 ςυνύπαρξις
1613 555 1744 614 τῶν
1791 549 1879 614 εἰς
1923 555 1992 614 τὲ
2046 548 2383 629 ληγόντων
2440 549 2905 631 ἐπιρρημάτων.
2954 586 3029 594 -
3087 551 3263 628 παρὰ

670 653 789 730 τὴν
835 649 1038 716 ἄλλος
1092 653 1322 731 φωνὴν
1367 651 1561 717 πάλιν
1604 653 1679 717 τὸ
1726 651 1991 735 ἄλλοτε,
2045 651 2223 730 παρά
2264 671 2334 715 τε
2386 653 2500 731 τὴν
2554 652 2796 717 παντός
2840 652 2917 716 τὸ
2960 651 3261 734 πάντοτε,

672 754 776 818 καὶ
818 754 995 833 παρὰ
1038 754 1115 818 τὸ
1162 752 1242 817 οὗ
1285 755 1361 818 τὸ
1409 752 1540 830 ὅτε,
1584 758 1714 818 ποῦ
1759 753 1939 837 πότε,
1986 753 2157 819 ὅπου
2205 751 2419 818 ὁπότε.
2454 790 2527 800 -
2577 758 2728 837 τῇδε
2771 752 2902 831 ἔχει
2946 754 3046 816 καὶ
3089 755 3265 832 παρὰ
3317 769 3366 808 ¹5

669 859 745 921 τὸ
787 856 1005 934 ἕτερος
1045 857 1122 921 τὸ
1162 854 1431 933 ἑτέρωτε
1462 854 1528 940 (ἢ
1558 855 1721 935 παρ’
1751 855 2065 935 ἐπίρρημα
2107 856 2183 919 τὸ
2228 856 2553 938 ἑτέρωθε),
2599 856 2724 936 ἀφ’
2756 853 2835 919 οὗ
2866 854 2965 918 καὶ
2995 855 3073 919 τὸ
3102 856 3258 933 παρ’

604 969 637 1017 5
672 958 999 1024 Αἰολεῦςιν
1045 957 1354 1035 ἑτέρωτα·
1413 956 1739 1035 πρόκειται
1783 956 1939 1038 γάρ,
1997 956 2096 1021 ὅτι
2139 957 2215 1021 τὸ
2260 962 2560 1023 τοιοῦτον
2616 961 2649 1020 ἒ
2691 956 2781 1023 εἰς
2827 959 2868 1020 ἃ
2920 943 3260 1037 τρέπουςιν

671 1059 940 1124 Αἰολεῖς,
966 1060 1069 1123 καὶ
1111 1060 1424 1141 Δωριεῖς,
1489 1057 1703 1137 ὥςπερ
1748 1059 1882 1137 ἔχει
1924 1057 2025 1122 καὶ
2069 1059 2143 1123 τὸ
2188 1058 2371 1123 πότα.
2419 1095 2498 1104 —-
2557 1059 2756 1138 ςαφὲς
2800 1057 2899 1123 ὅτι
2943 1060 3047 1123 καὶ
3089 1060 3264 1136 παρὰ
3316 1078 3369 1116 20

669 1162 747 1226 τὸ
803 1161 954 1226 νέος
1007 1160 1082 1225 τὸ
1138 1160 1253 1239 μὲν
1298 1160 1520 1224 κοινὸν
1577 1160 1657 1239 ἦν
1716 1160 1933 1242 νὲοτε,
1988 1161 2128 1223 κατ’
2184 1159 2465 1238 Ἀττικὴν
2521 1161 2592 1223 δὲ
2647 1159 2975 1226 ἐπέκταςιν
3026 1160 3261 1241 νέωτα,

670 1262 1135 1340 Αἰολικώτερον
1181 1265 1297 1327 τοῦ
1342 1265 1377 1326 ἒ
1421 1262 1510 1327 εἰς
1554 1265 1596 1327 ἃ
1638 1262 2011 1341 τραπέντος.
2095 1261 2196 1325 καὶ
2239 1261 2317 1325 τὸ
2372 1261 2580 1327 ἐνίοτε
2634 1263 2706 1326 δὲ
2748 1263 2925 1341 παρὰ
2967 1261 3046 1326 τὸ
3090 1261 3266 1326 ἔνιος

671 1365 710 1442 ἢ
757 1365 919 1430 ἔνιοί
962 1364 1151 1430 ἐςτιν.
1392 1437 1403 1446 ἡ

574 1476 636 1524 10
846 1467 957 1530 Καὶ
999 1466 1078 1530 τὰ
1123 1466 1225 1530 διὰ
1268 1468 1387 1530 τοῦ
1432 1469 1500 1529 ἒξ
1543 1465 1962 1545 παραγόμενα
2005 1464 2093 1530 εἰς
2136 1465 2365 1531 τόπον.
2438 1467 2613 1546 παρὰ
2666 1467 2745 1531 τὸ
2802 1465 2985 1531 οἶκος
3031 1464 3262 1541 οἴκοςε,

672 1567 872 1632 ἄλλος
916 1567 1181 1649 ἄλλοςε,
1225 1566 1466 1632 παντός
1510 1565 1821 1648 πάντοςε,
1866 1565 2041 1646 παρά
2083 1587 2151 1631 τε
2197 1565 2392 1632 πάλιν
2438 1568 2515 1632 τὸ
2560 1571 2692 1632 ποῦ
2735 1569 2811 1633 τὸ
3313 1585 3365 1624 25

1367 1667 1526 1733 πόςε
1570 1669 1873 1750 φεύγετες
1923 1668 2014 1749 (Π
2054 1666 2211 1751 422)
2549 1663 2553 1668 ”

672 1771 904 1836 κύκλος
958 1770 1237 1835 κυκλόςε.
1311 1770 1443 1849 Χρὴ
1499 1770 1572 1834 δὲ
1615 1773 1823 1852 νοεῖν,
1883 1768 1979 1833 ὅτι
2025 1768 2220 1834 πάλιν
2279 1769 2342 1834 οἱ
2386 1769 2569 1835 αὐτοὶ
2624 1770 2806 1836 τόνοι
2861 1771 3262 1848 παρέπονται

670 1876 809 1938 τοῖς
862 1871 1501 1950 προκατειλεγμένοις
1555 1878 1686 1937 τῶν
1740 1870 1830 1935 εἰς
1885 1856 1996 1936 θῖν
2051 1873 2154 1936 καὶ
2195 1876 2329 1936 τῶν
2376 1870 2464 1935 εἰς
2516 1858 2595 1936 δι’.
2679 1871 2957 1937 ἄλλοθεν
3013 1870 3261 1954 ἄλλοθι,

576 1983 638 2031 15
675 1975 919 2040 εὐθέως
963 1974 1065 2037 καὶ
1110 1973 1373 2038 ἄλλοςε·
1418 1973 1523 2037 καὶ
1565 1972 1705 2037 ἐπεὶ
1748 1973 2075 2038 πάντοθεν
2119 1975 2224 2036 καὶ
2266 1972 2569 2057 πάντοθι,
3316 1991 3368 2030 ⁸0

923 2074 1205 2140 πάντοςε
1251 2074 1621 2139 δαιδάλλων
1669 2074 1740 2154 (C
1781 2073 1966 2158 479)-

667 2178 771 2242 καὶ
813 2178 952 2242 ἐπεὶ
995 2177 1303 2241 κυκλόθεν
1348 2176 1638 2260 κυκλόθι,
1684 2175 1926 2241 εὐθέως
1971 2175 2070 2239 καὶ
2113 2177 2189 2240 τὸ
2233 2176 2531 2260 κυκλόςε,
2576 2176 2843 2261 ἀγχόςε,
2889 2178 3131 2257 τηλόςε.

836 2278 932 2343 Τὰ
987 2279 1092 2342 διὰ
1146 2282 1263 2343 τοῦ
1318 2265 1393 2344 ἴε
1430 2278 1845 2357 παραγόμενα
1901 2277 2031 2355 ἔχει
2076 2278 2152 2341 τὸ
2198 2280 2239 2341 ἇ
2293 2279 2855 2359 παρεδρευόμενον
2912 2278 2984 2344 ἐν
3039 2281 3261 2359 βραχεῖ
3293 2294 3400 2344 608

669 2379 922 2464 χρόνῳ,
980 2379 1258 2459 Ἄφιδνα
1302 2379 1671 2458 Ἀφίδναῑε,
1731 2378 1847 2458 ἐρα
1902 2379 2116 2456 ἔραζε,
2175 2379 2338 2458 θύρα
2384 2379 2631 2457 θύραζε.
2708 2380 3090 2460 ςημειωτέον
3138 2379 3256 2445 οὖν

564 2489 632 2537 20
666 2483 743 2546 τὸ
800 2485 1065 2560 χαμᾶζε·
1128 2480 1228 2544 καὶ
1273 2483 1474 2558 δῆλον
1530 2480 1629 2545 ὅτι
1671 2482 1783 2558 τῆς
1825 2480 2102 2558 Ἀττικῆς
2147 2479 2542 2563 <ἐκ>τάςεώς
2597 2480 2720 2547 ἐςτι
2736 2530 2756 2565 ,
2810 2482 2969 2546 καθὸ
3025 2482 3127 2545 καὶ
3182 2482 3258 2545 τὸ

667 2587 969 2663 χαμᾶθεν.

838 2683 1115 2763 Εἴπομεν
1163 2683 1253 2749 ὡς
1296 2684 1375 2748 τὰ
1419 2684 1524 2747 διὰ
1565 2686 1683 2748 τοῦ
1729 2688 1803 2763 ῷῖι
1846 2683 2265 2764 παραγόμενα
2294 2682 2455 2749 αὐτὸ
2492 2684 2696 2762 μόνον
2727 2686 2838 2761 τῆς
2868 2686 3260 2762 παραγωγῆς
3312 2709 3341 2748 5

671 2787 883 2866 ἔχεται
926 2790 1038 2864 τῆς
1081 2787 1186 2851 διὰ
1229 2789 1349 2852 τοῦ
1395 2789 1492 2869 (γ’ῖι,
1538 2788 1695 2851 καθὸ
1739 2787 1843 2850 καὶ
1886 2784 2052 2849 ἄλλα
2095 2785 2311 2850 πολλά
2355 2786 2480 2851 ἐςτι
2524 2787 2605 2851 τὰ
2649 2787 2754 2851 διὰ
2796 2789 2915 2851 τοῦ
2950 2773 3029 2851 δε
3062 2806 3261 2864 παρα-

664 2889 939 2971 γόμενα,
984 2889 1275 2970 τοςόςδε,
1319 2888 1602 2964 τοιόςδε,
1662 2886 1825 2967 ἅπερ
1871 2891 1988 2951 τοῦ
2033 2887 2234 2952 αὐτοῦ
2290 2888 2523 2967 μέρους
2577 2888 2780 2964 λόγου
2828 2887 3059 2971 ἔχεται,
3103 2888 3263 2952 καθὸ

564 2999 631 3046 25
673 2990 775 3054 καὶ
829 2991 1095 3053 πλεῑςτα
1151 2995 1282 3054 τῶν
1342 2975 1589 3054 εἰς’(ἧν
1643 2989 2013 3072 ληγόντων,
2083 2989 2172 3054 ὡς
2227 2988 2266 3066 ἡ
2332 2989 2554 3067 ἐμέθεν
2612 2988 2983 3068 ἀντωνυμία
3038 2990 3139 3053 καὶ
3196 2986 3263 3051 αἱ

668 3090 940 3166 ςύζυγοι.
973 3126 1054 3138 -
1100 3090 1311 3170 ἔχεται
1354 3091 1575 3168 μέντοι
1621 3090 1721 3153 καὶ
1765 3089 1951 3168 ἕτερα
1996 3090 2485 3171 ἐπιρρηματικῆς
2519 3090 2793 3171 ἐννοίας,
2840 3090 3052 3169 ὥςπερ
3082 3090 3259 3169 παρὰ
3315 3119 3370 3157 ιο

664 3193 781 3269 τὴν
841 3191 1059 3271 ἰνόφιν
1105 3193 1335 3273 φωνὴν
1391 3192 1466 3256 τὸ
1522 3188 1626 3271 ἶφι
1671 3190 2014 3271 ςυνεκόπη,
2073 3194 2381 3272 ςημαῑνον
2424 3191 2501 3255 τὸ
2557 3191 2840 3270 ἰςχυρῶς.
2912 3191 2988 3255 τὸ
3041 3192 3258 3271 μέντοι

665 3292 861 3374 νόςφι
904 3294 1069 3373 πρὸς
1126 3292 1317 3358 ἐνίων
1363 3292 1571 3357 οὕτως
1628 3292 2008 3370 ἀπεδίδοτο,
2073 3294 2163 3358 ὡς
2207 3294 2283 3358 τὸ
2325 3296 2413 3360 Vd
2455 3292 2676 3376 <ἔςθ’>
2733 3293 2842 3358 ὅτε
2893 3291 3257 3373 ςτερητικόν

667 3395 822 3473 ἐςτι,
886 3395 1044 3461 καθὸ
1099 3395 1201 3459 καὶ
1255 3395 1332 3459 τὸ
1387 3394 1579 3459 νόςος
1633 3394 1706 3459 ἐν
1763 3394 2042 3473 ςτερήςει
2096 3399 2213 3460 τοῦ
2270 3397 2473 3461 ςοεῑν·
2533 3390 2612 3469 ἦν
2671 3395 2742 3459 δὲ
2799 3395 2900 3459 καὶ
2952 3395 3129 3473 παρὰ
3182 3394 3258 3457 τὸ

799 3668 1013 3719 Anava.
1087 3670 1118 3717 3
1154 3662 1439 3717 Adverbia
1471 3662 1531 3715 in
1566 3668 1631 3716 τέ
1667 3661 1902 3716 diversis
1936 3662 2116 3716 modis
2154 3662 2497 3718 derivantur.
2534 3694 2601 3703 —
2642 3671 2702 3719 10
2727 3662 2881 3729 Quae
2917 3679 3020 3733 per
3057 3669 3113 3719 ἃ
3141 3662 3252 3717 suf-

666 3749 838 3802 fixum
874 3749 1028 3802 facta
1061 3748 1207 3812 sunt,
1245 3763 1415 3815 quem
1451 3745 1510 3797 in
1544 3746 1729 3799 locum
1767 3746 1904 3814 quid
1937 3747 2140 3816 vergat
2161 3746 2429 3802 indicant.
2490 3747 2770 3802 Accentus
2792 3748 3007 3801 habent
3031 3747 3259 3801 eosdem

665 3834 836 3902 atque
862 3848 947 3897 ea,
973 3848 1118 3902 quae
1142 3831 1202 3884 in
1227 3834 1328 3884 θεν
1353 3831 1412 3884 et
1434 3832 1489 3887 θῐ
1514 3830 1801 3884 finiuntur.
1827 3860 1892 3869 —
1934 3835 1995 3884 18
2019 3831 2309 3886 Adverbia
2330 3833 2391 3885 in
2413 3821 2904 3902 {paenultimam
2923 3832 3260 3902 corripiunt3

666 3917 918 3972 notabile
953 3917 1131 3987 igitur
1164 3917 1390 3983 χαμᾶζε.
1428 3949 1489 3958 -
1528 3921 1593 3968 22
1627 3914 1783 3980 Quae
1818 3930 1923 3984 per
1958 3921 2025 3982 fffi
2060 3916 2321 3971 suffixum
2358 3918 2483 3971 orta
2516 3918 2670 3984 sunss,
2719 3917 2772 3971 ei
2805 3916 2957 3986 parti
2992 3915 3263 3971 orationis

662 4001 1008 4069 tribuuntur,
1054 4002 1144 4055 cui
1191 3998 1494 4070 primitiva.
1573 3997 1719 4053 Sunt
1762 4001 1955 4057 autem
1999 4000 2279 4070 quaedam
2315 3996 2628 4057 adverbiali
2662 4003 2945 4071 potestate
2980 4000 3261 4071 praedita,

663 4088 730 4140 ut
760 4087 870 4154 Ῑφι.

801 4323 991 4378 D1scn.
1026 4342 1225 4379 sempr.
1303 4328 1350 4378 4.
1387 4325 1456 4378 τὸ
1494 4324 1738 4391 ἑτέρωτε
1772 4324 1838 4391 b,
1875 4341 1961 4379 τω
2000 4341 2247 4392 ετερωτε
2285 4327 2328 4380 Α
2369 4326 2378 4391 Ι
2423 4331 2498 4380 10.
2535 4329 2604 4379 ς“ε“
2636 4325 2701 4391 b,
2740 4326 2775 4379 ἰ
2811 4326 2854 4379 Α
2886 4325 2895 4392 Ι
2939 4329 3020 4382 17.
3055 4338 3262 4389 αγχοςε

667 4410 920 4463 extrema
969 4423 1078 4461 vox
1126 4410 1213 4463 eet
1261 4407 1319 4461 in
1374 4407 1468 4461 fol.
1516 4413 1614 4461 145
1648 4426 1726 4470 v.,
1781 4424 1928 4476 quae
1980 4409 2293 4478 sequnnizur
2346 4408 2483 4463 folia
2524 4415 2616 4475 31,
2672 4409 2804 4463 inde
2860 4424 2897 4461 a.
2939 4407 3033 4461 fol.
3085 4409 3178 4460 146
3216 4424 3264 4462 r.

666 4509 843 4562 usque
889 4492 962 4546 ad
1015 4499 1112 4547 176
1135 4510 1219 4559 v.,
1271 4491 1402 4546 libri
1447 4492 1518 4545 de
1567 4491 1899 4560 pronomine
1946 4493 2100 4558 sunt,
2154 4494 2222 4546 ut
2263 4497 2467 4561 τηλοςε
2513 4493 2587 4547 sit
2629 4493 2877 4563 primum
2921 4491 3265 4547 vocabulum

666 4577 760 4637 fol,
804 4583 896 4631 177
922 4595 964 4630 r.
1010 4579 1019 4643 Ι
1057 4583 1139 4632 20.
1176 4577 1238 4631 ἐκ
1273 4576 1398 4632 add.
1435 4576 1472 4631 b
1503 4578 1512 4643 1
1543 4582 1625 4628 22.
1662 4582 1728 4642 φῖ
1763 4574 1820 4639 b,
1858 4582 1909 4643 ᾧ
1934 4579 1977 4632 Α
2017 4579 2026 4644 Ι
2065 4584 2147 4631 26.
2184 4580 2374 4646 ὥςπερ
2409 4577 2502 4633 vel
2538 4581 2627 4632 καὶ
2664 4580 2771 4646 γὰρ
2795 4575 3267 4642 GFSchoemann,

667 4664 855 4729 ὥςπερ
902 4661 1075 4718 etiam
1121 4661 1428 4727 GDronke,
1485 4662 1564 4716 ώς
1618 4663 1708 4714 καὶ
1753 4660 1871 4725 vel,
1915 4662 2127 4730 puncto
2172 4663 2340 4716 antea
2382 4662 2594 4732 posite,
2641 4664 2829 4717 οὕτως
2874 4660 3266 4728 RSkrzeczka,

667 4745 832 4799 ‘Vitii
865 4745 1059 4801 subest
1091 4747 1279 4800 nescio
1316 4744 1477 4813 qnid’
1515 4745 1551 4798 b
1587 4745 1646 4798 in
1683 4759 1798 4799 var.
1836 4745 1992 4812 leem
2041 4747 2119 4801 ὼς
2156 4748 2289 4814 γὰρ,
2337 4748 2549 4816 puncto
2587 4749 2718 4801 ante
2756 4748 2835 4801 ὡς
2870 4747 3084 4815 posito,
3120 4748 3162 4800 Α
3204 4748 3272 4801 et

666 4829 703 4883 b
739 4831 798 4883 in
833 4829 997 4883 textu
1028 4832 1037 4898 Ι
1066 4836 1147 4886 28.
1184 4831 1308 4885 ἔςθ’
1342 4828 1471 4883 add.
1506 4829 1543 4882 b
1574 4830 1583 4895 Ι
1614 4834 1697 4885 29.
1736 4845 1890 4885 ςοειν
1926 4830 1986 4884 in
2024 4846 2220 4885 rasura
2255 4833 2318 4886 A¹
