3738 5530
610 378 695 441 64
1564 378 1743 429 ΠΕΡΙ
1778 377 2282 429 Asmurnam.

1489 485 2356 536 p.8o(³-¹0)Bm-8³(³48)Bsb

606 580 1024 660 Ἐπίχαρμος,
1070 580 1502 659 αὐτότερος
1546 578 1808 644 αὐτῶν
1855 578 1964 661 (fr.
1997 579 2038 641 2
2075 578 2376 659 Ahrens).
2421 615 2503 625 —
2542 577 2834 645 ὀξύνεταί
2875 599 2945 644 τε
2975 577 3213 656 ὁμοίως
3250 597 3292 653 c

618 689 709 765 τῷ
753 683 1015 765 καυτός,
1070 689 1201 747 τῶν
1247 681 1467 747 ἄλλων
1515 683 2155 761 βαρυτονουμένων.»
2255 681 2444 745 Πάνυ
2499 683 2555 743 δ’
2599 681 2795 759 εὐήθη
2839 681 2920 744 τὰ
2962 680 3214 758 προκεί-

613 803 788 861 μενα.
898 784 977 847 οὐ
1044 785 1168 863 γὰρ
1232 785 1312 848 τὰ
1368 783 1508 847 ἀντί
1560 804 1758 849 τινων
1811 787 2026 863 μερῶν
2082 783 2282 859 λόγου
2338 783 2964 863 παραλαμβανόμενα
3016 780 3216 845 ταύτά

608 886 772 950 ἐςτιν
829 884 1115 950 ἐκείνοις.
1211 887 1287 951 τὸ
1340 886 1581 949 Ἴλιον
1638 885 1818 949 εἴςω
1876 884 1955 966 (Α
1999 885 2109 965 71)
2168 884 2310 948 ἀντὶ
2352 889 2469 949 τοῦ
2519 884 2631 948 εἰς
2675 884 2938 959 Ἴλιον,
2992 882 3216 947 καὶτὰ

542 1010 574 1058 5
610 987 1008 1067 ἐπιρρήματα
1066 987 1146 1052 οὐ
1202 986 1402 1052 ταύτὰ
1454 990 1591 1051 ταῖς
1649 988 1996 1075 προθέςεςι.
2097 987 2174 1049 τὸ
2233 987 2647 1065 βριθομένη
2703 984 2787 1067 (Θ
2831 982 2986 1069 307)
3032 1003 3211 1061 μετο-

607 1090 789 1169 χικὸν
850 1088 991 1153 ἀντὶ
1044 1092 1160 1153 τοῦ
1219 1089 1599 1170 βρίθεται,
1666 1089 1765 1153 καὶ
1834 1091 1915 1153 οὐ
1972 1088 2232 1152 πάντως
2287 1087 2454 1166 ῥῆμα
2509 1088 2612 1151 καὶ
2665 1088 2900 1166 μετοχὴ
2954 1084 3210 1149 ταύτόν.

607 1189 774 1254 ἄλλα
829 1189 1033 1268 μυρία.
1096 1226 1171 1235 —-
1230 1192 1334 1255 διὰ
1390 1191 1447 1254 τί
1502 1189 1749 1269 ἄρθρου
1803 1190 1930 1255 ἐςτὶ
1986 1190 2262 1271 δεκτική,
2321 1188 2586 1267 εἴρηται.
2706 1186 2920 1251 ἄλλως
2964 1207 3032 1250 τε
3075 1188 3214 1250 τοῖς

609 1292 723 1371 μὲν
769 1289 1034 1370 ὀνόμαςι
1078 1292 1155 1355 τὸ
1200 1290 1443 1371 ἄρθρον
1488 1292 1851 1370 προςελθὸν
1896 1294 2037 1371 μιᾶς
2080 1290 2540 1368 ἀναπολήςεώς
2570 1290 2694 1355 ἐςτι
2725 1286 3208 1368 παραςτατικόν,
3246 1307 3312 1356 81
3337 1296 3388 1348 A

576 1394 647 1473 ,ὁ
692 1392 1124 1471 ἄνθρωπος
1168 1393 1445 1471 ἦλθεν,
1503 1392 1542 1457 ὁ
1585 1395 1688 1457 καὶ
1730 1393 1930 1457 πάλαι
1972 1392 2585 1470 γινωςκόμενος·,ἐν
2619 1393 2702 1457 δὲ
2745 1397 2836 1474 τῷ
2882 1389 2920 1454 ὁ
2964 1388 3213 1454 αὐτός

515 1520 577 1568 10
610 1492 908 1558 πλείονες
973 1493 1038 1556 αἱ
1112 1494 1456 1574 ἀναφοραί.
1521 1530 1606 1541 -
1671 1495 1859 1559 ἕνεκα
1918 1496 2182 1571 γελοίου
2245 1493 2283 1571 ἡ
2351 1492 2650 1576 κωμῳδία
2718 1488 2999 1571 ςχήματά
3070 1512 3213 1556 τινα

608 1596 917 1671 ἔπλαςεν,
969 1594 1131 1660 ὥςτε
1176 1594 1256 1658 οὐ
1301 1596 1626 1675 κριτήριον
1670 1600 1782 1673 τῆς
1828 1597 2062 1660 λέξεως
2105 1595 2181 1659 τὸ
2212 1596 2591 1677 αύτότερος,
2636 1593 2778 1658 ἐπεὶ
2820 1595 2923 1658 καὶ
2951 1594 3213 1657 Δανα-

610 1699 903 1763 ώτατος
949 1697 1346 1775 ὑπερτίθεται
1388 1699 1564 1775 παρὰ
1594 1697 2065 1778 Ἀριςτοφάνει,
2109 1701 2241 1761 τῶν
2272 1697 2507 1774 κυρίων
2549 1695 2628 1759 ού
2669 1694 3207 1773 ςυγκρινομένων.

609 1836 692 1847 --
737 1800 792 1864 εἰ
837 1801 908 1863 δὲ
952 1798 1111 1862 κᾰθὸ
1158 1796 1482 1880 ὀξύνεται,
1539 1797 1777 1881 ὄνομα,
1834 1800 1939 1862 καὶ
1981 1798 2056 1863 τὸ
2102 1799 2349 1863 ἐκεῖνος
2393 1797 2623 1876 ὅμοιον
2668 1802 2760 1880 τῷ
2806 1796 3068 1860 Φιλῖνος
3113 1794 3212 1858 καὶ

608 1903 685 1966 τὸ
732 1898 929 1965 οὗτος
974 1906 1066 1983 τῷ
1110 1904 1393 1982 κοῦφος,
1437 1900 1542 1963 καὶ
1586 1899 1666 1963 οὐ
1712 1900 1973 1965 πάντως
2017 1898 2322 1978 ὀνόματα.

514 2025 576 2073 15
783 2002 954 2066 Ἀντ’
978 1999 1317 2081 ὀνομάτων
1347 2001 1941 2083 παραλαμβάνεται,
1987 1999 2150 2079 ὅπερ
2180 2000 2348 2065 ἴδιον
2380 2001 2820 2080 ἀντωνυμιῶν.
2848 2035 2932 2045 -
2963 1997 3210 2076 ἐδείχθη
3248 2013 3295 2066 Β

482 2100 491 2109 ’
615 2125 684 2169 τε
731 2103 820 2168 ὡς
863 2102 927 2166 αἱ
969 2103 1128 2167 κατὰ
1170 2103 1245 2167 τὸ
1291 2102 1507 2181 τρίτον
1554 2101 1643 2165 εἰς
1688 2101 1887 2179 αὐτὴν
1933 2102 2360 2182 μεθίςτανται,
2412 2103 2568 2166 καθὸ
2614 2100 2877 2180 δυνάμει
2921 2098 2986 2162 αἱ
3028 2096 3214 2162 αὐταί

613 2205 766 2272 εἰςιν
823 2203 1226 2281 ἀντωνυμίαι.
1279 2239 1363 2249 -
1419 2203 1499 2266 τὰ
1552 2207 1670 2267 τοῦ
1726 2204 1994 2281 πρώτου
2049 2204 2148 2268 καὶ
2201 2203 2507 2281 δευτέρου
2561 2202 2914 2280 προςώπου
2969 2200 3214 2279 ῥήματα

611 2306 1122 2389 <άντωνυμίαις>
1161 2304 1632 2383 παρατιθέμενα
1660 2304 2074 2369 αὐτοτέλειαν
2106 2307 2309 2386 ποιεῖ,
2354 2304 2506 2381 ἐγὼ
2538 2304 2874 2385 ἔγραψα,
2920 2303 3003 2365 ςὺ
3036 2300 3209 2365 ἐλά-

616 2413 885 2487 ληςας·
933 2405 1198 2485 ὀνόμαςι
1243 2406 1315 2469 δὲ
1360 2404 1470 2488 οὔ,
1516 2404 1569 2470 εἰ
1613 2406 1694 2484 μὴ
1739 2405 1814 2468 τὸ
1861 2406 2146 2481 λέγεςθαι
2190 2406 2229 2483 ἢ
2274 2405 2585 2484 ὑπάρχειν
2630 2404 2670 2483 ἤ
2715 2426 2774 2469 τι
2801 2404 3056 2469 τούτοις
3086 2402 3210 2465 ἰςο-

512 2530 578 2578 20
616 2512 977 2591 δυναμοῦν,
1034 2507 1249 2571 Δίων
1307 2506 1675 2587 λέγομαι,
1732 2506 1954 2572 Θέων
1998 2506 2345 2587 ὑπάρχω.
2447 2508 2486 2585 ἡ
2533 2506 2590 2570 δ’
2634 2505 2827 2570 αὐτός
2869 2505 3060 2570 ἅπαςι
3105 2501 3210 2580 ῥή-

615 2632 830 2693 μαςιν,
895 2608 1135 2673 αὐτὸς
1193 2609 1424 2689 λέγω,
1491 2607 1733 2673 αὐτὸς
1788 2608 2063 2673 ἔδωκα.
2122 2644 2208 2656 -
2261 2607 2313 2672 εἰ
2369 2608 2447 2671 τὰ
2500 2608 2652 2685 τέλη
2708 2612 2842 2670 τῶν
2888 2605 3209 2671 ςυνθέτων
3248 2619 3292 2674 c

614 2712 969 2792 ἐπικρατεῖ,
1022 2708 1127 2775 καὶ
1182 2710 1258 2774 τὸ
1303 2709 1606 2775 εὔτακτος
1649 2709 1858 2789 ὄνομα
1901 2712 2005 2775 καὶ
2046 2711 2121 2775 τὸ
2166 2713 2580 2790 χειρογραφῶ
2627 2707 2825 2789 ῥῆμα,
2882 2713 3022 2771 πῶς
3067 2704 3212 2783 οὐχὶ

613 2814 876 2888 γέλοιον
940 2812 1015 2874 τὸ
1082 2812 1199 2890 μὲν
1261 2814 1496 2875 ςαυτοῦ
1560 2812 1664 2874 καὶ
1726 2812 2003 2890 ἐμαυτοῦ
2070 2811 2472 2892 ἀντωνυμίας
2532 2810 2764 2890 φάναι,
2833 2812 2944 2886 τῆς
3009 2807 3209 2872 αὐτοῦ

616 2912 977 2993 ἐγκειμένης
1020 2913 1180 2976 κατὰ
1222 2912 1298 2976 τὸ
1342 2912 1562 2994 τέλος,
1607 2913 1683 2976 τὸ
1727 2914 1798 2976 δὲ
1842 2914 2029 2978 τέλος
2075 2912 2314 2990 ὄνομα;

515 3139 581 3186 25
784 3116 847 3179 Ἐ
860 3119 1021 3194 μοῦ.
1120 3114 1594 3195 Ὁμοφωνοῦςα
1647 3114 1807 3195 αὕτη
1862 3122 2111 3199 κτητικῇ
2166 3123 2244 3199 τῇ
2305 3115 2437 3180 ἀπὸ
2493 3117 2603 3193 τῆς
2660 3114 2841 3197 ἐμός,
2909 3114 3069 3177 κατὰ
3131 3110 3211 3174 τὰ

618 3218 817 3282 λοιπὰ
885 3203 1168 3297 ςχήματα
1240 3217 1684 3283 διαςτέλλεται·
1754 3217 1985 3298 ἐμοῖο
2058 3217 2182 3295 γὰρ
2245 3216 2284 3293 ἡ
2351 3217 2527 3295 παρὰ
2592 3218 2709 3296 τὴν
2776 3214 3092 3295 κτητικήν,
3167 3212 3208 3289 ἧ
3245 3235 3319 3284 82
3343 3229 3397 3282 A

617 3319 871 3397 δ’ἐμέο
929 3318 1031 3381 καὶ
1074 3318 1256 3395 ἐμεῦ
1302 3317 1401 3382 καὶ
1445 3317 1716 3397 ἐμέθεν
1763 3320 1865 3383 καὶ
1909 3320 2130 3398 ἐμεῖο
2176 3318 2351 3397 παρὰ
2403 3318 2521 3395 τὴν
2573 3318 3019 3397 πρωτότυπον.
3110 3314 3214 3378 καὶ

617 3420 709 3484 ἔτι
753 3421 793 3503 ᾗ
838 3420 953 3499 μὲν
1000 3418 1265 3494 ἔγκλιςις
1319 3423 1825 3503 παρακολουθεῖ,
1882 3421 1921 3502 ᾗ
1968 3420 2027 3485 δ’
2070 3419 2170 3483 οὔ.
2230 3455 2315 3465 -
2368 3419 2561 3482 Ἀλλὰ
2611 3419 2713 3484 καὶ
2765 3418 2804 3496 ή
2849 3423 2974 3498 μοῦ
3019 3436 3210 3497 μονο-

752 3639 969 3692 Anava.
1066 3643 1130 3692 15
1174 3639 1358 3693 Αὐτός
1402 3653 1712 3706 pronomen
1766 3653 1911 3704 esse,
1962 3638 2227 3706 quattuor
2278 3637 2625 3706 argumentis
2681 3636 3100 3706 comprobatur.
3144 3663 3211 3674 --

617 3729 684 3778 25
709 3721 973 3777 Genetivi
1006 3721 1303 3791 singularis
1337 3722 1554 3789 primae
1589 3738 1880 3790 personae,
1950 3721 2078 3775 Una
2111 3722 2245 3787 ἐμοῦ
2283 3720 2466 3773 forma.
2498 3721 2771 3789 primitivi
2795 3720 3058 3792 congruit
3079 3737 3209 3773 cum

617 3808 883 3878 genetivo
926 3806 1249 3874 possessivi,
1299 3806 1396 3874 qui
1441 3810 1632 3860 tamen
1676 3821 1964 3874 nunquam
2010 3805 2339 3869 inclinatur,
2393 3822 2519 3858 cum
2566 3806 2691 3874 ipsa.
2732 3804 3072 3859 inclinabilis
3107 3804 3209 3870 sit3

617 3893 839 3945 ceterae
875 3889 1152 3960 primitivi
1187 3892 1247 3944 et
1280 3889 1579 3959 possessivi
1614 3891 1829 3945 formae
1866 3890 2120 3944 diversae
2157 3891 2305 3944 sunt.

753 4094 947 4148 stcn.
986 4112 1187 4147 semp-r.
1269 4101 1317 4148 1.
1354 4091 1509 4149 ‘Mox
1543 4094 1733 4147 autem
1769 4091 2126 4147 scribendum
2171 4092 2432 4158 fortasse,
2477 4095 2739 4149 ὀξύνεταί
2772 4111 2837 4149 τε
2873 4094 3084 4159 ὁμοίως
3117 4096 3206 4159 τῷ

524 4235 539 4244 „
619 4181 825 4234 καυτός
870 4178 964 4232 vel
1008 4180 1273 4234 κλαυτός’
1321 4179 1358 4231 b
1405 4177 1465 4231 in
1511 4194 1626 4236 var.
1671 4177 1829 4243 leet„
1886 4177 2146 4231 ὀξύνεταί
2196 4194 2260 4231 τε
2307 4178 2517 4243 ὁμοίως
2560 4180 2631 4231 τὸ
2676 4181 2768 4232 καὶ
2803 4180 2977 4233 αὐτὸς
3016 4178 3109 4231 Ab
3144 4177 3206 4230 in

617 4266 780 4318 textu
831 4267 841 4329 Ι
894 4269 942 4317 5.
979 4265 1302 4332 προθέςεςιν
1335 4263 1399 4328 b,
1447 4267 1715 4329 προθεςιν
1751 4264 1793 4316 Α
1849 4266 1859 4326 Ι
1912 4266 1961 4318 7.
1996 4263 2167 4328 (αλλα
2203 4262 2397 4329 μύρια)
2434 4263 2478 4317 Α
2532 4262 2541 4327 Ι
2593 4264 2684 4317 διὰ
2729 4264 2784 4318 τί
2819 4264 3028 4332 ἄρθρου
3062 4262 3201 4329 ἐςτί]

618 4347 714 4402 fol.
753 4352 851 4401 168
873 4364 919 4400 r.
953 4350 962 4410 Ι
992 4363 1146 4401 εςτιν
1183 4349 1227 4403 Α
1258 4351 1268 4414 Ι
1298 4348 1523 4412 δεκτική
1560 4346 1619 4412 b,
1656 4348 1909 4412 δεικτικη
1947 4347 1989 4399 Α
2028 4349 2110 4412 18.
2148 4361 2418 4411 ονομαςιν
2454 4348 2498 4400 Α
2530 4347 2539 4413 Ι
2570 4362 2727 4401 εςτιν
2751 4350 2795 4404 Α
2826 4350 2836 4414 Ι
2868 4353 2947 4401 13.
2973 4348 3203 4400 Φιλῖνος

619 4432 675 4498 b,
715 4433 975 4486 Φιλεῑνος
1010 4430 1374 4500 JGuttentag.
1413 4434 1818 4497 φιλάνθρωπος
1855 4431 1898 4483 Α
1941 4431 1950 4496 Ι
1991 4435 2071 4488 14.
2109 4434 2326 4496 κοῦφος
2362 4430 2416 4491 b,
2456 4447 2689 4497 κουφως
2725 4433 2769 4487 Α
2801 4434 2811 4498 Ι
2852 4437 2929 4486 16.
2971 4431 3111 4485 καθὸ
3147 4429 3204 4496 b,

621 4532 716 4570 και
750 4520 889 4570 καθο
927 4519 971 4571 Α
1002 4517 1012 4584 Ι
1044 4522 1126 4570 18.
1161 4514 1541 4580 ἀντωνυμίαίς
1577 4514 1640 4579 b,
1680 4530 1789 4572 om.
1815 4515 1857 4567 Α
1894 4515 1906 4582 1
1933 4519 2014 4567 19.
2039 4530 2308 4580 ονομαςιν
2333 4516 2377 4570 Α
2409 4516 2417 4582 Ι
2448 4518 2677 4569 τούτοις
2715 4515 2777 4581 b,
2814 4531 3096 4569 τοιουτοις
3121 4515 3163 4567 Α
3194 4515 3201 4582 Ι

622 4606 704 4654 20.
740 4602 791 4654 δ’
826 4601 888 4667 Α,
924 4601 984 4654 δὲ
1018 4599 1056 4653 b
1087 4603 1097 4666 Ι
1128 4616 1333 4654 απαςιν
1370 4600 1412 4652 Α
1446 4601 1455 4666 Ι
1484 4605 1567 4651 21.
1605 4600 1791 4652 εδωκα
1828 4598 1891 4662 Α,
1928 4598 2143 4652 ἔδωκας
2180 4598 2217 4651 b
2248 4601 2258 4662 Ι
2288 4604 2370 4654 23.
2408 4615 2585 4652 αυτου
2610 4599 2672 4664 Α,
2707 4600 2881 4653 αὑτός
2904 4598 2942 4652 b
2973 4601 2982 4666 Ι
3013 4605 3095 4652 25.
3121 4597 3204 4650 in-

622 4683 853 4753 scriptio
902 4689 1032 4752 περί
1073 4700 1178 4750 της
1223 4700 1361 4750 εμου
1405 4682 1632 4741 maiusc.
1671 4685 1713 4737 Α
1780 4685 1790 4749 Ι
1854 4688 2091 4751 κτητική
2137 4689 2209 4751 τῇ
2256 4683 2371 4737 ἀπὸ
2416 4687 2519 4749 τῆς
2555 4683 2688 4747 ἐμός
2726 4682 2843 4748 Ab,
2889 4687 3083 4750 γενικῇ
3130 4683 3203 4749 τῇ

621 4770 737 4822 ἀπὸ
772 4774 876 4836 τῆς
911 4769 1047 4834 ἐμός
1082 4767 1177 4821 vel
1209 4772 1406 4835 γενικῇ
1442 4772 1515 4835 τῇ
1542 4769 1657 4822 ἀπὸ
1680 4772 1783 4835 τῆς
1809 4767 1943 4832 ἐμός
1969 4772 2236 4835 κτητικῆς
2262 4765 2650 4833 RSkrzeezka,
2686 4767 2842 4835 (τῇ)
2867 4771 3104 4835 κτητικῇ
3130 4771 3201 4834 τῇ

621 4855 734 4909 ἀπὸ
769 4858 873 4921 τῆς
909 4854 1041 4920 ἐμός
1077 4850 1430 4920 JGuttentag
1457 4852 1467 4920 Ι
1498 4857 1578 4905 26.
1618 4853 1653 4918 ἡ
1692 4851 1756 4919 b,
1795 4869 1830 4920 η
1871 4853 1965 4916 Ax,
2004 4851 2141 4919 quid
2178 4853 2311 4906 ante
2345 4849 2520 4904 fuerit
2551 4866 2664 4903 non
2699 4850 2880 4919 liquet
