3738 5530
536 332 977 387 Commentarius
1006 332 1233 388 criticus
1263 335 1321 387 et
1349 334 1669 404 exegeticus
1696 333 1754 392 in
1784 333 2072 404 Apollonii
2099 333 2326 403 Dyscoli
2356 334 2568 405 scripta
2594 335 2826 390 minora.
2908 335 3033 401 159

606 503 751 577 138,
775 503 854 561 16
904 502 977 562 cf.
1013 501 1120 562 AO
1158 502 1189 560 Ι
1234 504 1383 579 443,
1406 504 1506 562 27.

606 592 752 665 138,
775 592 855 649 18
904 585 1091 661 ‘Quae
1130 590 1482 651 Callimachi
1527 590 1709 652 verba
1744 593 2129 669 cognovimus
2166 611 2234 651 ex
2282 593 2461 654 schol.
2492 593 2661 653 Pind.
2689 593 2858 654 Nem.
2892 597 2948 669 1,
2971 596 3040 670 33

425 680 630 740 Ioann.
658 680 826 739 Alex.
855 696 989 741 τον.
1018 697 1167 757 παρ.
1204 702 1263 757 p.
1295 683 1398 756 37,
1422 683 1476 739 7.
1541 681 1811 758 Respicit
1845 682 2005 741 haud
2033 681 2212 741 dubie
2243 682 2359 741 EM
2389 685 2536 759 607,
2558 685 2639 743 23
2679 685 2738 743 et
2765 683 3040 744 Eustath.

426 790 484 847 p.
527 771 673 844 122,
698 772 798 829 10.
849 770 1117 844 630,25.
1170 771 1361 846 1879,
1385 764 1511 830 55.’
1602 769 1780 829 Dind.
1816 771 1883 829 in
1927 771 2075 831 thes.
2161 770 2248 830 of.
2288 770 2459 850 Greg.
2499 771 2630 832 Cor.
2671 774 2816 832 332.

608 859 755 934 138,
777 861 860 917 20
908 853 1074 919 ἀλλὰ
1128 856 1232 920 καὶ
1294 855 1397 920 ἐπὶ
1451 857 1569 920 τοῦ
1625 855 1861 938 οὕτως]
1911 854 2038 920 ‘sed
2092 861 2275 919 etiam
2329 861 2402 921 (19
2448 856 2657 922 οὕτω(
2711 862 2835 922 scil.
2883 861 3041 921 idem

425 948 543 1008 dici
586 941 825 1024 potest’.
912 949 1138 1007 Eodem
1181 948 1359 1008 modo
1404 950 1544 1025 post
1589 944 1693 1008 ἐπί
1737 950 2258 1027 praepositionem,
2303 950 2482 1011 verbo
2529 951 2765 1026 omiss0,
2811 954 3041 1011 senten-

423 1039 511 1096 tia
557 1037 867 1097 decurtata
913 1039 1005 1098 est
1046 1057 1213 1114 pron.
1255 1039 1359 1112 50,
1382 1040 1416 1096 7
1465 1034 1569 1098 καὶ
1615 1033 1713 1098 ἐπ’
1762 1033 1981 1098 ἄλλων
2026 1036 2358 1100 πλεὶετων.
2447 1039 2759 1100 Consimili
2804 1040 3039 1100 dicendi

424 1146 634 1205 genere
679 1128 874 1185 utitur
917 1127 1021 1186 1119
1067 1129 1220 1204 synt.
1272 1129 1331 1202 9,
1353 1129 1434 1187 14
1483 1122 1549 1187 αἱ
1585 1124 1658 1186 δὲ
1696 1122 1968 1202 ὼεπερεὶ
2004 1124 2319 1204 εύμφωνα
2363 1123 2744 1205 ἀναμένουει
2781 1126 2863 1190 τὰ
2899 1146 3038 1206 φω-

425 1212 665 1291 νήεντα
702 1261 715 1275 .
755 1261 768 1275 .
815 1212 1098 1276 τουτέστι
1143 1212 1224 1276 τὰ
1269 1212 1855 1291 προκατειλεγμένα
1890 1216 2024 1277 τῶν
2071 1217 2283 1293 μερῶν
2319 1217 2438 1279 τοῦ
2485 1215 2704 1291 λόγου,
2752 1214 3038 1294 καθάπερ

429 1300 531 1365 ἐπὶ
578 1296 746 1386 (‘wie
792 1304 917 1365 dies
964 1304 1068 1365 der
1103 1306 1237 1364 Fall
1283 1307 1365 1365 ist
1407 1297 1556 1388 bei')
1602 1303 1736 1365 τῶν
1782 1303 2170 1380 προθέεεων,
2216 1306 2350 1367 τῶν
2383 1302 2671 1383 ἄρθρων,
2717 1306 2849 1368 τῶν
2897 1324 3039 1368 (υν-

424 1390 688 1468 δέεμων.
770 1394 982 1471 Itaque
1036 1397 1274 1471 praeter
1326 1396 1864 1471 interpunctionem
1921 1396 2073 1455 nihil
2125 1397 2372 1457 mutavi.
2452 1396 2537 1456 Of.
2576 1396 2709 1456 adn.
2750 1397 2826 1457 ad
2870 1416 3038 1474 pron.

429 1486 485 1559 7,
507 1484 609 1542 28.
691 1481 816 1543 Ska
859 1484 922 1543 Π
970 1485 1072 1544 25.
1154 1484 1371 1544 Totum
1425 1484 1621 1544 locum
1677 1485 1714 1543 l.
1758 1487 1839 1544 19
1898 1479 2065 1545 ἀλλὰ
2120 1482 2347 1546 καὶ-
2395 1488 2475 1547 21
2525 1482 2697 1548 τάεει
2751 1488 3042 1566 expungit

427 1572 638 1632 Matth.
678 1572 709 1630 I
750 1574 1031 1632 46—-47,

608 1664 753 1736 138,
775 1664 857 1722 23
906 1658 1181 1741 ἔφαμεν]
1231 1662 1362 1722 adv.
1407 1665 1642 1738 135,3;
1687 1664 1760 1722 cf.
1799 1665 1954 1740 synt.
1997 1665 2266 1740 343,18.

609 1751 752 1828 138,
776 1754 858 1813 25
906 1750 1274 1812 GFSchoem.
1312 1752 1375 1811 Π
1415 1755 1497 1812 10
1536 1778 1620 1800 =
1659 1771 1856 1828 opusc.
1896 1752 1984 1811 IV
2023 1754 2149 1813 253
2200 1748 2474 1832 ‘apparet
2518 1755 2581 1813 in
2628 1755 2843 1815 lacuna
2887 1757 3037 1815 exci-
3062 1786 3077 1802 ·

424 1840 580 1900 disse
634 1840 880 1899 verbum
935 1840 1033 1901 δεῖ
1086 1861 1220 1901 911111
1273 1841 1601 1918 infinitiw,
1654 1860 1775 1902 non
1829 1842 2069 1918 quidem
2114 1861 2210 1919 eo,
2271 1863 2447 1920 quem
2491 1844 2868 1905 doctissimus
2916 1844 3040 1905 Ska

420 1924 517 2008 [11
564 1923 675 2009 25]
732 1930 1070 2007 proposuit,
1135 1926 1492 2006 ἀναμένειν,
1557 1930 1658 1990 sed
1712 1932 1916 2008 potius
1972 1928 2317 2007 φυλάεεειν
2382 1935 2489 1993 aut
2548 1932 2781 2008 τηρεῖν.
2881 1934 3039 1994 Nam

428 2013 766 2093 ἀναμένειν
812 2016 928 2079 τὸν
974 2016 1171 2081 τόνον
1216 2039 1289 2080 ea
1332 2021 1570 2080 demum
1617 2020 1908 2080 vocabula
1953 2020 2073 2080 (1191
2117 2022 2334 2098 solent,
2382 2042 2553 2098 quae,
2597 2042 2734 2083 cum
2780 2024 2854 2083 ab
2902 2023 3038 2084 aliis

424 2108 693 2168 derivata
745 2110 894 2183 sint,
949 2111 1254 2169 accentum
1307 2111 1604 2186 recipiunt
1657 2109 1734 2168 ad
1788 2129 1993 2169 eorum
2046 2110 2201 2170 unde
2255 2112 2529 2171 derivata
2573 2114 2712 2172 sunt
2769 2132 3037 2172 normam

423 2198 959 2273 accommodatum3
1022 2201 1230 2258 contra
1284 2194 1626 2274 φυλάεεειν
1685 2195 1801 2258 τὸν
1860 2196 2060 2261 τόνον
2120 2219 2215 2276 ea,
2280 2219 2434 2278 quae
2493 2221 2667 2277 quem
2730 2202 3038 2280 proprium

423 2290 730 2347 accentum
783 2287 1030 2364 habent,
1090 2288 1366 2365 eundem,
1422 2291 1714 2365 quantum
1768 2288 2009 2364 quidem
2067 2308 2175 2366 per
2227 2291 2530 2368 generales
2587 2292 2824 2369 regulas
2878 2292 3037 2367 licet,

422 2379 764 2436 constanter
806 2378 1093 2452 retinent,
1140 2377 1376 2436 etiamsi
1420 2377 1763 2452 ceteroquin
1806 2380 2006 2438 varias
2050 2379 2276 2438 formae
2320 2382 2682 2439 mutationes
2729 2379 3037 2456 subierint,

420 2467 609 2525 veluti
646 2462 973 2540 ευγχεύαε,
1021 2485 1173 2542 quae
1219 2467 1411 2526 forma
1453 2465 1776 2542 Apollonio
1814 2487 1846 2525 9
1885 2463 2231 2541 ευγχεύεαε
2274 2469 2437 2528 facts
2482 2469 2814 2544 videbatur,
2858 2469 3035 2529 huius

422 2559 730 2615 accentum
774 2559 987 2615 servat.
1079 2555 1366 2620 Attamen
1410 2575 1531 2615 non
1575 2555 1748 2616 credo
1792 2556 1905 2616 hoc
1951 2557 2219 2634 exemplo
2254 2556 2368 2635 Ap.
2405 2576 2581 2617 usum
2625 2576 2768 2634 esse,
2814 2560 3035 2635 quippe

420 2645 485 2703 in
522 2664 640 2721 quo
677 2647 921 2721 propter
956 2647 1357 2721 quantitatem
1392 2644 1658 2721 syllabae
1703 2646 2037 2722 postremae
2071 2647 2299 2706 retrahi
2334 2651 2611 2707 accentus
2647 2648 2814 2707 nullo
2857 2648 3034 2709 modo

420 2735 709 2811 potuerit:
756 2735 1061 2812 scripsisse
1106 2754 1239 2795 eum
1288 2733 1544 2796 arbitror
1589 2734 1904 2810 ευγχεῦαι,
1950 2738 2121 2796 tanto
2166 2736 2376 2815 magis,
2423 2737 2568 2814 quia
2612 2737 2773 2815 apud
2816 2736 3032 2798 Home·

421 2844 579 2900 rum,
625 2823 780 2883 unde
833 2825 1029 2884 solent
1072 2825 1193 2885 fere
1238 2825 1507 2902 exempla
1549 2826 1701 2901 peti,
1755 2825 1906 2884 illud
1962 2826 2218 2886 alterum
2271 2845 2566 2903 nusquam
2620 2830 2839 2904 exstat,
2899 2847 3033 2887 cum

421 2912 720 2988 (υγχεῦαι
766 2915 947 2973 semel
992 2916 1148 2974 certe
1193 2914 1446 2992 legatur,
1500 2915 1538 2974 θ
1580 2908 1747 2973 139’.
1839 2913 2157 2976 Praeterea
2197 2916 2273 2975 ad
2320 2916 2819 2994 comprobandam
2865 2936 3034 2977 suam

420 3002 494 3062 de
540 2998 879 3077 ἀναμένειν
926 3005 987 3063 et
1030 2998 1375 3079 φυλάεεειν
1421 3002 1735 3063 verborum
1778 3003 2118 3064 discrimine
2172 3007 2529 3066 sententiam
2583 3006 2818 3083 aliquot
2873 3007 3034 3067 locos

422 3093 618 3163 affert,
667 3111 815 3168 quos
860 3113 914 3152 v.
961 3092 1025 3151 in
1071 3092 1210 3167 ind„
1263 3095 1580 3168 monetque
1624 3092 1829 3152 eodem
1878 3112 1995 3168 quo
2042 3089 2381 3168 ἀναμένειν
2426 3113 2602 3155 sensu
2648 3097 2833 3155 etiam
2877 3091 3031 3156 ἀνα-

421 3177 709 3255 δέχεεθαι
754 3177 871 3241 τὸν
916 3178 1115 3242 τόνον
1160 3181 1280 3240 (1191
1326 3182 1458 3241 adv.
1501 3183 1646 3258 169,
1669 3183 1779 3256 28,
1837 3201 1948 3258 pro
1995 3178 2344 3258 φυλάττειν
2390 3187 2590 3244 autem
2636 3184 2851 3259 τηρεῖν
2899 3185 3031 3245 adv.

425 3271 570 3346 160,
597 3273 697 3330 17.
749 3272 970 3346 175,7.
1063 3269 1248 3331 Lehrs
1292 3271 1355 3329 in
1400 3271 1555 3330 Ann.
1592 3271 1711 3330 litt.
1749 3271 1880 3329 Jen.
1926 3272 2095 3331 1879
2141 3292 2198 3348 p.
2241 3275 2368 3332 224
2414 3276 2699 3351 proponit
2741 3268 3032 3351 (ἀνάγκη

426 3360 520 3419 vel
566 3356 719 3420 δέον
766 3360 861 3420 vel
907 3356 1109 3431 λόγον
1156 3354 1288 3435 εἶχε
1334 3355 1743 3439 φυλάττ>ειν.

604 3449 1030 3524 138,25-26
1078 3450 1188 3509 lac.
1235 3451 1385 3526 expl.
1435 3450 1487 3509 b.

601 3540 748 3614 139,
769 3542 806 3597 2
864 3537 1194 3598 subiectum
1246 3534 1611 3613 ἀπέβαλλεν
1665 3538 1831 3598 verbi
1886 3540 1977 3599 est
2031 3535 2106 3599 τὸ
2161 3536 2392 3612 πάθος,
2456 3544 2525 3600 ut
2578 3544 2671 3602 est
2725 3536 3032 3617 ἀφείλετο

420 3627 615 3703 verbi3
659 3627 863 3703 itaque
899 3646 1020 3686 non
1057 3630 1147 3688 est
1183 3627 1340 3704 quod
1376 3622 1457 3706 (ἡ
1498 3622 1838 3707 εὐθ>εῖ<α>
1875 3647 1983 3706 pro
2019 3623 2353 3706 <οἰ>κείωε
2390 3630 2698 3690 scribatur.
2762 3630 3033 3691 Alteram

419 3736 558 3778 vero
604 3716 859 3776 Dronkii
913 3717 1385 3778 emendationem
1436 3718 1828 3777 necessariam
1873 3720 2048 3795 puto,
2101 3737 2239 3777 cum
2285 3713 2653 3795 ἀνέφικτος,
2711 3721 2946 3779 etiamsi
2989 3715 3030 3793 ἡ

419 3802 638 3867 εὐθεῖα
682 3806 1079 3884 praecederet,
1123 3811 1324 3867 tamen
1370 3826 1505 3866 cum
1551 3808 1828 3885 genetivo
1873 3826 1993 3867 non
2038 3810 2240 3884 posset
2284 3812 2575 3884 construi3
2629 3810 2700 3868 cf.
2738 3808 3030 3868 RSchnei·

421 3894 526 3955 der
569 3895 601 3954 I
646 3897 793 3956 475.

595 3976 940 4060 (Υπόδρα
992 3986 1243 4059 fortasse
1293 3989 1516 4045 natura
1567 3987 1635 4045 in
1679 3983 1721 4045 ἇ
1767 3988 2127 4055 temtinatur,
2181 3987 2432 4060 fortasse
2487 3990 2660 4047 etiam
2716 3988 2941 4048 abiecta
2994 3976 3031 4052 ἓ

418 4075 611 4134 littera
663 4075 979 4149 leyitinmm
1031 4079 1326 4134 accentum
1380 4078 1610 4150 accepit.
1699 4074 1959 4135 Nativus
2013 4077 2137 4135 eius
2193 4080 2275 4135 est
2330 4071 2545 4146 exime,
2599 4079 2655 4136 si
2705 4077 2811 4136 hoc
2860 4078 3030 4138 modo

415 4167 609 4223 ortum
654 4168 748 4223 est.
840 4160 1018 4237 Δρῶ
1063 4165 1218 4223 idem
1260 4166 1554 4239 siynificat
1596 4164 1748 4238 quod
1793 4158 1974 4239 ὁρῶ;
2036 4181 2106 4224 ea:
2149 4182 2277 4239 quo,
2338 4170 2405 4225 ut
2449 4184 2517 4225 ea:
2563 4161 2763 4226 ἀντῶ
2811 4160 3027 4240 ἄντα,

414 4255 504 4312 ita
548 4251 688 4327 δρᾶ
731 4253 1074 4313 adverbiwm
1115 4254 1339 4327 factum
1383 4258 1466 4314 est
1509 4254 1743 4327 eiusque
1796 4255 2169 4329 compositmn
2216 4249 2527 4330 ὑπόδρα.
2617 4255 2810 4315 Potest
2855 4260 3028 4317 etiam

418 4342 494 4401 ab
540 4337 692 4417 ὁρῶ
737 4344 1064 4403 derivatum
1111 4360 1230 4402 esse
1275 4337 1441 4417 ὅρα,
1495 4343 1653 4402 unde
1698 4344 2034 4402 abundante
2078 4335 2115 4405 δ
2161 4345 2452 4404 descendit
2492 4341 2817 4420 ὑπόδρα,
2877 4351 2944 4406 ut
2989 4350 3026 4410 δ

416 4432 711 4491 redwzdat
754 4433 927 4492 etiam
968 4434 1036 4491 in
1082 4428 1333 4507 μίγδα;
1386 4432 1731 4507 synaloephe
1773 4450 1907 4491 vero
1951 4434 2143 4493 ionica
2191 4438 2298 4502 est,
2343 4438 2411 4493 ut
2460 4436 2528 4493 in
2572 4428 3026 4511 ἀπηλιώτης.

416 4519 533 4579 Sed
578 4522 806 4580 etiamsi
850 4538 919 4579 ex
962 4516 1305 4595 ὑποδράξ
1350 4525 1542 4581 ονὺιωπ
1585 4523 1677 4589 sit,
1725 4522 1948 4581 abiecta
1991 4525 2024 4586 ξ
2063 4525 2253 4583 littera
2291 4526 2539 4597 yravari
2572 4527 2776 4598 potest.
2866 4526 3029 4587 Nam

409 4611 675 4683 primum
715 4611 858 4669 haec
900 4611 1125 4683 affectw
1169 4611 1510 4679 adrmttimr,
1549 4614 1690 4684 quia
1734 4611 2023 4684 medam
2067 4613 2348 4672 adverbia
2394 4614 2567 4672 etiam
2609 4615 2675 4673 in
2712 4630 2755 4673 α
2792 4621 3028 4688 exeun&

417 4698 626 4757 demde
668 4693 966 4773 ὑπόδρα
1022 4717 1142 4758 non
1185 4702 1251 4758 in
1296 4701 1377 4758 eis
1423 4704 1507 4758 est
1549 4700 1843 4759 adem-biis
1888 4720 1954 4759 m
1996 4700 2040 4761 ἃ
2087 4701 2447 4770 emerentibus,
2508 4720 2658 4777 quae
2699 4708 3026 4766 necessario

418 4791 710 4846 aewuntm
759 4789 903 4861 139,
924 4790 1203 4863 5-140,
1224 4790 1281 4846 4.
1366 4786 1453 4846 Of.
1497 4790 1988 4865 151,3Ο-152,
2010 4791 2108 4850 26.

602 4877 804 4949 139,8
852 4878 923 4936 cf.
963 4875 1065 4936 EO
1103 4879 1217 4951 473
1262 4876 1406 4936 Lob.
1443 4876 1660 4937 Parall.
1704 4880 1858 4953 1183
1908 4879 2112 4938 Rhem.
2154 4880 2209 4938 5.
2251 4880 2350 4939 63.

601 4967 746 5039 139,
768 4967 805 5024 9
835 4960 873 5025 ὁ
903 4962 1102 5040 ἐπιβλ.
1131 4983 1181 5025 τ.
1212 4967 1382 5027 δεεπ.
1413 4965 1570 5026 delet
1597 4968 1808 5026 Matth.
1831 4968 1860 5025 1
1891 4970 2002 5049 343
2037 4970 2166 5028 iure
2203 4969 2480 5029 dissentit
2513 4970 2791 5049 Egenolff
2811 4972 2899 5032 IV
2919 4975 3022 5033 47.
