3738 5530
285 1378 332 1414 1>-
366 1368 450 1405 4⁷⁹
480 1367 511 1405 b
650 1345 758 1418 ‘H
790 1350 1377 1429 προκατειλεγμένη
1410 1351 1695 1418 ςύνταξις
1727 1353 1875 1432 περὶ
1906 1351 2274 1430 ςυνδέςμων
2306 1349 2434 1417 ὑπὸ
2467 1351 2788 1416 πλειόνων
2818 1372 3097 1432 γραμμα-

501 1458 723 1533 τικῶν,
784 1453 1190 1530 ἑλλιπεςτὲρα
1246 1457 1634 1536 καθεςτῶςα,
1689 1455 1842 1518 τοὺς
1901 1453 2349 1531 ςυνεχέςτερον
2395 1453 2542 1531 ἡμῖν
2588 1453 2658 1518 ἐν
2704 1456 2839 1517 ταῖς
2884 1455 3093 1533 ςχολι-

503 1559 642 1620 καῑς
686 1555 1169 1631 ςυγγυμναςίαις
1215 1554 1546 1620 ςυνιόντας
1593 1554 1709 1618 οὐκ
1756 1555 1990 1634 ἔπειθε,
2039 1554 2252 1618 καθότι
2300 1553 2362 1618 οἱ
2405 1556 2521 1633 μὲν
2567 1554 2728 1619 αὐτὸ
2775 1554 2979 1634 μόνον
3014 1555 3095 1619 τὰ

421 1675 448 1712 ⁵
503 1656 789 1735 ὀνόματα
839 1660 974 1720 τῶν
1031 1656 1397 1733 ςυνδέςμων
1456 1657 1796 1722 κατέλεξαν
1854 1657 1956 1720 καὶ
2014 1656 2127 1720 τὰς
2183 1655 2523 1735 γινομένας
2586 1657 2971 1736 μεταλήψεις
3028 1657 3093 1722 ἐξ

503 1758 716 1824 αὐτῶν
764 1757 850 1822 εἰς
896 1758 1161 1832 αὐτούς,
1219 1757 1501 1822 τουτέςτι
1547 1758 1699 1823 τοὺς
1744 1758 2288 1836 ἰςοδυναμοῦντας
2333 1757 2666 1836 ἀλλήλοις,
2725 1758 2786 1822 οἱ
2833 1759 2902 1822 δὲ
2948 1759 3092 1836 περὶ
3128 1773 3160 1820 5

500 1861 871 1939 προτάξεως
915 1861 1013 1924 καὶ
1059 1859 1433 1925 ὑποτάξεως
1478 1858 1716 1942 αὐτῶν,
1761 1860 2071 1938 παρέντες
2118 1860 2196 1923 τὰ
2240 1857 2728 1937 ἀναγκαιότατα,
2776 1860 2944 1936 λέγω
2978 1861 3092 1925 τὰς

391 1984 445 2019 10
500 1962 571 2026 ἐν
618 1962 837 2026 αὐτοῖς
883 1945 1181 2040 δυνάμεις
1226 1960 1325 2025 καὶ
1369 1962 1649 2040 ςχήματα
1693 1962 1793 2026 καὶ
1837 1962 2002 2025 ἄλλα
2045 1962 2344 2041 πλεῑςτα,
2405 1961 2567 2039 ὑπὲρ
2613 1960 2706 2026 ὧν
2753 1961 3092 2039 εἰρήςεται·

385 2389 439 2426 15

363 3205 428 3243 25

502 2064 566 2127 οἱ
611 2064 682 2127 δὲ
726 2063 827 2126 καὶ
883 2061 1187 2138 ὀνόμαςιν
1248 2062 1609 2141 ἀλλοτρίοις
1655 2063 2203 2143 προςχρηςάμενοι
2259 2063 2423 2141 ἤπερ
2480 2066 2618 2126 τοῖς
2665 2062 2750 2126 εἰς
2807 2083 3088 2143 γραμμα-

498 2166 673 2243 τικὴν
720 2163 1141 2246 ςυντείνουςι,
1201 2163 1478 2228 (τωικὰς
1524 2165 2020 2245 παρειςφὲρουςι
2069 2164 2290 2239 δόξας,
2349 2163 2444 2229 ὧν
2489 2165 2529 2243 ἡ
2575 2164 2924 2243 παράδοςις
2971 2166 3090 2229 οὐκ

496 2267 661 2343 ἄγαν
719 2266 1027 2345 χρειώδης
1083 2266 1247 2344 πρὸς
1302 2267 1420 2344 τὴν
1486 2266 1574 2331 εἰς
1637 2269 2066 2345 γραμματικὴν
2128 2264 2577 2330 ςυντείνουςαν
2644 2267 3086 2345 τεχνολογίαν.
3134 2281 3194 2328 ιο

498 2369 625 2434 ἔςτι
678 2373 838 2445 γοῦν
897 2369 1107 2445 πολλή
1164 2387 1254 2431 τις
1307 2369 1410 2432 καὶ
1473 2367 1979 2447 δυςπερίληπτος
2035 2369 2179 2445 περὶ
2232 2366 2345 2431 τὰς
2403 2367 2630 2446 φωνὰς
2684 2369 2938 2450 τήρηςις
2995 2416 3011 2431 .
3073 2419 3086 2433 .

447 2459 456 2464 ’
497 2473 920 2549 κατορθοῦται
962 2472 1132 2534 πᾶςα
1175 2469 1532 2553 διάλεκτος,
1582 2474 1707 2534 πᾶς
1753 2469 2168 2549 ςχηματιςμός
2215 2468 2560 2532 ςυντείνων
2603 2467 2689 2532 εἰς
2721 2469 3085 2548 Ἑλληνικὴν

498 2571 854 2650 παράδοςιν
901 2569 1450 2653 ἀναγνωςμάτων,
1503 2570 1579 2650 ἧς
1625 2571 1780 2636 οὐδὲ
1827 2571 1970 2635 κατ’
2015 2569 2241 2645 ὀλίγον
2298 2568 2600 2648 ἐπιψαύει
2649 2569 2686 2634 ὁ
2731 2571 2907 2649 παρὰ
2950 2574 3087 2635 τοῖς

497 2673 796 2737 (τωικοῑς
841 2673 987 2751 περὶ
1032 2676 1261 2753 φωνῆς
1307 2674 1518 2748 λόγος.
1586 2673 1689 2736 καὶ
1733 2677 1935 2751 δῆλον
1982 2671 2071 2735 ὡς
2116 2672 2216 2736 καὶ
2262 2672 2367 2736 ἐπὶ
2410 2676 2617 2738 τῶνδε
2661 2678 2795 2737 τῶν
2841 2672 3083 2751 μορίων

496 2777 577 2841 τὸ
608 2775 768 2839 αὐτὸ
799 2776 1367 2853 παρακολουθήςει.
1428 2775 1621 2841 πάλιν
1667 2775 1790 2854 γὰρ
1838 2774 2334 2852 ὑποςταλήςεται
2365 2774 2403 2840 ὁ
2435 2776 2583 2853 περὶ
2627 2776 2841 2840 αὐτῶν
2889 2775 3086 2851 λόγος
3125 2786 3189 2835 15

494 2878 566 2942 ἐν
620 2883 809 2961 φωνῇ
868 2878 969 2941 καὶ
1025 2878 1435 2959 δηλουμένῳ,
1492 2877 1563 2942 ἐν
1623 2878 1676 2960 ᾧ
1734 2878 1838 2942 καὶ
1893 2878 1971 2940 τὰ
2029 2876 2603 2954 ςυνεμπεπτωκότα
2649 2878 2929 2956 ςχήματα
2981 2878 3086 2942 διὰ

493 2984 608 3057 τῆς
652 2980 958 3058 ςυνούςης
1004 2979 1302 3059 φράςεως
1346 2980 1823 3058 ἐπικριθήςεται,
1871 2979 1951 3042 τά
1994 2998 2061 3042 τε
2107 2977 2281 3042 ἁπλᾶ
2326 2978 2521 3056 αὐτῆς
2557 2979 2656 3043 καὶ
2685 2979 2764 3043 τὰ
2795 2978 3084 3062 ςύνθετα,

492 3084 754 3160 προςέτι
799 3083 900 3146 καὶ
944 3081 1023 3144 τὰ
1067 3081 1262 3146 δόξαν
1308 3081 1613 3160 ἐςχηκότα
1660 3082 2043 3159 ςυνδέςμων,
2091 3079 2171 3144 οὐ
2215 3081 2338 3160 μὴν
2370 3080 2549 3162 ὄντα,
2594 3081 2735 3146 τίνα
2764 3100 2832 3145 τε
2864 3080 3081 3145 αὐτῶν

489 3184 823 3260 ἑγκλίςεως
878 3184 1063 3262 ἔτυχε
1110 3183 1207 3247 καὶ
1254 3184 1394 3248 τίνα
1439 3181 1539 3246 οὔ.
1616 3183 1718 3246 καὶ
1762 3182 1950 3246 ἕνεκά
2001 3202 2071 3258 γε
2116 3187 2247 3246 τῶν
2292 3182 2613 3246 τοιούτων
2659 3184 3082 3261 παραδόςεων

487 3284 851 3362 ἀναγκαίως
897 3283 985 3350 εἰς
1032 3286 1329 3363 ςχολικὴν
1389 3281 1731 3363 ἀντιβολὴν
1792 3284 2199 3362 κατέςτημεν,
2256 3283 2668 3363 ἐκλεγόμενοι
2723 3284 2883 3365 παρ’
2939 3283 3079 3349 ἑκά·
3116 3296 3183 3343 20

627 3537 848 3592 Anum.
922 3542 943 3590 1
985 3536 1306 3591 Exordium.
1370 3535 1476 3600 Qui
1513 3537 1682 3589 antea
1716 3535 1785 3589 de
1821 3536 1929 3590 hac
1964 3552 2024 3588 re
2062 3535 2507 3605 disputaverunt,
2543 3551 2646 3589 nec
2681 3535 2893 3602 omnia,
2931 3552 3076 3604 quae

481 3623 560 3676 de
610 3638 679 3675 ea
713 3621 820 3676 dici
869 3623 1129 3691 possunt,
1177 3620 1558 3691 protulerunt,
1608 3652 1670 3660 —
1717 3626 1748 3674 9
1785 3624 1845 3674 et
1880 3619 2194 3673 Stoicorum
2231 3619 2473 3673 maxime
2513 3620 2767 3674 doctrina
2799 3620 3073 3677 nituntur.

480 3738 552 3746 -
597 3713 656 3759 19
694 3706 872 3771 Quam
911 3705 1015 3759 etsi
1049 3722 1121 3759 ne
1153 3722 1255 3760 noe
1289 3705 1518 3774 quidem
1543 3704 1933 3775 neglegemus,
1971 3706 2161 3758 tamen
2186 3706 2379 3758 nostro
2406 3703 2584 3759 Marte
2611 3721 2729 3759 rem
2766 3705 2949 3759 denuo
2987 3721 3074 3771 ea,

478 3807 604 3860 qua
636 3807 739 3859 par
774 3794 885 3853 est,
921 3790 1324 3859 perspicuitate
1361 3787 1782 3844 illustrabimuS.

625 4026 805 4080 D1scn.
845 4046 1041 4081 sempr.
1125 4033 1166 4084 1.
1203 4026 1339 4080 Post
1372 4025 1633 4079 ultimam
1670 4028 1921 4094 syntaxis
1956 4043 2176 4093 vocem,
2214 4027 2418 4095 exigno
2456 4027 2638 4095 spatio
2673 4027 2896 4092 reliam,
2932 4027 3072 4082 haee

465 4113 576 4167 esf,
611 4111 668 4164 in
696 4114 738 4167 Α
775 4111 870 4166 fol.
896 4119 961 4167 93
987 4129 1028 4170 r.
1067 4112 1381 4179 inscriptio:
1429 4112 1577 4175 ΤΟΥ
1625 4113 1871 4167 ΑΥΤΟΥ
1909 4113 2374 4167 ΑΠΟΛΛΩΝΙΟΥ
2417 4111 2575 4166 ΠΕΡΙ
2618 4111 3069 4170 ΕΥΝΔΕΕΜΩΝ.

463 4199 557 4253 Et
593 4198 732 4251 haec
769 4199 829 4250 et
862 4214 1008 4266 quae
1046 4199 1360 4264 sequuntur
1393 4214 1569 4265 usque
1607 4198 1679 4250 ad
1715 4215 1771 4266 p.
1810 4203 1934 4262 214,
1973 4203 2006 4250 4
2050 4213 2276 4263 γραμμα
2319 4212 2428 4249 non
2467 4212 2535 4249 ea
2570 4212 2737 4249 manu
2773 4212 2886 4265 qua
2920 4197 3072 4251 totus

455 4286 600 4339 sere
640 4281 839 4347 codex,
879 4282 974 4337 sed
1013 4298 1103 4347 ea,
1141 4298 1286 4350 quae
1323 4284 1539 4351 septem
1575 4281 1761 4351 prima
1794 4282 2044 4350 syntaxis
2081 4281 2217 4335 folia
2253 4280 2384 4347 (vid.
2412 4279 2650 4335 Bekker.
2685 4281 2756 4334 ad
2780 4282 2923 4349 syniz.
2950 4286 3069 4348 348)

452 4366 722 4435 scripsit,
750 4376 980 4421 exarata
1004 4383 1127 4420 esse
1154 4366 1417 4420 videntur
1446 4369 1453 4434 Ι
1485 4373 1532 4422 9.
1562 4367 1829 4436 Ormizda]
1857 4366 1937 4419 fol
1978 4373 2042 4420 92
2064 4384 2113 4420 ν.
2146 4368 2154 4432 Ι
2194 4373 2266 4418 11.
2294 4367 2412 4419 ἔςτι
2434 4370 2576 4428 γοῦν
2602 4365 2663 4431 b,
2691 4366 2841 4420 ἐςτιν
2865 4384 2968 4421 ουν
2989 4369 3030 4420 Α
3055 4372 3062 4434 1

447 4454 630 4508 inter
675 4467 901 4518 τηρηςις
948 4452 1008 4506 et
1051 4455 1421 4518 κατορθουται
1469 4466 1633 4505 voces
1677 4451 1783 4505 hoc
1830 4453 2053 4519 signum
2099 4451 2156 4504 in
2201 4466 2376 4519 marg.
2415 4451 2457 4504 Α
2497 4449 2839 4518 adscriptum
2877 4451 2963 4504 est
2999 4441 3047 4505 V
3052 4487 3067 4507 ‚

447 4541 500 4592 b
553 4536 815 4588 lacunam
854 4534 1147 4601 indicavit,
1187 4551 1354 4604 quam
1393 4534 1626 4605 EEgger
1661 4536 1738 4589 sie
1774 4535 2025 4603 explevit
2058 4536 2165 4599 <δι’
2200 4534 2308 4602 ἦς>
2360 4539 2368 4597 Ι
2423 4540 2501 4588 15.
2542 4535 2672 4588 ante
2709 4539 2877 4590 παλιν
2912 4534 3067 4588 laeu-

445 4638 614 4679 nam
651 4636 747 4672 sex
783 4621 1075 4689 septemve
1111 4621 1426 4674 litterarum
1464 4636 1581 4674 esse
1618 4620 1758 4673 dicit
1791 4620 2054 4690 EEgger,
2093 4619 2244 4688 quod
2279 4635 2390 4672 non
2428 4618 2560 4673 satis
2596 4622 2817 4673 constat
2867 4625 2876 4683 1
2929 4620 3066 4674 ὑπο-

441 4705 903 4770 διαςταλήςεται
939 4720 1043 4773 pro
1078 4706 1526 4771 ὑποςταλήςεται
1562 4704 1797 4774 EEgger
1860 4710 1869 4770 1
1940 4712 2013 4762 16.
2051 4706 2567 4770 ςυνεμπεπτωκότα
2602 4703 2962 4758 RSehneider
2998 4720 3068 4758 ex

443 4799 500 4851 Α
525 4834 542 4859 ,
589 4789 689 4859 qui
725 4807 1245 4858 ςυνεμπεπτοκωτα
1267 4790 1465 4856 habet,
1501 4790 1920 4856 ἐμπεπτωκότα
1944 4790 1979 4843 b
2012 4791 2020 4857 Ι
2056 4796 2131 4842 19.
2160 4793 2474 4857 εγκληςεως
2503 4791 2544 4842 Α
2575 4792 2585 4858 Ι
2617 4795 2698 4844 20.
2724 4790 3068 4857 κατέςτημεν

438 4882 487 4935 b
511 4920 530 4947 ‚
586 4892 1002 4944 κατεςτηςαμεν
1039 4880 1083 4932 Α
