3738 5530
412 620 462 660 15

411 1439 464 1480 ²5

422 2978 473 3017 10

1412 389 1717 451 TIIOAPA
1753 396 2204 450 ADVERBIVM
2977 392 3099 458 139

512 604 802 680 κλητικῆς
848 602 918 666 δὲ
963 605 1072 680 τῆς
1117 602 1471 680 δυναμένης
1517 602 1617 666 καὶ
1662 602 1750 666 εἰς
1795 607 1838 666 ἃ
1882 604 2078 681 λῆξαι,
2126 602 2216 666 ὡς
2262 602 2580 668 ἀνάπαλιν
2615 602 2949 685 <οἰ>κείως
2994 602 3100 667 ἐπὶ

511 708 627 769 τοῦ
683 704 883 780 γάλαξ
937 705 1013 769 τὸ
1067 691 1103 768 Ξ
1157 703 1546 784 ἀπέβαλλεν,
1615 704 1965 784 ἀνεφίκτου
2023 704 2211 783 οὔςης
2268 709 2379 783 τῆς
2433 705 2521 769 εἰς
2573 692 2608 771 Ξ
2682 704 3097 783 καταλήξεως,

512 808 650 872 ἐπεὶ
694 806 890 872 οὐδὲν
937 806 1281 884 οὐδέτερον
1328 804 1413 870 εἰς
1458 808 1729 871 διπλοῦν
1776 806 1972 884 λήγει.
2020 844 2100 854 --
2153 805 2422 885 ἄπειρος
2465 806 2503 886 ἢ
2551 797 2637 872 εἷς
2679 808 2757 871 τὸ
2799 811 3098 871 τοιοῦτον

512 908 871 987 παράθεςις.
950 908 1100 974 ὅθεν
1146 909 1478 987 χωρητέον
1524 908 1624 972 καὶ
1666 908 1772 972 ἐπὶ
1812 909 1929 973 τὸν
1973 908 2397 990 προκείμενον
2442 908 2660 985 λόγον.

683 1011 773 1075 Τὸ
819 1012 897 1089 δὴ
945 1009 1196 1090 ὑπόδρα
1242 1009 1507 1075 δύναται
1552 1011 1665 1090 μὲν
1711 1011 1811 1075 καὶ
1854 1011 2012 1075 κατὰ
2063 1012 2251 1091 φύςιν
2297 1009 2384 1076 εἰς
2429 1016 2471 1077 ἆ
2525 1011 2774 1094 λήγειν,
2834 1010 3098 1076 δύναται

513 1114 585 1177 δὲ
631 1113 730 1178 καὶ
773 1112 916 1177 κατ’
960 1113 1249 1190 ἔλλειψιν
1293 1116 1411 1177 τοῦ
1465 1100 1497 1180 ἒ
1541 1112 1871 1192 ἐξενεχθὲν
1922 1113 2101 1179 τάςιν
2147 1113 2475 1191 ἀνάλογον
2533 1112 2971 1192 ἀναδεδέχθαι.
3019 1149 3101 1159 -

515 1216 767 1281 ἐντελὲς
811 1215 926 1292 μὲν
973 1213 1090 1279 οὖν
1138 1214 1304 1279 ἑςτὶν
1348 1214 1420 1279 ἐν
1464 1220 1539 1298 τῇ
1601 1214 1913 1299 ληγούςῃ,
1969 1214 2025 1279 εἰ
2066 1220 2217 1297 τῇδε
2262 1214 2357 1294 εἴη
2404 1215 2949 1294 ἑςχηματιςμένον.
3024 1216 3100 1280 τὸ

514 1321 647 1397 δρῶ
692 1315 969 1396 ςημαίνει
1015 1315 1114 1380 καὶ
1156 1317 1231 1380 τὸ
1278 1315 1448 1400 ὁρῶ,
1507 1316 1632 1398 ἀφ’
1677 1316 1756 1382 οὗ
1802 1317 1904 1382 καὶ
1946 1319 2022 1381 τὸ
2069 1317 2461 1396 δρωπάζειν,
2520 1319 2618 1382 καὶ
2660 1318 2737 1382 τὸ
2783 1316 3101 1397 δραπέτης

516 1419 554 1485 ὁ
607 1420 977 1500 ἐπιβλέπων
1032 1419 1186 1482 τοὺς
1243 1418 1576 1483 δεςπότας.
1662 1420 1765 1483 καὶ
1820 1420 2020 1500 ςαφὲς
2077 1416 2175 1482 ὅτι
2230 1419 2489 1495 ἐγένετο
2552 1419 2866 1499 ἐπίρρημα
2923 1418 3008 1483 εἰς
3059 1424 3103 1483 ἇ

514 1522 1028 1601 περατούμενον,
1077 1519 1308 1599 ὅμοιον
1352 1527 1444 1604 τῷ
1489 1519 1663 1586 ἀντῶ
1710 1519 1906 1603 ἄντα,
1951 1521 2165 1601 ήρεμῶ
2210 1521 2440 1601 ἠρέμα·
2496 1521 2623 1602 ἀφ’
2669 1519 2749 1586 οὗ
2796 1522 3100 1586 ςύνθετον

513 1625 589 1689 τὸ
634 1622 904 1701 ὑπόδρα.
952 1660 1029 1670 -—
1088 1623 1355 1688 δύναται
1399 1624 1470 1688 δὲ
1516 1625 1617 1687 καὶ
1659 1623 1833 1702 παρὰ
1877 1624 1953 1688 τὸ
2008 1621 2145 1703 ὁρῶ
2201 1620 2366 1688 εἶναι
2409 1623 2486 1688 τὸ
2543 1622 2904 1688 ἀκόλουθον
2961 1621 3105 1704 ὅρα,

514 1726 733 1791 καθότι
778 1724 1043 1800 εἴπομεν
1087 1725 1189 1789 καὶ
1231 1731 1322 1809 τῷ
1368 1723 1544 1790 ἀντῶ
1590 1722 1753 1790 ἄντα
1796 1728 2230 1805 παρακεῑςθαι,
2276 1730 2427 1801 ςιγῶ
2473 1728 2632 1800 ςῑγα.
2710 1725 2747 1789 ὃ
2794 1726 2870 1804 δὴ
2915 1727 3104 1789 πλεο-

517 1827 716 1893 νάςαν
761 1832 852 1911 τῷ
905 1814 942 1892 δ
1011 1827 1271 1904 ἐγένετο
1328 1826 1611 1910 ὑπόδρα,
1667 1828 1884 1893 καθότι
1941 1828 2045 1893 καὶ
2088 1828 2159 1893 ἐν
2202 1833 2295 1911 τῷ
2345 1827 2493 1904 μίγα
2538 1828 2611 1894 τὸ
2658 1825 2871 1906 μίγδα,
2932 1826 2969 1890 ὃ
3027 1826 3103 1904 δὴ

516 1929 710 1994 πάλιν
754 1929 1092 2009 παρέκειτο
1140 1928 1364 2009 ῥήματι
1407 1935 1498 2012 τῷ
1543 1928 1770 2010 μίςγω·
1831 1932 1943 2008 τῆς
1987 1933 2382 2011 ςυναλοιφῆς
2427 1928 2869 2007 Ἰωνικωτέρας
2921 1947 3104 2003 γενο-

518 2033 731 2113 μένης,
774 2031 991 2095 καθότι
1034 2033 1138 2096 καὶ
1182 2031 1286 2096 ἐπὶ
1330 2034 1445 2095 τοῦ
1492 2031 1876 2110 ἀπηλιώτης.
1910 2067 1991 2077 —-
2036 2031 2214 2096 Ἀλλ’
2258 2029 2310 2096 εἰ
2353 2032 2454 2095 καὶ
2493 2029 2623 2095 ἀπὸ
2664 2035 2782 2095 τοῦ
2820 2028 3107 2107 ὑποδράξ

517 2131 648 2215 εἴη,
717 2131 879 2212 ὅπερ
932 2131 1126 2198 πάλιν
1180 2139 1272 2217 τῷ
1338 2132 1542 2213 δέρκω
1597 2133 2002 2217 παράκειται,
2071 2133 2161 2197 ὡς
2219 2133 2287 2198 ἐν
2347 2136 2484 2198 τοῖς
2541 2132 2681 2210 ἑξῆς
2748 2131 3106 2214 δεδείξεται,

519 2234 783 2299 δύναιτο
852 2233 963 2312 ἄν,
1027 2235 1237 2298 καθὼς
1296 2234 1729 2315 ἐπεδείξαμεν,
1797 2236 1901 2300 καὶ
1964 2234 2035 2300 ἐν
2106 2235 2400 2318 ἀποβολῇ
2465 2239 2582 2300 τοῦ
2648 2220 2686 2301 ἕ
2752 2233 3107 2312 γενόμενον

521 2338 779 2417 βαρεῖαν
823 2336 999 2402 τάςιν
1049 2336 1480 2402 ἀναδέξαςθαι.
1554 2341 1814 2415 πρῶτον
1859 2337 1974 2416 μὲν
2031 2336 2155 2415 γὰρ
2200 2335 2318 2401 οὐκ
2363 2337 2713 2416 ἀνέφικτον
2758 2337 2833 2401 τὸ
2878 2335 3106 2416 πάθος,

521 2439 661 2503 ἐπει
706 2437 920 2504 οἷόντε
965 2459 1067 2503 και
1111 2437 1197 2503 εἰς
1243 2443 1284 2503 ἃ
1341 2440 1555 2517 λήγειν
1602 2439 2013 2520 ἐπιρρήματα.
2089 2438 2242 2504 ἀλλ’
2279 2440 2436 2504 ἐπεὶ
2476 2441 2557 2504 τὰ
2603 2428 2690 2503 εις
2735 2442 2776 2501 ᾶ
2827 2436 3108 2514 λήγοντα

521 2537 878 2619 ὀξυνόμενα
922 2539 1268 2607 ὑποπίπτει
1327 2542 1545 2618 λόγοις
1588 2541 1941 2617 τοιούτοις,
2002 2541 2328 2620 ςυνέχουςι
2382 2542 2499 2619 τὴν
2556 2540 2829 2619 ὀξύτητα
2882 2542 2999 2603 τοῦ
3044 2541 3106 2618 ἃ,

520 2643 728 2705 καθὼς
774 2641 846 2707 ἐν
889 2645 1026 2707 τοῖς
1072 2642 1213 2721 ἑξῆς
1258 2642 1594 2723 εἰρήςεται,
1656 2640 1745 2706 ὡς
1789 2643 1869 2707 τὰ
1926 2644 2041 2721 μὲν
2087 2642 2175 2708 εἰς
2229 2631 2312 2708 δα
2353 2642 2780 2722 παρακείμενα
2838 2643 2976 2705 τοῖς
3021 2639 3109 2704 εἰς

520 2749 638 2809 δον
684 2743 1001 2822 ὀξύνεται,
1047 2743 1126 2810 τά
1168 2764 1236 2810 τε
1283 2743 1764 2825 ὁμοφωνοῦντα
1804 2744 2184 2829 ὸνομαςτικῇ
2217 2748 2601 2829 πληθυντικῇ
2633 2743 2965 2827 οὐδετέρᾳ,
3008 2741 3110 2807 καὶ

521 2846 608 2910 ὥς
652 2866 794 2912 τινα
837 2853 971 2911 τῶν
1017 2846 1105 2912 εἰς
1159 2854 1266 2912 θα·
1310 2848 1389 2912 τὰ
1444 2847 1566 2928 γὰρ
1623 2850 1702 2928 μὴ
1763 2848 1975 2913 οὕτως
2031 2848 2268 2926 ἔχοντα
2313 2849 2383 2912 ἐν
2442 2846 2662 2931 βαρείᾳ
2712 2847 2883 2911 τὰςει
2940 2843 3107 2921 εἰςίν,

529 2947 743 3028 ὥςπερ
787 2950 864 3013 τὸ
910 2948 1107 3033 αἶψα,
1153 2951 1228 3015 τὸ
1275 2949 1465 3032 τάχα,
1513 2948 1746 3033 ῥίμφα,
1792 2949 1999 3031 ὄφρα·
2043 2952 2245 3028 δῆλον
2293 2950 2383 3014 ὡς
2428 2949 2531 3013 καὶ
2572 2950 2648 3013 τὸ
2694 2947 2975 3026 ὑπόδρα,
3029 2945 3109 3012 οὐ

659 3151 874 3208 Anava.
947 3157 978 3204 5
1015 3150 1126 3205 Sed
1161 3151 1395 3206 fortasse
1432 3168 1543 3205 non
1580 3152 1665 3206 est
1699 3151 2079 3206 decurtatum:
2115 3152 2307 3221 potest
2340 3150 2490 3204 enim
2527 3166 2596 3204 ex
2620 3152 2736 3218 δρῶ
2760 3173 2827 3195 ·-—-
2850 3148 3113 3216 δέρκομαι

524 3236 708 3289 ortum
749 3251 894 3302 esse,
931 3267 996 3276 -—
1036 3242 1096 3290 11
1135 3236 1228 3291 vel
1264 3252 1333 3291 ex
1367 3238 1470 3291 ὑπ-
1506 3238 1637 3306 ὅρα,
1675 3243 1717 3291 ἧ
1753 3237 1938 3291 ionico
1974 3252 2128 3291 more
2163 3251 2275 3290 non
2311 3237 2545 3292 mutata.

660 3422 887 3481 Tne-nu.
949 3430 976 3477 7
1004 3423 1186 3483 Schol.
1212 3424 1257 3477 B
1283 3425 1357 3477 ad
1380 3423 1430 3476 A
1458 3429 1554 3478 148
1579 3420 1610 3479 ὁ
1635 3421 1743 3492 μὲν
1763 3418 2178 3489 Ἀπολλόδωρος
2197 3417 2580 3490 (Ἀπολλώνιος
2607 3438 2707 3476 scr.
2734 3421 2981 3488 ALentz)
3008 3416 3114 3474 δύο

525 3504 677 3576 λέγει
714 3507 1083 3581 παραγωγάς,
1124 3504 1177 3573 [ὃ
1214 3508 1278 3565 δὲ
1307 3505 1669 3578 Ἡρωδιανὸς
1704 3511 1872 3609 μίαν]
1913 3505 1987 3572 ὥς
2024 3504 2138 3564 ἀπὸ
2174 3502 2645 3580 περισπωμένων,
2685 3524 2886 3568 ουτως·
2927 3523 3112 3572 ωσπερ

526 3591 634 3664 γὰρ
673 3591 789 3650 α’πὸ
825 3597 928 3651 τοῦ
964 3591 1153 3663 ἠρεμῶ
1190 3597 1407 3663 γίνεται
1448 3591 1636 3664 ἠρέμα
1681 3594 1779 3648 καὶ
1818 3590 1933 3648 ἀπὸ
1971 3595 2074 3648 τοῦ
2111 3593 2248 3661 σιγῶ
2288 3599 2448 3661 σῖγα,
2485 3635 2497 3648 .
2539 3635 2550 3647 .
2590 3586 2739 3648 οὕτω
2775 3591 2874 3645 καὶ
2914 3586 2974 3644 ἐκ
3011 3592 3112 3644 τοῦ

524 3675 637 3748 ὁρῶ
682 3682 778 3735 καὶ
826 3682 931 3750 τῆς
975 3678 1090 3735 ὑπό
1126 3678 1456 3745 προθέσεως
1492 3682 1713 3756 γίνεται
1751 3676 1968 3747 ὑπόρα,
2016 3679 2114 3733 καὶ
2159 3680 2497 3749 πλεονασμῷ
2545 3680 2649 3732 τοῦ
2685 3682 2721 3732 δ
2756 3673 3011 3743 ὑπόδρα,
3048 3672 3113 3731 τὸ

522 3760 884 3834 ὑφορᾶσθαι.
963 3763 1082 3820 ἔστι
1120 3763 1186 3820 δὲ
1223 3765 1322 3820 καὶ
1361 3760 1569 3828 ἄλλως·
1618 3764 1736 3819 ἔστι
1773 3760 1883 3834 γὰρ
1931 3765 2073 3832 δρῶ,
2118 3766 2217 3816 καὶ
2267 3767 2538 3832 σημαίνει
2582 3760 2645 3817 τὸ
2684 3762 2898 3833 βλέπω,
2950 3759 3007 3830 ἐξ
3047 3752 3114 3818 οὑ

523 3851 621 3904 καὶ
671 3851 871 3918 δρᾶσις
917 3870 1017 3904 και
1069 3850 1261 3920 δρᾶμα
1302 3895 1312 3905 .
1352 3846 1414 3905 ἐκ
1450 3848 1554 3905 τοῦ
1603 3842 1709 3904 οὖν
1745 3851 1862 3918 δρῶ
1899 3850 2144 3946 γίνεται,
2164 3849 2301 3916 δρᾶ,
2348 3849 2448 3902 καὶ
2495 3867 2640 3918 μετα
2685 3851 2788 3917 τῆς
2824 3842 2942 3904 ὑπό
2975 3868 3112 3918 προ

523 3928 743 3997 θέσεως
782 3930 1035 4001 ὑπόδρα,
1081 3930 1145 3989 τό
1184 3926 1563 4004 ὑποβλέπειν·
1609 3935 1708 3989 καὶ
1748 3927 2038 4003 δραπέτης
2076 3921 2182 3988 οὖν
2221 3928 2282 3999 ἐξ
2319 3930 2500 3988 αὑτοῦ
2538 3972 2550 3986 .
2591 3927 2620 3988 ὁ
2660 3931 2726 3988 δὲ
2753 3927 3114 4000 Ἡρωδιανὸς

524 4025 637 4074 κτλ.
676 4069 687 4080 ,
729 4063 741 4074 .
782 4018 846 4074 τὸ
904 4017 971 4075 δὲ
1025 4014 1289 4089 ὑποδράξ
1347 4013 1649 4090 ἄποβαλὸν
1703 4014 1766 4075 τὸ
1815 4018 2129 4088 σύμφωνον
2175 4018 2487 4091 ἀνεβίβασε
2533 4013 2634 4072 τὸν
2675 4012 2871 4078 τόνον,
2929 4008 3114 4082 ὥσπερ

524 4099 778 4174 ἄνυστής
814 4097 1056 4173 ἇνύτης,
1096 4103 1410 4174 δεσποστής
1450 4100 1735 4173 δεσπότης
1773 4110 1890 4158 κτλ.
1950 4104 2032 4160 Cf.
2067 4104 2170 4174 Ep.
2206 4104 2372 4160 Hom.
2409 4108 2525 4169 420,
2564 4108 2611 4157 8.
2670 4102 2757 4156 Et.
2795 4101 2870 4155 M.
2907 4107 3022 4166 781,
3049 4106 3114 4155 47

526 4191 645 4258 (ubi
671 4190 871 4244 eodem
896 4189 1064 4243 modo
1083 4181 1453 4251 Ἀπολλώνιος
1478 4205 1681 4243 nomen
1702 4191 2052 4257 corruptum3
2084 4191 2382 4258 praeterea
2398 4203 2501 4258 pro
2528 4184 2641 4241 ἀπὸ
2669 4178 3116 4256 περισπωμένων

523 4274 739 4345 legitur
773 4270 888 4328 ἀπὸ
924 4266 1380 4344 παρακειμένου,
1418 4273 1569 4343 quod
1604 4272 1776 4328 Lentz
1800 4273 2005 4332 Herod.
2034 4274 2085 4328 ΙΙ
2115 4279 2207 4328 191
2246 4274 2325 4329 sic
2361 4273 2604 4327 correxit
2639 4266 2669 4328 ὁ
2708 4269 2813 4341 μὲν
2844 4267 3109 4326 Ἀπολλώ-

527 4362 687 4428 νιος).
758 4358 846 4413 Et.
883 4356 1027 4414 Gud.
1064 4363 1187 4427 544,
1234 4364 1309 4413 ιιι.
1352 4388 1411 4398 -
1451 4358 1530 4416 Cf.
1572 4358 1655 4415 Et.
1697 4358 1787 4416 Or.
1825 4364 1917 4426 47,
1956 4364 2037 4413 20.
2107 4357 2192 4413 Et.
2231 4358 2309 4420 Μ,
2345 4364 2471 4424 285,
2509 4364 2590 4413 40.
2629 4362 2755 4423 287,
2792 4364 2839 4413 6.

658 4544 842 4600 stcn.
888 4563 1081 4602 somn.
1159 4552 1204 4600 1.
1240 4545 1548 4616 <οί>κείως
1582 4547 1647 4612 b,
1702 4547 1737 4612 ἡ
1789 4547 1979 4602 εὐθεῖα
2026 4545 2269 4601 coniecit
2302 4545 2581 4601 GDronke
2646 4549 2656 4609 1
2719 4549 2767 4596 2.
2805 4543 3115 4610 ἀνεφίκτου

526 4632 694 4699 οὔςης
732 4629 1037 4698 GDronke,
1076 4632 1384 4697 ἀνέφικτος
1420 4631 1557 4686 οὖςα
1594 4632 1686 4686 Ab
1733 4634 1743 4700 1
1799 4637 1876 4687 12.
1914 4636 1999 4699 τῷ
2038 4629 2315 4687 GDronke
2354 4629 2826 4694 GFSohoomann,
2863 4627 2932 4680 τὸ
2971 4627 3064 4681 Ab
3105 4628 3112 4696 Ι

526 4722 604 4774 13.
640 4721 726 4782 τῷ
760 4706 895 4784 Kb,
933 4732 1002 4770 το
1039 4719 1069 4771 δ
1106 4720 1148 4772 Α
1179 4722 1190 4777 Ι
1224 4722 1304 4771 14.
1339 4717 1545 4784 ῥήματι
1581 4723 1665 4785 τῷ
1702 4717 1767 4784 b,
1804 4733 1889 4771 τω
1926 4733 2134 4785 ρηματι
2167 4734 2237 4771 το
2274 4719 2317 4772 Α
2358 4726 2368 4778 Ι
2408 4718 2744 4782 ςυναλειφης
2782 4715 2825 4768 Α
2862 4714 2871 4782 Ι
2910 4717 2987 4766 16.
3028 4718 3113 4779 τῷ

524 4800 592 4868 b,
629 4817 697 4855 το
734 4801 777 4854 Α
810 4805 819 4867 Ι
852 4806 930 4856 17.
966 4804 1194 4856 δυναιτο
1230 4817 1300 4856 αν
1336 4800 1397 4853 in
1433 4817 1628 4855 rasura
1663 4803 1706 4856 Α
1743 4804 1753 4869 Ι
1797 4809 1883 4862 20.Δ
1917 4818 2238 4871 ςυνεχουςιν
2273 4803 2316 4856 Α
2357 4805 2367 4868 Ι
2405 4807 2488 4854 22.
2527 4800 2660 4868 eleg.
2700 4797 2927 4851 videtur
2958 4797 3116 4852 οὐδε·

526 4886 686 4956 τέρᾳ’
721 4885 759 4938 b
795 4883 852 4937 in
891 4902 1003 4940 var.
1043 4885 1193 4951 lect„
1231 4886 1503 4954 οὐδέτερα
1538 4886 1611 4944 id.
1648 4886 1708 4940 in
1742 4887 1906 4941 textu
1931 4890 1974 4943 Α
2007 4889 2016 4955 Ι
2046 4893 2125 4944 23.
2154 4903 2340 4943 ουτως
2364 4901 2534 4955 supra.
2554 4885 2650 4939 lin.
2688 4883 2799 4938 alio
2825 4884 3021 4938 atram.
3050 4886 3117 4939 Αἲ

3143 1530 3207 1579 10

3151 2038 3209 2087 15

3144 2546 3209 2592 20
