3738 5530
694 348 820 413 126
896 348 1340 404 Commentarius
1370 348 1596 403 criticus
1625 351 1684 402 et
1711 348 2033 416 exegeticus
2061 347 2121 401 in
2148 346 2438 418 Apollonii
2465 346 2695 416 Dyscoli
2725 347 2939 416 scripta
2964 346 3196 401 minora.

874 519 1077 595 102,ss
1127 518 1337 593 κτῆειν
1385 512 1816 595 εημαίνουεαι]
1866 506 2078 591 κτῆειν
2116 512 2542 591 εημαίνουεαν
2579 515 2859 595 Egenolff
2888 516 2920 575 I
2949 518 3110 592 8413
3154 516 3318 575 idem

690 608 971 668 Hoersch.
1011 610 1139 667 374
1187 602 1364 667 ‘deun
1412 603 1564 682 ἐμό(
1609 607 1760 668 wird
1805 606 1973 666 nicht
2017 606 2196 683 daun,
2244 626 2415 666 wenn
2454 625 2515 665 es
2551 609 2851 684 possessiv
2886 608 2986 680 ist,
3029 607 3094 665 in
3140 606 3317 664 einen

690 696 943 758 Genetiv
987 696 1369 773 verwandelt,
1415 697 1670 757 sondern
1715 699 1926 756 immer
1970 697 2034 755 in
2081 698 2255 756 einen
2298 699 2670 777 possessiven
2718 690 3012 755 Genetiv’.
3088 694 3317 766 Quibus

692 790 997 848 assentior.

875 879 1122 952 102,11
1164 872 1566 955 προείρηται]
1605 896 1771 953 pron.
1815 878 2009 952 92‚4;
2053 877 2125 936 cf.
2157 878 2310 952 synt.
2347 878 2616 952 181,27.
2661 877 2808 951 183,
2832 877 2911 936 17
2935 894 3050 955 sq.;
3092 874 3314 934 Herod.

689 966 721 1025 Ι
768 968 917 1042 478,
938 970 1038 1027 22.

866 1058 948 1116 In
980 1059 1330 1131 possessivis
1376 1058 1577 1116 tertiae
1610 1073 1770 1129 pers.
1798 1057 2146 1131 plerumnque
2193 1059 2245 1116 et
2278 1059 2635 1131 possessoris
2672 1060 2726 1115 et
2749 1057 3011 1133 possessi
3050 1072 3319 1129 persona

691 1149 860 1206 tertia
898 1150 1010 1218 est,·
1053 1147 1156 1206 sed
1198 1149 1266 1205 in
1298 1148 1650 1221 possessivis
1693 1163 1798 1204 nec
1831 1148 2070 1220 primae
2103 1163 2209 1204 nec
2252 1147 2541 1205 secundae
2576 1162 2917 1220 possessum
2961 1162 3186 1219 semper
3231 1148 3321 1203 est

690 1238 924 1308 tert-iae·
965 1239 1034 1295 in
1066 1238 1273 1310 prima
1310 1238 1462 1295 enim
1488 1238 1678 1310 potest
1713 1237 1887 1293 etiam
1922 1237 2210 1295 seomidae
2246 1253 2385 1304 esse,
2430 1238 2496 1294 in
2532 1236 2791 1294 secunda
2825 1236 3076 1309 primae.
3144 1233 3321 1292 Fieri

681 1330 868 1401 potest
919 1329 1010 1394 ut,
1069 1327 1172 1385 ubi
1214 1342 1520 1399 possessor
1574 1327 1774 1384 tertiae
1829 1328 1936 1393 est,
1987 1342 2327 1399 possessum
2369 1326 2607 1399 primae
2662 1317 2785 1407 (vel
2841 1316 3160 1405 secundae)
3220 1325 3317 1383 sit.

700 1416 816 1475 Ubi
862 1419 913 1474 et
956 1432 1259 1489 possessor
1315 1419 1367 1474 et
1408 1431 1748 1488 possesswm
1803 1418 1887 1473 est
1929 1419 2036 1473 aut
2078 1417 2313 1488 primae
2367 1418 2473 1473 aut
2525 1416 2815 1474 seowzdae
2857 1430 3175 1488 personae,
3230 1414 3323 1472 ibi

680 1506 1026 1579 plerumque
1059 1506 1338 1576 retleoeiva
1376 1505 1562 1563 locum
1596 1504 1808 1562 habent
1845 1498 2156 1580 (ἐμαυτοῦ
2195 1499 2315 1578 εἰμι
2352 1498 2646 1581 οἰκέτης),
2674 1520 2791 1578 pro
2828 1504 3039 1578 quibus
3064 1505 3323 1577 possunt

688 1612 835 1654 sane
877 1595 1149 1653 substitui
1182 1596 1520 1667 possessiva
1567 1588 1750 1670 (ἐμός
1797 1587 1918 1667 εἰμι
1965 1588 2262 1671 οἰκέτης),
2308 1594 2409 1652 sed
2452 1611 2680 1652 necesse
2726 1597 2810 1652 est
2854 1610 2924 1652 ea
2969 1610 3101 1652 cum
3146 1592 3323 1650 verbo

691 1677 859 1744 ‘esse’
909 1688 960 1742 et
1013 1686 1139 1743 sim.
1189 1685 1473 1743 construi:
1533 1678 1685 1756 ἐμὸ(
1741 1685 1895 1741 enim
1949 1679 2185 1757 γράφω
2229 1684 2379 1743 nihil
2425 1687 2509 1743 est
2557 1685 2704 1758 102,
2729 1684 3053 1757 14—103,
3072 1684 3130 1740 4.
3225 1679 3318 1739 Of.

690 1792 856 1850 pron.
902 1774 1271 1848 18,8—13;
1317 1775 1473 1849 synt.
1516 1773 1767 1847 149,18
1799 1790 1885 1849 sq.
1937 1774 2082 1848 258,
2107 1774 2207 1831 26.

874 1864 1022 1936 102,
1044 1864 1125 1921 19
1174 1857 1440 1922 δύναται
1487 1856 1638 1940 γὰρ]
1688 1855 1813 1921 ‘sed
1861 1861 2044 1921 etiam
2089 1864 2303 1921 tertiae
2352 1879 2502 1938 pers.
2550 1864 2870 1938 possessivi
2915 1880 3090 1921 usum
3135 1861 3319 1920 nimis

691 1955 963 2030 angustis
1009 1951 1226 2011 finibus
1273 1951 1857 2027 circumscripsimus,
1904 1970 2043 2011 nam
2090 1971 2136 2011 e.
2179 1971 2231 2027 q.
2271 1945 2369 2027 εἶς
2416 1951 2493 2011 ad
2543 1954 2767 2027 14,13.

873 2043 1020 2116 102,
1042 2042 1123 2099 22
1173 2037 1739 2115 ἀντανακλώμεναι
1771 2066 1855 2088 =
1886 2037 2191 2112 (ύνθετοι,
2237 2040 2531 2100 reflexiva.

873 2133 1018 2207 102,
1042 2132 1121 2190 23
1184 2127 1284 2190 καὶ
1346 2125 1558 2208 αὐταὶ]
1609 2124 2052 2207 ‘praeterquam
2110 2134 2163 2189 si
2221 2133 2354 2207 ipsa
2413 2134 2641 2206 primae
2696 2132 3106 2207 secundaeque
3160 2149 3319 2207 pers.

687 2223 1021 2297 possessiva
1065 2219 1476 2279 reflexivorum
1524 2219 1803 2294 ἐμαυτοῦ
1851 2219 2123 2280 (εαυτοῦ
2169 2222 2298 2279 loco
2344 2215 2751 2296 usurpantur’.

873 2311 1019 2384 103,
1043 2312 1075 2367 1
1128 2304 1594 2388 ἐπιδείκνυμεν]
1633 2328 1799 2385 pron.
1832 2312 1937 2385 47,
1964 2312 2041 2368 11
2065 2328 2181 2386 sq.;
2225 2310 2297 2369 cf.
2337 2313 2492 2386 synt.
2535 2313 2682 2386 152,
2706 2311 2816 2385 233
2865 2306 3321 2381 ἐπεδείκνυμεν

691 2399 973 2460 Hoersch.
1015 2399 1162 2458 376.

872 2490 1017 2565 103,
1040 2491 1078 2547 3
1137 2484 1288 2563 ἐμόε
1344 2483 1608 2567 γράφω]
1657 2490 2050 2548 mutationem
2105 2490 2500 2548 necessariam
2547 2507 2670 2549 esse
2726 2490 2821 2548 vel
2877 2509 2908 2548 e
2963 2489 3321 2565 paraphrasi

690 2582 968 2655 apparet3
1015 2579 1086 2638 cf.
1117 2580 1270 2653 synt.
1308 2579 1453 2653 151,
1475 2579 1511 2637 9
1563 2573 1915 2639 ἀεύετατον
1952 2576 2025 2637 δὲ
2063 2574 2139 2638 τὸ
2176 2578 2503 2639 τοιοῦτον·
2572 2574 2752 2653 ἐμὸς
2791 2574 3095 2653 θεράπων
3131 2573 3316 2652 γρά-

693 2685 829 2744 φω.
909 2665 1064 2728 δέον
1110 2664 1233 2741 γὰρ
1281 2663 1545 2743 γράφει,
1604 2661 1736 2739 εἴγε
1782 2663 1946 2742 πρὸ(
1992 2664 2110 2741 τὴν
2157 2663 2650 2743 ὑπακουομένην
2695 2664 2914 2743 τρίτου
2962 2664 3317 2742 προεώπου

696 2754 953 2819 εὐθεῖαν
1001 2753 1324 2832 ευντρέχει
1370 2753 1447 2818 τὸ
1495 2751 1665 2831 ῥῆμα
1712 2752 2117 2840 (RSchneider
2160 2757 2254 2816 HI
2301 2750 2478 2840 592).

869 2846 1065 2923 Supra
1111 2849 1444 2924 expositum
1490 2850 1599 2921 est,
1657 2848 1913 2924 possessi
1958 2847 2313 2924 qualitatem
2358 2851 2491 2925 ipso
2537 2850 2870 2924 possessivo
2916 2867 3036 2906 non
3084 2846 3320 2906 definiri

692 2929 868 3019 (102,
893 2929 977 3018 2).
1073 2935 1184 2996 Cui
1225 2954 1345 2995 non
1387 2941 1578 3011 potest
1620 2937 1725 2995 hoc
1769 2940 2008 3011 opponi,
2046 2955 2384 3011 possessum
2429 2940 2684 3013 definiri,
2727 2939 2829 2996 abi
2874 2938 3130 3011 aliquem
3174 2937 3316 2995 allo-

689 3029 953 3100 quimur:
997 3027 1062 3086 id
1100 3029 1251 3085 enim
1284 3031 1352 3085 ut
1385 3029 1510 3098 siat,
1556 3043 1676 3085 non
1713 3027 1894 3099 efficit
1925 3030 2148 3086 namra
2173 3029 2510 3102 possessivi,
2553 3029 2655 3087 sed
2690 3029 2978 3087 seomidae
3004 3043 3313 3100 personae,

690 3133 1045 3190 quamquam
1088 3134 1163 3174 ne
1204 3116 1347 3174 haec
1391 3116 1623 3189 quidem
1665 3119 1823 3175 onmi
1869 3134 1938 3175 ex
1972 3121 2149 3190 parte
2192 3118 2436 3190 definita
2483 3121 2565 3176 est
2614 3118 2761 3192 103,
2783 3118 3018 3176 5—10.

872 3207 1020 3280 103,
1040 3206 1076 3262 6
1127 3204 1250 3263 Ska
1285 3204 1315 3262 I
1354 3206 1455 3263 23.
1527 3205 1715 3264 Miror
1751 3205 2150 3283 Egenolffium
2184 3205 2216 3264 I
2255 3207 2382 3266 839
2421 3208 2682 3282 primum
2718 3206 3053 3283 exemplum
3090 3205 3314 3264 servari

692 3294 859 3353 velle.
942 3292 1262 3363 Quaeritur
1298 3296 1500 3352 utrum
1536 3295 1871 3370 possessiva
1907 3314 2031 3370 per
2076 3313 2175 3371 se,
2221 3296 2458 3355 nomine
2503 3315 2641 3355 non
2688 3296 2938 3371 adiect0‚
2983 3312 3317 3372 possessum

691 3382 979 3442 definiant
1013 3401 1214 3442 necne.
1287 3382 1498 3461 Itaque
1546 3387 1652 3442 aut
1697 3383 1923 3444 παῖδε(
1961 3387 2068 3444 aut
2102 3386 2299 3444 totum
2336 3386 2671 3462 exemplum
2708 3383 3164 3463 expungendum
3210 3388 3317 3442 est.

691 3472 820 3532 Hoc
865 3473 1153 3550 praetuli,
1207 3474 1349 3549 quia
1394 3473 1620 3532 παῖδε(
1667 3469 1807 3547 ἐμοί
1853 3493 1923 3532 ex
1969 3493 2135 3550 pron.
2178 3478 2281 3550 22,
2304 3476 2339 3532 2
2389 3467 2459 3556 (γ
2508 3469 2666 3557 475)
2714 3475 3018 3534 invectum
3062 3473 3314 3534 videtur.

692 3562 808 3621 Sed
868 3564 1050 3622 etiam
1109 3561 1226 3624 τοῦ
1287 3560 1603 3637 κτήματα(
1661 3563 1822 3640 quod
1880 3565 2151 3640 sequitur
2207 3563 2641 3623 emendandum
2696 3566 2816 3623 est:
2875 3563 3102 3640 requiri
3162 3564 3319 3623 enim

693 3651 833 3712 τοῦ
880 3651 1236 3727 κτητικοῦ
1283 3656 1535 3728 apparet
1579 3645 1662 3733 (v.
1707 3645 2035 3734 paraphr.).

878 3744 1023 3816 103,
1046 3743 1081 3798 7
1142 3736 1520 3801 ‘Pronomine
1574 3737 1737 3816 ὅπερ
1798 3743 1888 3800 uti
1944 3743 2098 3802 solet
2151 3745 2360 3801 auctor
2412 3763 2521 3820 pro
2579 3742 3094 3802 coniunctionibus
3148 3737 3317 3801 ὅπου

691 3847 766 3902 γε
812 3832 909 3890 vel
955 3827 1176 3891 καίτοι.
1268 3831 1357 3891 De
1403 3834 1559 3907 synt.
1607 3832 1856 3907 132,32
1910 3826 2239 3911 [128‚11].
2292 3833 2498 3907 320‚7
2552 3827 2897 3912 [325,17]3
2942 3834 3088 3891 item
3135 3849 3319 3908 supra

696 3921 896 3980 102Β
937 3922 974 3979 3
1025 3914 1318 3999 [79‚27]’
1365 3920 1404 3979 b
1449 3923 1513 3979 in
1557 3940 1681 3979 var.
1720 3920 1852 3979 lect.
1938 3919 2103 3990 Quae
2146 3939 2241 3981 res
2288 3940 2424 3980 cum
2470 3921 2547 3980 ad
2593 3923 2926 3999 complures
2975 3922 3137 3981 locos
3183 3940 3316 3997 per-

691 4010 910 4086 tineat,
971 4011 1043 4069 de
1106 4029 1176 4069 ea
1235 4010 1440 4086 paullo
1501 4011 1834 4069 accuratius
1895 4009 2180 4071 disserere
2240 4031 2357 4070 non
2418 4012 2656 4071 videtur
2715 4011 2974 4070 alienum
3035 4029 3181 4070 esse.
3238 4042 3313 4051 --

693 4099 1068 4159 Pronominis
1123 4101 1249 4159 sive
1303 4098 1756 4158 demonstrativi
1813 4092 1880 4181 (a
1937 4120 2054 4176 quo
2110 4102 2397 4160 articulus
2454 4101 2615 4179 apud
2670 4101 2998 4161 Homerum
3052 4120 3171 4160 non
3229 4103 3323 4159 est

691 4181 1118 4270 seiungendus)
1166 4191 1290 4248 sive
1334 4189 1574 4248 relativi
1620 4191 1959 4250 accusativo
2005 4193 2196 4250 neutr.
2234 4192 2324 4250 ita
2360 4190 2438 4249 ad
2475 4209 2547 4249 ea
2591 4208 2744 4267 quae
2790 4190 3156 4267 praecedunt
3199 4207 3319 4248 res-

690 4280 813 4356 pici
849 4281 1066 4356 potest‚
1111 4280 1182 4337 ut
1223 4277 1438 4338 induat
1480 4281 1783 4338 notionem
1832 4274 2021 4340 ‘cujus
2066 4283 2155 4339 rei
2199 4281 2432 4339 ratione
2467 4274 2700 4340 habita'
2748 4275 2885 4338 ‘mit
2920 4280 3122 4358 Bezug
3168 4296 3321 4338 wor-

693 4363 829 4428 auf'
878 4369 973 4428 vel
1019 4362 1307 4442 ‘darauf',
1366 4363 1998 4446 ‘dementsprechend',
2052 4372 2123 4428 ut
2165 4389 2331 4445 pron.
2375 4371 2477 4444 51,
2500 4372 2536 4428 9
2596 4367 2634 4429 ὃ
2684 4366 2966 4441 ευζύγω(
3022 4365 3085 4429 οἱ
3131 4364 3321 4429 αὐτοί

694 4474 848 4534 φαει
906 4459 982 4537 τῇ
1040 4456 1155 4533 μὲν
1212 4453 1382 4527 ἐγών
1435 4455 1554 4532 τὴν
1606 4454 1727 4518 ἱών
1774 4452 1920 4515 ‘und
1977 4458 2540 4535 dementsprechend
2594 4459 2933 4536 behaupten
2994 4452 3320 4518 dieselben'

694 4568 740 4606 e.
771 4568 826 4624 q.
857 4566 930 4623 s.;
976 4548 1109 4606 adv.
1146 4548 1350 4621 179‚5
1399 4543 1561 4622 ὅπερ
1601 4540 1800 4627 (wenn
1848 4566 1989 4606 man
2036 4549 2160 4607 dies
2198 4549 2259 4606 in
2297 4548 2583 4608 Betracht
2628 4549 2804 4624 zieht,
2850 4540 2944 4629 so)
2992 4544 3190 4608 πάλιν
3240 4543 3320 4607 οὐ

692 4637 845 4717 τῇδε
908 4631 1040 4712 εἶχε
1103 4634 1179 4697 τὸ
1243 4634 1668 4711 προκείμενον
1733 4632 2065 4711 ἐπίρρημα.
2144 4636 2219 4695 ib.
2282 4640 2429 4713 195,
2462 4640 2498 4697 5
2563 4633 2726 4711 ὅπερ
2790 4631 2932 4720 (mit
2991 4636 3325 4696 Rucksicht

692 4720 948 4807 worauf)
996 4724 1164 4787 τινὲς
1211 4722 1624 4801 μετέγραψαν
1670 4722 1746 4786 τὸ
1794 4722 2172 4800 οὐρανόθεν.
2236 4727 2314 4785 ib.
2349 4727 2496 4802 205,
2522 4730 2618 4786 12.
2711 4727 2810 4786 Ita
2853 4728 3121 4804 profecto
3169 4726 3321 4785 acci-

692 4816 976 4892 piendum
1031 4819 1122 4876 est
1176 4810 1384 4892 ‘quod'
1439 4819 1502 4874 in
1560 4809 1835 4892 ‘quodsi'.
1930 4815 2061 4874 Iam
2114 4835 2254 4875 vero
2309 4817 2361 4875 si
2416 4835 2486 4875 ea
2533 4835 2684 4893 quae
2730 4816 3096 4894 praecedunt
3141 4834 3323 4875 causa

693 4908 852 4978 sunt,
898 4924 1002 4962 cur
1048 4924 1118 4963 ea
1162 4905 1312 4964 fiant
1356 4925 1509 4983 quae
1556 4908 1903 4982 sequuntur,
1948 4905 2215 4964 nascitur
2258 4908 2424 4966 notio
2472 4900 2908 4984 ‘quapropter’,
2961 4906 3131 4966 cuius
3178 4924 3323 4964 usus

694 4994 1111 5068 antiquissima
1155 4996 1424 5070 exempla
1478 5012 1547 5052 ex
1592 4994 1852 5054 Homero
1908 4998 2165 5072 petimus
2213 4993 2252 5055 Γ
2304 4998 2445 5054 176.
2516 4994 2565 5057 Η
2620 4998 2762 5057 239.
2832 4994 2896 5057 Μ
2948 4998 3003 5054 9.
3073 4992 3119 5056 Ρ
3168 4998 3319 5056 404.
