3738 5530
539 355 982 412 Commentarius
1010 355 1237 412 criticus
1267 357 1326 412 et
1351 354 1672 427 exegeticus
1699 355 1760 410 in
1787 354 2075 427 Apollonii
2102 355 2330 426 Dyscoli
2359 356 2570 427 scripta
2596 356 2828 413 minora.
2907 357 3032 423 137

421 525 718 595 fuerintne
765 526 948 586 etiam
994 526 1116 586 alia
1160 528 1404 585 nomina
1447 526 1512 584 in
1558 543 1695 600 usu,
1749 544 1941 602 neque
1984 525 2164 600 illud,
2218 528 2354 603 quis
2401 521 2715 602 ἐπίρρημα
2771 529 3033 607 appella·
3070 540 3077 545 ·

421 617 644 677 tionem
690 635 843 692 quae
886 618 1098 694 postea
1142 616 1408 676 omnium
1452 633 1563 675 usu
1608 616 1848 692 recepta
1892 616 1984 675 est
2026 616 2334 677 invenerit.
2421 616 2651 677 Stoicos
2696 619 2854 678 certe
2899 636 3034 678 auc-

422 708 579 766 tores
627 705 752 765 eius
797 725 916 765 non
960 705 1141 765 fuisse
1198 725 1266 765 ex
1311 705 1600 764 Prisciani
1645 705 1987 765 testimonio
2044 707 2295 782 apparet
2337 705 2399 765 Π
2449 708 2528 765 16
2577 727 2631 784 p.
2675 707 3036 783 54‚9—-11‚

422 795 581 872 quod
645 795 897 856 fortasse
962 815 1031 855 ex
1087 794 1198 872 Ap.
1255 794 1633 871 desumptum
1695 796 1810 854 est:
1877 788 2039 854 ‘nam
2102 796 2486 872 participium
2549 800 3036 858 connumerantes

422 883 616 944 verbis
673 883 1048 961 participiale
1103 884 1351 944 verbum
1404 884 1701 944 vocabant
1742 884 1838 945 vel
1885 884 2148 959 casuale,
2201 904 2308 944 nec
2361 904 2479 945 non
2526 886 2707 945 etiam
2754 885 3037 947 adverbia

424 973 760 1033 nominibus
807 975 901 1033 vel
946 973 1141 1033 verbis
1186 972 1691 1034 connumerabant
1727 977 1789 1033 et
1825 973 1996 1049 quasi
2044 974 2339 1035 adiectiva
2374 974 2689 1035 verborum
2733 995 2805 1035 ea
2848 977 3037 1036 nomi·

425 1062 652 1123 nabant
694 1064 732 1121 1.
772 1083 818 1122 e.
868 1060 956 1124 ὼ(
1012 1058 1271 1123 ἐπίθετα
1325 1060 1457 1123 τῶν
1504 1057 1848 1138 ῥημάτωνῖ
1950 1063 2113 1133 Quae
2168 1064 2463 1141 quomodo
2518 1064 2643 1125 acci
2686 1065 2864 1125 ienda
2916 1067 3040 1126 sint

426 1153 684 1229 explicat
719 1151 1189 1212 GFSchoemann
1225 1152 1369 1211 Red.
1404 1153 1614 1212 157—
1624 1152 1724 1212 58.
1797 1152 1966 1214 Idem
2001 1169 2197 1231 opusc
2228 1152 2316 1212 IV
2346 1155 2597 1229 228,15
2669 1179 2753 1203 ·=·-
2783 1154 2813 1212 I
2843 1147 3038 1238 8,15)

426 1236 487 1300 ‘a
522 1237 933 1319 philosophis',
979 1244 1193 1319 inquit,
1240 1236 1317 1300 ‘h.
1359 1261 1405 1300 e.
1448 1244 1520 1301 ut
1564 1241 1821 1303 arbitror
1866 1261 1906 1303 a
1942 1241 2177 1319 stoicis,
2223 1243 2504 1304 adverbia
2549 1244 2731 1305 etiam
2777 1246 3037 1323 generali

423 1334 661 1392 nomine
707 1328 1200 1407 κατηγορήματα
1244 1334 1470 1409 pariter
1514 1349 1648 1391 cum
1685 1332 1880 1392 verbis
1927 1333 2234 1410 appellata
2280 1351 2406 1394 esse
2440 1333 2615 1393 docet
2655 1334 2832 1395 schol.
2864 1334 3036 1395 Dion.

430 1422 576 1496 932,
601 1421 679 1480 15
740 1417 870 1498 (καὶ
925 1418 999 1481 τὸ
1058 1415 1370 1496 ἐπίρρημα
1423 1416 1835 1496 κατηγόρημά
1890 1437 2083 1497 φαειν
2138 1416 2200 1483 οἱ
2255 1418 2622 1498 φιλόςοφοι.
2715 1420 2819 1483 καὶ
2875 1418 3037 1498 ὅπερ

429 1505 556 1570 ἐετὶ
601 1507 675 1570 τὸ
724 1504 1018 1570 ἐπίθετον
1065 1505 1274 1585 ὄνομα
1320 1505 1391 1570 ἐν
1438 1510 1573 1571 τοῖς
1620 1505 1887 1584 ὀνόμαει
1926 1557 1938 1571 .
1979 1558 1991 1571 .
2032 1557 2045 1570 .
2092 1510 2288 1572 τοῦτο
2335 1508 2437 1571 καὶ
2482 1509 2559 1572 τὸ
2607 1507 2919 1587 ἐπίρρημα
2967 1508 3038 1575 ἐν

428 1597 564 1660 τοῖς
611 1594 944 1677 ῥήμαεινγ.
1018 1599 1148 1658 Iam
1192 1619 1332 1659 vero
1379 1618 1512 1659 cum
1550 1598 1955 1669 Quintilianus
1992 1603 2244 1660 testetur
2279 1592 2339 1682 (1
2378 1604 2436 1675 4,
2459 1593 2591 1682 20),
2627 1600 3039 1662 Aristarchum

425 1690 489 1748 in
533 1708 777 1748 numero
825 1682 1217 1749 ‘idoneorum'
1265 1691 1574 1749 auctorum
1619 1690 1801 1750 fuisse
1847 1690 1951 1767 qui
1998 1692 2131 1750 octo
2175 1690 2313 1749 illas
2359 1691 2644 1751 orationis
2689 1693 2918 1769 partes,
2976 1692 3039 1750 in

428 1778 641 1855 quibus
705 1778 888 1838 etiam
941 1778 1224 1838 adverbia
1286 1781 1450 1855 sunt,
1515 1779 1884 1839 statuebant:
1946 1778 2085 1839 inde
2148 1778 2224 1837 ab
2279 1779 2613 1840 Aristarchi
2674 1781 3038 1859 temporibus

429 1862 742 1943 ἐπίρρημα
796 1867 1122 1944 appellatio
1177 1887 1288 1927 usu
1331 1870 1571 1945 recepta
1623 1887 1747 1928 esse
1793 1869 2033 1929 videtur
2077 1860 2179 1951 (cf.
2227 1867 2697 1929 GFSchoemann
2743 1870 2885 1930 Red
2940 1874 3037 1930 12.

432 1958 588 2033 163,
632 1957 997 2018 EFr0hwein
1043 1957 1114 2017 de
1162 1956 1457 2017 adverbiis
1503 1960 1729 2035 graecis
1774 1958 1838 2019 in
1885 1957 2045 2018 Ourt.
2096 1956 2261 2018 Stud.
2310 1959 2339 2017 I
2388 1950 2520 2040 68).
2612 1957 2781 2029 Quod
2827 1979 3039 2020 nomen

429 2047 722 2122 quomodo
768 2046 1181 2125 explicandum
1226 2047 1321 2117 sit,
1366 2046 1527 2106 infra
1572 2046 1647 2106 ad
1699 2048 1844 2123 125,
1867 2050 1904 2106 ’7
1952 2049 2285 2125 quaeretur.

611 2137 814 2210 119‚3
862 2135 1063 2215 Egger
1096 2135 1209 2214 Ap.
1251 2138 1379 2196 204
1426 2156 1481 2196 n.
1526 2138 1583 2211 1,
1627 2136 1793 2196 cuius
1840 2136 2174 2197 emendatio
2223 2140 2282 2196 et
2326 2136 2451 2196 h.1.
2490 2141 2552 2197 et
2596 2138 2743 2197 coni.
2786 2140 3038 2213 213,15

429 2225 768 2302 recipienda
812 2227 942 2285 erat
976 2217 1283 2306 (Egenolff
1312 2225 1343 2284 I
1382 2217 1575 2307 841);
1624 2226 1808 2286 etiam
1851 2230 2006 2303 synt.
2042 2228 2242 2302 136‚1
2297 2220 2384 2287 εἰ(
2431 2222 2554 2301 γὰρ
2602 2222 3040 2302 ὑποετολὴν

431 2310 547 2388 τὴν
593 2312 709 2375 τοῦ
746 2309 1059 2386 Αἰολικοῦ,
1106 2314 1209 2374 ubi
1252 2314 1439 2394 Uhlig
1474 2315 1505 2373 I
1546 2316 1626 2374 18
1674 2311 2041 2390 διαετολήν
2087 2316 2342 2393 scripsit,
2388 2316 2640 2377 fortasse
2687 2311 3039 2396 ὑπο<δια>-

433 2400 665 2477 ετολήν
710 2403 1047 2480 ponendum
1093 2407 1196 2463 est.

612 2495 666 2551 1.
714 2492 1014 2568 Definitio,
1059 2494 1225 2553 cuius
1270 2497 1471 2570 partes
1518 2494 1873 2572 singillatim
1918 2499 2336 2571 percensentur
2385 2496 2832 2569 119,5-125‚
2855 2498 2911 2555 6.

605 2582 900 2654 Definitio.
992 2580 1353 2643 Adverbium
1410 2588 1495 2642 est
1539 2602 1694 2658 paaers
1751 2585 2032 2643 orationis
2089 2585 2542 2653 indeclinabilis,
2608 2602 2758 2659 quae
2817 2586 3042 2659 aliqum

419 2672 733 2747 praedicat
782 2673 854 2731 de
906 2672 1076 2731 verbo
1119 2690 1233 2746 per
1284 2673 1483 2733 modos
1538 2676 1794 2747 tempora
1840 2690 2131 2747 personas
2183 2676 2356 2746 flexo,
2414 2677 2502 2734 ita
2546 2675 2776 2747 quidem
2830 2678 2897 2733 ut
2939 2679 3045 2735 aut

431 2779 562 2821 cum
614 2762 879 2821 omnibus
933 2765 1039 2822 aut
1089 2780 1208 2821 non
1262 2779 1393 2822 cum
1445 2762 1710 2822 omnibus
1773 2763 1964 2823 modis
2027 2763 2394 2841 temporibus
2457 2765 2725 2841 personis
2785 2768 3043 2825 construi

420 2853 639 2925 possit,-
683 2868 833 2925 quae
868 2843 932 2932 (i.
963 2870 1012 2911 e.
1049 2852 1274 2911 formae
1311 2851 1475 2911 verbi
1511 2872 1618 2929 per
1651 2851 1856 2913 modos
1898 2855 2169 2930 tempora
2203 2871 2486 2929 personas
2523 2845 2685 2934 flexi)
2724 2856 2780 2913 si
2813 2855 3039 2922 desunt,

431 2941 770 2999 adverbium
795 2957 914 2999 non
939 2941 1183 3015 praebet
1207 2943 1547 3001 sententiam
1571 2943 1814 3016 plenam
1843 2943 1991 3016 119,
2013 2942 2200 3001 5—6.
2251 2941 2337 3001 Cf.
2364 2943 2543 3002 schol.
2563 2942 2757 3001 DThr.
2783 2944 2930 3018 933,
2954 2945 3034 3002 18

431 3024 667 3090 ταύτὸν
704 3024 826 3103 γάρ
866 3025 992 3090 ἐετι
1036 3025 1114 3090 τὸ
1151 3025 1464 3105 ἐπίρρημα
1509 3030 1644 3092 τοῖς
1690 3026 2066 3092 ἐπιθετικοῖ(
2104 3026 2425 3105 ὀνόμαειν.
2491 3028 2570 3093 ὃν
2615 3028 2862 3107 τρόπον
2909 3029 3034 3107 γὰρ

432 3115 512 3177 τὰ
566 3114 824 3179 ἐπίθετα
878 3113 1177 3194 ἀναμένει
1222 3115 1261 3192 ἢ
1308 3115 1528 3194 κύριον
1573 3116 1612 3193 ἢ
1659 3117 2153 3196 προςηγορικόν,
2210 3116 2384 3182 οὕτω
2440 3117 2543 3180 καὶ
2597 3118 2675 3181 τὸ
2722 3117 3036 3197 ἐπίρρημα

434 3202 547 3267 ἐάν
603 3224 696 3268 τι(
751 3203 1060 3288 προτάξῃ,
1126 3203 1370 3283 ἀνάγκη
1429 3204 1593 3269 {ci-lv
1649 3204 1914 3280 ἐπάγειν
1970 3204 2153 3284 ῥῆμα.
2246 3206 2545 3271 ἐπίκειται
2602 3206 2724 3286 γὰρ
2782 3205 2881 3271 ἀεὶ
2941 3212 3033 3291 τῷ

434 3291 675 3370 ῥήματι.
753 3291 908 3357 ἄνευ
953 3294 1075 3371 γὰρ
1124 3292 1424 3372 ῥημάτων
1462 3295 1540 3358 οὐ
1581 3294 1884 3370 ευγκλείει
1923 3294 2232 3360 διάνοιαν.
2305 3294 2532 3359 Ἰετέον
2580 3297 2652 3360 δὲ
2699 3295 2815 3371 ὅτι,
2865 3294 3035 3361 ὅπου

434 3380 746 3460 ἐπίρρημά
792 3381 943 3458 ἐετι,
999 3381 1258 3446 πάντως
1305 3384 1408 3446 καὶ
1453 3381 1636 3461 ῥῆμα,
1685 3382 1854 3448 ὅπου
1902 3385 1975 3448 δὲ
2022 3383 2215 3462 ῥῆμα,
2273 3384 2353 3449 οὐ
2399 3383 2660 3449 πάντως
2707 3384 3034 3465 ἐπίρρημα.

432 3474 727 3534 Planudes
781 3472 925 3551 περὶ
970 3471 1322 3537 ευντάξεω(
1383 3477 1527 3552 118,
1547 3479 1634 3538 30
1689 3473 1793 3555 (τὸ
1819 3473 2193 3555 ,ἐπίρρημα)
2250 3473 2511 3551 δυνάμει
2570 3473 2864 3539 ἐπίθετον
2923 3477 3041 3539 τοῦ

434 3558 715 3639 ῥήματά(
762 3560 902 3635 ἐετι,
950 3560 1038 3624 ὡ(
1085 3561 1187 3624 καὶ
1232 3561 1393 3625 αὐτὸ
1439 3561 1515 3626 τὸ
1557 3561 1767 3641 ὄνομα
1802 3562 2040 3627 τούτου
2086 3566 2287 3642 δηλοῖ.
2364 3566 2524 3626 Gaza
2560 3566 2829 3627 Lascaris
2868 3565 3042 3627 Chal-

434 3652 715 3730 condylas
764 3654 1046 3713 Thracem
1094 3657 1421 3730 sequuntur
1467 3648 1533 3737 (7
1543 3657 1600 3730 2,
1620 3657 1813 3731 4-5,
1863 3656 1966 3715 ubi
2011 3656 2127 3714 vid.
2177 3675 2329 3733 quae
2374 3655 2561 3735 Uhlig
2615 3648 2847 3737 adn.).⁰
2887 3650 3044 3725 ‘Qua

434 3741 776 3802 definitione
821 3763 964 3802 num
1008 3743 1360 3819 Apollonius
1406 3744 1694 3805 Thracem
1737 3764 1948 3805 revera
1993 3749 2334 3821 correxerit,
2382 3746 2557 3805 valde
2603 3745 2828 3823 ambigi
2871 3746 3041 3820 licet3

435 3831 537 3891 sed
566 3833 709 3908 quin
729 3829 1130 3909 Apolloniana
1157 3853 1226 3893 ex
1255 3833 1624 3911 Dionysiana
1651 3837 1785 3895 orta
1811 3835 1907 3911 sit,
1936 3854 2054 3895 non
2083 3830 2315 3895 dubito'
2336 3834 2522 3914 Uhlig
2548 3835 2627 3894 ad
2655 3835 2848 3894 DThr.
2864 3837 2900 3893 7
2908 3837 2966 3910 2,
2981 3837 3038 3894 4.

434 3921 641 3998 Neque
696 3923 822 3999 ipse
874 3921 1082 3982 dubito
1128 3924 1273 4000 quin
1317 3921 1670 4001 Apollonius
1715 3925 1779 3984 id
1839 3925 2056 4001 egerit,
2119 3928 2189 3985 ut
2242 3923 2673 4001 Dionysianam
2736 3925 3041 3986 meliorem

434 4010 719 4070 redderet.
811 4008 974 4080 Quae
1018 4025 1149 4088 spes
1196 4032 1331 4072 eum
1375 4013 1613 4088 fefellit3
1667 4033 1805 4073 nam
1861 4014 2213 4074 deteriorem
2273 4032 2397 4074 esse
2458 4015 2584 4073 eius
2640 4013 3039 4074 definitionem

433 4100 805 4176 Dionysiana
851 4098 1318 4161 GFSchoemann
1363 4101 1396 4160 I
1444 4104 1481 4161 8
1508 4120 1593 4180 sq.
1643 4094 1756 4184 (=
1786 4121 1983 4179 opusc.
2022 4103 2110 4162 IV
2149 4104 2275 4163 228
2298 4095 2415 4186 sq.)
2461 4103 2758 4163 luculente
2802 4103 3042 4164 demon-

433 4190 674 4248 stravit:
740 4182 983 4249 ‘Omisit
1032 4190 1222 4269 igitur
1263 4191 1377 4293 Ap.
1423 4193 1727 4269 participii
1781 4194 2140 4252 mentionem
2196 4194 2416 4268 facere,
2476 4192 2551 4252 ab
2605 4193 2738 4270 ipso
2792 4192 2950 4252 sicut
3004 4211 3043 4250 a

435 4280 641 4339 ceteris
698 4278 1100 4356 grammaticis
1154 4300 1272 4341 non
1327 4281 1453 4340 sine
1505 4299 1686 4341 causa
1729 4300 1767 4340 a
1813 4282 1993 4342 verbo
2049 4284 2324 4356 seiuncti,
2384 4281 2485 4341 sed
2541 4283 2636 4341 cui
2681 4300 2800 4340 non
2846 4281 3041 4341 minus

433 4371 632 4428 tamen
707 4387 887 4446 quam
949 4369 1127 4429 verbo
1202 4370 1483 4430 adverbia
1555 4370 1695 4430 addi
1767 4391 1901 4432 mox
1974 4372 2102 4448 ipse
2173 4370 2347 4431 docet
2409 4363 2588 4453 (121,
2618 4363 2716 4452 2),
2788 4371 3040 4446 ideoque

436 4456 837 4518 definitionem
901 4477 1068 4518 suam
1131 4459 1244 4518 hoc
1296 4460 1530 4519 defectu
1585 4460 1855 4520 laborare
1911 4460 2236 4521 confitetur.
2338 4458 2556 4519 Omisit
2617 4479 2794 4537 porro
2859 4461 3041 4520 etiam

437 4547 769 4606 nominibus
829 4548 1090 4625 ipsisque
1145 4548 1292 4607 adeo
1349 4548 1643 4609 adverbiis
1702 4549 1986 4611 adverbia
2040 4548 2177 4609 addi
2237 4566 2407 4626 posse
2448 4596 2458 4606 .
2502 4596 2512 4606 .
2554 4594 2567 4607 .
2666 4546 3040 4626 Quamquam

436 4634 579 4694 haec
622 4639 817 4697 minus
861 4636 1251 4714 reprehendo:
1298 4639 1563 4698 excusari
1608 4639 1764 4699 enim
1812 4640 2014 4715 aliquo
2059 4639 2234 4698 modo
2280 4641 2554 4715 possunt,
2601 4639 2662 4698 et
2706 4639 3042 4698 communia

439 4726 576 4784 sunt
617 4723 936 4802 Apollonio
991 4745 1125 4786 cum
1179 4728 1404 4787 ceteris.
1497 4727 1613 4788 Sed
1660 4727 1818 4805 quod
1873 4728 1988 4788 sibi
2036 4729 2345 4806 proprium
2402 4727 2583 4786 habet
2629 4721 2815 4807 [quod
2860 4728 3042 4788 iterat

443 4809 748 4894 12Ο,19],
803 4816 880 4874 ad
933 4816 1173 4876 modos
1227 4816 1539 4876 verborum
1583 4819 1881 4894 pertinere
1935 4835 1978 4876 s.
2026 4817 2099 4876 de
2152 4817 2343 4877 modis
2390 4816 2617 4893 aliquid
2664 4815 2892 4877 edicere
2938 4816 3040 4876 ad-

440 4901 666 4978 verbia‚
709 4906 926 4963 mirum
972 4908 1266 4982 quantum
1312 4925 1349 4965 a
1392 4906 1645 4966 veritate
1692 4906 1982 4966 abhorret.
2076 4905 2132 4965 N
2134 4926 2231 4965 am
2277 4906 2558 4983 pleraque
2605 4906 2910 4981 adverbia,
2970 4924 3043 4966 ea

440 4992 643 5068 utique
697 4997 919 5068 omnia,
979 5013 1130 5071 quae
1184 4995 1324 5071 loci,
1383 4998 1694 5074 temporis,
1749 4996 2089 5074 qualitatis,
2145 4997 2500 5073 quantitatis
2545 4995 3039 5076 significationem
