3738 5530
689 358 774 420 46
1630 361 1813 411 ΠΕΡΙ
1849 360 2351 411 ΑΝΤῼΝΤΜΙΑΣ.

1555 480 1597 517 p.
1625 469 1676 508 5⁷
1704 468 1814 517 (317)
1841 469 1880 507 13
1908 469 1958 508 10
1982 488 2034 497 —
2059 469 2110 507 οο
2137 468 2249 516 (820)
2276 468 2315 507 B
2342 467 2364 505 1
2390 468 2421 505 b

690 560 1073 643 ἀποετροφῇ
1117 566 1233 627 τοῦ
1279 566 1350 641 fi,
1394 560 1488 626 ἵν’
1531 561 1568 639 ἡ
1616 563 1919 627 εύνθετο(
1964 559 2452 641 ἀπεμφαίνοιτο.
2541 559 2772 638 ὅμοιον
2815 561 2891 624 τὸ
3320 577 3364 630 c

947 663 1089 727 οὐδ’
1133 663 1190 727 εἴ
1235 685 1342 729 κεν
1388 664 1449 729 c'
1494 664 1696 729 αὐτὸν
1741 669 1956 744 χρυεῷ
2004 662 2335 742 ἐρύεαεθαι
2380 662 2624 737 ἀνώγοι
2672 663 2752 745 (Χ
2799 662 2954 747 351)

690 785 795 829 και

946 865 983 945 ἦ
1028 868 1108 946 μή
1154 888 1245 932 τι(
1293 866 1353 930 c'
1396 866 1595 931 αὐτὸν
1642 867 1849 949 κτείνῃ
1897 867 2072 950 δόλῳ
2118 866 2192 945 ἠὲ
2240 864 2414 945 βίηφι
2457 863 2505 949 (ι
2550 864 2725 951 406).

622 991 654 1038 5
689 970 766 1033 τὸ
811 971 882 1033 δ“ε
926 971 1170 1049 μεῖζον·
1220 968 1608 1048 παραλόγως
1654 967 1940 1045 ἐνεκλίθη
1985 969 2061 1032 τὸ

943 1070 998 1135 εἰ
1040 1071 1153 1149 μὲν
1199 1073 1275 1149 δὴ
1322 1070 1553 1149 ἕταρόν
1596 1090 1672 1147 γε
1717 1069 2008 1134 κελεύετέ
2053 1070 2131 1147 μ’
2173 1068 2372 1135 αὐτὸν
2417 1068 2664 1132 ἑλὲεθαι
2709 1069 2786 1152 (Κ
2829 1070 3004 1152 242),

691 1171 819 1248 εἴγε
866 1171 927 1236 αἱ
970 1173 1125 1250 μετὰ
1168 1177 1281 1251 τῆ(
1327 1173 1811 1251 ἐπιταγματικῆε
1855 1170 2058 1250 ὀρθοῦ
2090 1170 2288 1235 τόνου
2320 1170 2607 1249 ἔχονται·
2655 1174 2756 1236 καὶ
2785 1172 2862 1236 τὸ
2893 1173 3281 1253 ἀνάγνωεμα
3316 1192 3455 1243 58Α

690 1274 806 1338 οὐκ
852 1275 1254 1357 ἀπόβλητον,
1311 1275 1467 1339 καθὸ
1522 1276 1639 1353 τὴν
1688 1273 1993 1339 εύνθετον
2041 1273 2383 1353 ἐνέφαινεν
2428 1272 2803 1351 ὀρθοτόνωε
2851 1274 3278 1350 ἀναγνωεθέν.

693 1378 797 1439 καὶ
841 1377 930 1441 ἔτι
976 1378 1050 1442 τὸ

591 1495 654 1543 10
944 1478 1093 1558 μήτ’
1137 1478 1423 1557 ἐμῶύτᾶε

943 1581 1097 1660 μήτε
1142 1580 1534 1659 καειγνήτων
1580 1580 1788 1645 πόδας
1834 1580 2037 1646 ὠκέα(

941 1683 1168 1766 τρύεῃε
1215 1684 1410 1765 (poet.
1458 1681 1576 1764 lyr.
1628 1682 1838 1764 adesp.
1885 1682 1965 1744 41
2017 1680 2286 1766 Bergkss)

689 1783 1004 1848 διέεταλκε
1064 1786 1200 1848 δυεὶ
1255 1785 1791 1864 περιεπωμέναιε·
1843 1783 2143 1861 ἠδυνάτει
2194 1786 2320 1863 γὰρ
2380 1787 2748 1863 ευντεθῆναι
2792 1786 2898 1849 διὰ
2940 1787 3015 1849 τὸ
3060 1786 3281 1866 ἐπιφε-

689 1885 967 1964 ρόμενον
1014 1884 1199 1964 ῥῆμα.
1287 1892 1428 1949 πῶς
1486 1885 1607 1950 οὖν
1665 1887 1810 1966 οὐχὶ
1856 1887 2062 1965 βίαιον
2106 1887 2183 1950 τὸ
2229 1888 2343 1950 τὰ(
2387 1886 2830 1964 διεσταλμένα(
2876 1888 3033 1952 κατὰ
3079 1889 3280 1966 παρά·

594 2005 654 2051 15
694 1992 861 2052 θεειν
908 1989 1218 2068 βιάζεεθαι
1264 1988 1353 2054 εἰ(
1397 1988 1733 2072 (ύνθετον,
1772 1992 1896 2053 ,τοῦ
1944 1989 2146 2063 λόγου
2193 1987 2310 2053 οὐκ
2354 1987 2814 2063 ἀπαιτοῦντο(;

858 2089 1037 2156 Δέον
1085 2088 1239 2172 οὖν,
1287 2088 1377 2155 ὡς
1420 2091 1817 2170 προείρηται,
1882 2091 1961 2155 τὰ
2005 2090 2076 2155 ἐν
2122 2090 2255 2154 δυεὶ
2300 2090 2530 2168 τρίτοι(
2575 2090 2933 2170 νοούμενα,
2993 2089 3119 2154 εἴτε
3179 2112 3278 2154 κα·
3321 2105 3368 2157 Β

687 2191 1086 2274 τ’ἀπόλυειν,
1133 2191 1222 2258 ὡς
1262 2192 1338 2256 τὸ
1371 2193 1855 2273 ἑγκλινόμενον,
1904 2192 2030 2257 εἴτε
2061 2192 2205 2256 κατ’
2234 2191 2433 2270 ὀρθὸν
2464 2191 2663 2255 τόνον
2696 2191 3065 2271 ἀνεγνώεθη
3098 2192 3283 2257 ἕνεκα

689 2297 1024 2372 διαετολ-ῆε
1081 2294 1119 2371 ἢ
1177 2292 1375 2372 ἄλλη(
1431 2294 1605 2358 τινὸ(
1661 2295 2045 2371 ευντάξεωε,
2099 2294 2186 2359 εἰ(
2239 2293 2446 2358 ἁπλᾶ(
2503 2293 3032 2373 μεταλαμβάνειν·
3089 2295 3169 2359 τά
3212 2297 3282 2358 δὲ

691 2394 761 2460 ἐν
818 2395 1010 2479 τρίτῳ
1067 2395 1167 2459 καὶ
1211 2395 1282 2459 ἐν
1328 2395 1541 2481 ταύτῷ
1588 2395 1678 2460 εἰ(
1732 2396 2102 2473 ευνθέτουε,
2161 2395 2326 2473 ἅπερ
2384 2395 2464 2459 ἂν
2520 2393 2804 2474 εὑρεθείη
2859 2395 3119 2461 πάντωε
3177 2416 3284 2460 κα-

588 2513 655 2560 20
689 2496 948 2574 τ’ὀρθόν
991 2497 1208 2574 τόνον,

1502 2601 1573 2665 ἕο
1620 2601 1677 2666 δ’
1721 2601 1922 2666 αὐτοῦ
1968 2600 2180 2665 πάντα
2223 2599 2482 2665 κολούει
2531 2600 2594 2679 (θ
2638 2598 2827 2683 211)-

1398 2701 1462 2767 ἑὲ
1507 2703 1562 2767 δ’
1608 2702 1809 2770 αὐτὸν
1856 2702 2193 2783 ἐποτρύνει
2239 2703 2325 2787 (Υ
2376 2701 2556 2781 171)·

1431 2885 1440 2896 δ
1694 2805 1733 2884 ἦ
1779 2806 1903 2884 γὰρ
1950 2805 2214 2883 ἔμελλεν

946 2901 1010 2967 οἷ
1051 2905 1117 2966 τ’
1162 2903 1337 2991 αὐτῷ
1384 2905 1666 2970 θάνατόν
1710 2927 1778 2970 τε
1824 2905 2021 2971 κακόν
2067 2906 2155 2988 (Π
2196 2905 2339 2989 47)·

586 3019 653 3068 25
689 3005 792 3069 ἐπὶ
846 3007 970 3084 γὰρ
1014 3006 1398 3086 Πατρόκλου
1454 3008 1493 3087 ἥ
1540 3027 1606 3071 τε
1652 3006 2026 3088 ἀντωνυμία
2071 3009 2172 3071 καὶ
2215 3007 2291 3070 τὸ
2338 3005 2520 3085 ῥῆμα.
2617 3007 2744 3071 ”en
2790 3005 2845 3071 εἰ
2890 3005 2954 3069 αἱ
3000 3007 3158 3070 κατὰ
3201 3008 3277 3071 τὸ
3317 3019 3362 3072 Ο

685 3110 949 3185 πρῶτον
995 3108 1097 3172 καὶ
1140 3109 1445 3189 δεύτερον
1492 3108 1694 3188 ὀρθοῦ
1739 3110 1940 3175 τόνου
1985 3109 2282 3189 ἐχόμεναι
2314 3107 2797 3188 ἀντιδιαετολὴν
2831 3107 3279 3190 ἀναδέχονται,

685 3210 742 3273 τί
796 3211 870 3273 τὸ
930 3210 1234 3290 ἐμποδὼν
1293 3212 1368 3275 τὸ
1429 3213 1531 3276 καὶ
1587 3212 1691 3275 ἐπὶ
1744 3211 1960 3290 τρίτου
2016 3212 2133 3289 τὴν
2193 3209 2677 3289 ἀντιδιαετολὴν
2723 3211 2993 3289 διήκειν;
3055 3211 3156 3274 καὶ
3200 3211 3280 3275 ὃν

684 3311 931 3389 τρόπον
990 3313 1064 3375 τὸ
1131 3313 1253 3377 καὶ
1305 3313 1479 3394 ἐμοὶ
1544 3313 1895 3392 ἐγένετο,
1964 3313 2088 3378 καὶ
2154 3312 2271 3378 (οὶ
2336 3312 2668 3389 ἐγένετο
2725 3310 3135 3392 ἀμετάληπτα
3192 3312 3282 3376 εἰς

825 3547 1037 3600 Anava.
1111 3552 1173 3600 16
1221 3546 1421 3616 Itaque
1465 3548 1565 3601 ubi
1612 3551 1673 3603 et
1716 3549 2032 3603 subiectum
2080 3553 2140 3602 et
2182 3549 2444 3617 obliquus
2487 3547 2832 3616 pronominis
2875 3563 3037 3601 casus
3073 3547 3278 3600 tertiae

687 3631 943 3699 quidem,
1002 3632 1100 3685 sed
1143 3648 1255 3685 non
1303 3632 1554 3685 eiusdem
1597 3649 1872 3702 personae
1922 3635 2078 3699 sunt,
2130 3634 2212 3686 ibi
2257 3634 2519 3700 obliquus
2563 3648 2747 3699 casus,
2803 3631 2920 3685 sive
2975 3629 3282 3683 inclinatur

687 3716 943 3770 absolute
988 3718 1228 3785 positus,
1281 3716 1400 3770 sive
1452 3719 1608 3771 recto
1660 3720 1856 3772 tenore
1901 3718 2184 3786 profertur
2227 3718 2581 3796 discretionis
2635 3717 2725 3771 vel
2777 3715 2919 3770 alius
2962 3715 3043 3767 rei
3091 3730 3277 3779 eausa,

686 3800 956 3868 simplicis
990 3799 1279 3854 notionem
1315 3801 1526 3866 induit,
1566 3802 1664 3854 ubi
1701 3803 2017 3856 subiectum
2053 3801 2427 3871 Obliquusque
2465 3817 2623 3855 casus
2648 3802 2709 3854 et
2729 3801 2933 3855 tertiae
2961 3800 3020 3854 et
3043 3799 3278 3852 eaedem

687 3888 820 3938 sunt
852 3900 1152 3954 personae,
1190 3884 1270 3938 ibi
1305 3885 1567 3954 obliquus
1603 3902 1763 3942 casus
1800 3886 2097 3955 compositi
2132 3886 2248 3939 vim
2284 3886 2474 3941 habet.

821 4086 1019 4142 D1scn.
1072 4106 1270 4142 sempr.
1366 4095 1411 4147 1.
1466 4091 1800 4159 ἀποετροφῇ
1846 4091 1911 4157 b,
1970 4107 2087 4144 απο
2142 4105 2475 4157 αποετροφη
2532 4091 2577 4144 Α
2644 4090 2652 4154 Ι
2718 4088 2875 4143 Sitne
2931 4094 3033 4144 τοῦ
3089 4092 3124 4144 ἐ’
3175 4105 3279 4157 pro

684 4176 790 4227 τοῦ
847 4179 883 4238 ᾗ
938 4171 1291 4227 scribendum
1346 4174 1574 4229 dubitat
1625 4173 1989 4229 RSkrzeczka
2060 4177 2068 4239 1
2144 4190 2557 4241 απεμφαινοιτο
2593 4175 2674 4240 A,
2729 4174 3155 4241 ἀπεμφαίνηται
3189 4172 3227 4225 b
3268 4175 3275 4241 ξ

685 4262 734 4309 2.
774 4258 1065 4324 ἑρύεαεθαι
1099 4258 1136 4311 b
1172 4257 1473 4324 Homerus,
1515 4262 1775 4326 ερυεαεθε
1813 4261 1856 4313 Α
1919 4261 1927 4325 Ι
1995 4265 2046 4311 4.
2080 4258 2116 4325 ἦ
2155 4257 2455 4325 Homerus,
2494 4259 2543 4313 εἰ
2579 4257 2671 4312 Ab
2719 4259 2728 4325 1
2775 4259 2835 4314 c‘
2871 4260 3051 4312 αὐτὸν
3088 4258 3124 4310 b
3163 4256 3274 4311 Ho-

686 4356 896 4408 merus,
933 4358 1111 4397 αυτον
1148 4344 1190 4397 Α
1246 4344 1256 4412 Ι
1308 4345 1374 4411 ἠὲ
1407 4342 1445 4396 b
1482 4342 1783 4409 Homerus,
1830 4345 1933 4411 ηδε
1970 4344 2012 4398 Α
2079 4344 2087 4410 Ι
2153 4342 2309 4411 βίηφι
2344 4341 2622 4420 Homerus
2658 4344 2729 4409 A,
2768 4343 2959 4410 βίηφιν
2995 4343 3031 4396 b
3103 4344 3112 4409 Ι
3172 4349 3220 4396 5.
3261 4359 3278 4395 ι

688 4425 838 4479 vocis
874 4431 1131 4494 ενεκλιθη
1170 4443 1239 4480 ex
1276 4447 1310 4495 η
1348 4427 1500 4480 faeta
1534 4427 1605 4481 ab
1645 4431 1726 4481 Ax
1776 4430 1785 4496 1
1840 4434 1886 4482 6.
1931 4427 1982 4482 εί
2017 4427 2118 4493 μὲν
2152 4426 2189 4479 b
2226 4426 2525 4492 Homerus,
2571 4441 2608 4494 η
2646 4444 2749 4493 μεν
2785 4431 2828 4483 Α
2883 4429 2893 4494 1
2951 4434 3028 4482 10.
3068 4429 3279 4494 μητεμ*

687 4511 873 4566 ὠυταε
894 4514 936 4567 Α
952 4556 964 4575 ,
994 4513 1135 4578 μήτε
1162 4513 1426 4578 ἑμῶύτᾱε
1449 4510 1793 4578 HLAbrens,
1834 4515 1974 4579 μήτε
2011 4512 2130 4578 ἐμῶ
2156 4512 2333 4574 αὐτᾷ(
2357 4511 2421 4577 b,
2463 4512 2605 4579 μῆτ’
2627 4511 2744 4580 ὲμῶ
2768 4513 2945 4568 αὐτᾶε
2968 4511 3243 4582 ThBergk
3266 4515 3273 4580 Ι

691 4602 767 4648 13.
805 4598 1126 4650 διεεταλκεν
1162 4599 1204 4652 Α
1271 4598 1281 4664 l
1346 4601 1425 4650 16.
1464 4598 1616 4651 Δέον
1653 4597 1779 4664 οὖν]
1821 4595 1917 4649 fol.
1959 4601 2130 4649 161v.
2195 4598 2204 4663 Ι
2279 4597 2413 4650 κατ’
2446 4595 2510 4664 b,
2550 4613 2692 4651 κατα
2730 4598 2775 4651 Α
2849 4599 2859 4665 Ι
2934 4602 3018 4652 21.
3053 4598 3278 4651 κολούει

687 4680 723 4732 b
761 4678 1064 4747 Homerus,
1120 4683 1380 4735 κουλουει
1415 4682 1457 4735 Α
1488 4683 1533 4758 ,Ι
1598 4686 1678 4734 22.
1719 4682 1776 4736 ἑὲ
1812 4679 2198 4746 RSchneider,
2248 4681 2306 4734 ἕε
2343 4680 2377 4733 b
2443 4681 2453 4749 Ι
2517 4685 2598 4734 23.
2633 4682 2669 4749 ἦ
2707 4680 3010 4747 Ηοωοτυε,
3048 4682 3095 4735 εἰ
3131 4681 3225 4736 Ab
3266 4682 3275 4750 Ι

689 4770 773 4818 24.
810 4765 867 4820 01
902 4769 964 4820 τ’
999 4766 1122 4832 Ab,
1167 4766 1226 4821 οἷ
1260 4765 1537 4819 Homerus
1567 4767 1576 4833 1
1606 4771 1689 4820 25.
1728 4766 2069 4833 Πατρόκλου
2104 4765 2171 4831 b,
2222 4765 2549 4832 πατροκλον
2582 4766 2664 4832 ΑΙ
2699 4767 2791 4821 καὶ
2826 4765 2893 4832 b,
2928 4783 3018 4819 και
3054 4783 3143 4819 και
3179 4766 3225 4820 Α
3265 4767 3274 4831 Ι

686 4854 770 4903 26.
807 4853 979 4917 ορθου
1015 4866 1189 4904 τονου
1226 4865 1486 4916 εχομεναι
1523 4852 1595 4916 Α,
1633 4851 2114 4917 ὀρθοτονούμεναι
2150 4850 2185 4902 b
2251 4853 2260 4918 Ι
2324 4854 2407 4905 27.
2446 4851 2698 4916 εμποδον
2737 4851 2779 4905 Α
