3738 5530
716 319 809 383 44
896 318 1338 375 Commentarius
1367 318 1594 375 criticus
1623 320 1681 374 et
1708 318 2028 389 exegeticus
2057 318 2116 373 in
2145 317 2431 388 Apollonii
2459 317 2687 389 Dyscoli
2716 317 2925 390 scripta
2951 318 3185 374 minora.

896 490 1102 564 22‚15
1152 485 1271 550 δύο
1317 484 1577 567 τρίτων]
1627 490 1697 547 cf.
1745 508 1910 566 pron.
1964 491 2186 564 18,11.
2262 492 2416 565 synt.
2470 490 2570 559 14,
2593 490 2647 548 6.
2699 490 2847 564 220,
2869 492 2924 550 9.

896 580 998 653 22,
1022 581 1098 637 17
1158 575 1423 654 (φ’έτερε
1470 575 1588 638 οὐκ
1634 572 2032 657 ἀπόβλητον]
2100 597 2463 655 quamquam
2525 597 2644 639 non
2700 580 2832 638 erat
2883 581 2948 637 111
3003 596 3116 639 usu
3169 580 3325 654 synt.

717 670 864 742 220,
888 670 967 727 12
1017 664 1266 743 ευεταίη
1312 663 1436 742 γὰρ
1485 663 1564 728 ἂν
1609 662 1648 740 ἡ
1697 664 1982 743 εφέτερε,
2033 662 2109 729 οὔ
2156 683 2232 738 γε
2279 665 2401 742 μὴν
2448 663 2528 727 τὰ
2574 667 2686 741 τῆς
2732 663 3013 742 χρήεεωε
3061 663 3323 740 ἐγένετο

713 752 862 830 ἡμῖν
924 753 1194 832 ἐμφανῆ.
1285 756 1467 817 Prisc.
1515 756 1689 815 XVII
1728 760 2077 817 200-202
2125 777 2181 834 p.
2225 758 2372 833 205,
2396 758 2474 816 17
2543 750 2748 817 ‘tertia
2793 776 2933 817 vero
2978 758 3330 835 possessiva,

715 847 827 907 etsi
873 849 1152 906 naturam
1196 846 1432 921 habeat,
1476 850 1547 906 ut
1590 865 1699 924 per
1741 848 2082 907 vocativum
2129 847 2247 907 dici
2284 847 2491 924 possit,
2540 893 2550 903 .
2593 892 2604 904 .
2646 893 2657 904 .
2696 864 2838 907 usus
2875 849 3076 906 tamen
3112 845 3331 923 deficit,

716 935 1008 1012 quomodo
1054 936 1237 995 etiam
1283 935 1442 1013 apud
1491 934 1745 997 Graecos
1790 938 1941 996 teste
1987 936 2307 1013 Apollonio
2355 932 2647 1011 εφέτερε,
2704 955 2838 996 011111
2890 935 3332 996 rationabiliter

717 1027 908 1102 possit
952 1025 1087 1100 dici,
1131 1025 1195 1084 in
1241 1044 1353 1085 usu
1397 1028 1599 1086 tamen
1644 1045 1764 1086 non
1810 1020 2153 1085 invenitur.’

891 1131 1182 1207 Quoniam
1225 1129 1544 1209 ἡμέτερε
1590 1136 1887 1193 vocativus
1933 1137 2118 1202 extat,
2167 1134 2339 1193 etiam
2385 1135 2510 1193 eius
2553 1134 2913 1208 simularem
2959 1137 3153 1193 extare
3197 1149 3329 1192 con-

710 1225 1050 1282 sentaneum
1096 1227 1193 1282 est.
1282 1222 1399 1282 Sed
1442 1241 1562 1282 non
1606 1225 1732 1283 sine
1777 1240 1962 1283 causa
2007 1218 2135 1296 ἐμέ
2179 1240 2294 1281 voc.
2340 1240 2458 1282 usu
2500 1240 2623 1281 mm
2663 1226 2923 1297 receptus
2969 1227 3020 1281 et
3062 1224 3329 1282 nomim-

711 1312 863 1371 tivus
910 1307 1087 1385 ἐμός
1132 1315 1381 1372 vocativi
1426 1313 1545 1372 loco
1580 1316 1906 1387 usurpatus
1944 1330 2065 1371 esse
2099 1313 2344 1380 videtur,
2393 1316 2446 1371 et
2480 1312 2633 1386 qaod
2669 1307 2798 1385 ἐμέ
2833 1314 3129 1373 vocativus
3164 1313 3330 1386 apud

710 1400 1037 1461 Homerwm
1080 1418 1202 1460 non
1247 1402 1453 1477 legitur
1500 1405 1552 1461 et
1592 1420 1668 1461 ne
1712 1419 1843 1461 cum
1889 1397 2017 1475 ἐμέ
2064 1403 2392 1461 accusativo
2438 1402 2889 1475 confunderetur
2928 1401 3326 1475 22,18—23.

897 1509 1000 1584 22,
1023 1509 1103 1567 18
1153 1509 1225 1567 cf.
1264 1510 1418 1584 synt.
1461 1511 1606 1586 221,
1631 1511 1709 1567 21
1751 1505 1854 1568 καὶ
1882 1503 1921 1581 ἡ
1953 1507 2166 1582 χρῆειε
2194 1506 2307 1581 τῆς
2336 1503 2489 1581 ἐμός
2517 1504 2593 1567 τὸ
2622 1504 2918 1582 κλητικὸν
2946 1504 3326 1582 παρέωεται,

710 1591 872 1670 ὅπερ
933 1592 1014 1670 ἦν
1075 1592 1432 1672 ὁμόφωνον
1489 1593 1795 1677 αἰτιατικῇ
1852 1598 1929 1676 τῇ
1986 1593 2096 1672 ἐμέ
2159 1596 2339 1657 Prisc.
2388 1596 2537 1655 XIII
2576 1598 2613 1656 3
2661 1617 2717 1674 p.
2763 1598 2941 1671 2,16.
3052 1597 3326 1657 Eustath.

714 1687 905 1761 1871,
937 1688 1036 1745 24.
1122 1685 1315 1746 Schol.
1363 1686 1536 1746 Dion.
1583 1707 1639 1764 p.
1681 1688 1845 1760 83‚2
1889 1687 2050 1765 Hilg.

894 1777 995 1849 22,
1018 1777 1095 1834 21
1148 1775 1340 1845 Quam
1385 1776 1742 1853 scripturam
1785 1775 1824 1834 b
1872 1776 2021 1836 dicit
2057 1776 2355 1835 sententia
2390 1777 2579 1854 posci,
2628 1795 2696 1835 ea
2734 1775 2999 1853 profecto
3037 1778 3330 1852 praestat:

711 1863 812 1923 sed
873 1884 1008 1923 cum
1067 1883 1184 1924 11011
1244 1867 1503 1924 nesciam
1562 1883 1743 1941 quam
1800 1884 1978 1942 parce
2037 1865 2234 1925 verbis
2293 1868 2384 1924 uti
2441 1866 2631 1925 soleat
2683 1864 2826 1941 Ap.,
2888 1864 3040 1923 nihil
3097 1866 3330 1923 mutavi

708 1958 947 2031 praeter
991 1948 1122 2014 ἀπό
1170 1954 1460 2015 voculam.

893 2044 995 2118 22,
1018 2045 1098 2102 22
1161 2039 1418 2117 ευνεχέε
1476 2044 1620 2103 ferri
1676 2062 1795 2104 non
1853 2045 2079 2121 potest3
2142 2062 2278 2103 nam
2343 2063 2476 2102 cum
2524 2039 2634 2117 ἐμέ
2679 2062 2986 2119 nunquam
3030 2045 3112 2103 sit
3154 2061 3328 2103 voca·
3431 2072 3436 2076 ·

710 2134 873 2191 tivus
920 2131 1080 2209 apud
1125 2132 1466 2208 Homerum,
1515 2134 1617 2208 qui
1663 2134 1715 2192 is
1760 2151 1903 2193 usus
1951 2126 2093 2193 ‘non
2138 2127 2437 2209 frequens'
2485 2133 2603 2193 dici
2648 2132 2888 2209 potest?

894 2222 997 2297 22,
1019 2222 1099 2280 23
1166 2222 1302 2282 Iure
1356 2224 1588 2281 mireris
1632 2222 1746 2300 Ap.
1804 2221 1877 2282 de
1930 2224 2206 2283 vocativo
2261 2223 2520 2299 primum
2581 2222 2832 2299 pluralis
2886 2222 3114 2299 primae
3158 2239 3333 2298 pers,

715 2309 925 2369 deinde
971 2310 1278 2386 secundae,
1322 2316 1452 2371 tum
1498 2312 1729 2387 tertiae,
1772 2315 2074 2388 postremo
2121 2311 2194 2370 de
2239 2312 2560 2389 singularis
2597 2312 2826 2388 primae
2862 2329 3013 2388 perS.
3053 2313 3329 2371 vocativo

713 2418 901 2478 agere.
996 2399 1111 2459 Sed
1158 2400 1315 2477 quod
1362 2401 1572 2460 similis
1619 2404 1710 2460 est
1746 2401 1891 2462 ordo
1929 2402 1991 2459 in
2029 2402 2286 2477 syntaxi,
2332 2401 2403 2460 de
2440 2402 2906 2478 transpositione
2945 2399 3330 2479 cogitandum

711 2508 830 2548 non
877 2488 1005 2549 erit.

890 2578 979 2638 De
1033 2579 1143 2639 hac
1200 2580 1544 2655 quaestione
1567 2580 1570 2584 ’
1592 2598 1743 2656 quae
1790 2583 1883 2639 est
1926 2580 1999 2639 de
2045 2581 2318 2640 vocativo
2364 2582 2781 2656 pronominum
2829 2583 2890 2638 et
2935 2578 3007 2639 de
3052 2580 3326 2638 vocativo

710 2669 1082 2728 nominativi.
1119 2669 1314 2728 locum
1370 2671 1694 2745 occupante
1752 2669 2087 2747 disputavit
2132 2668 2489 2729 GHermann
2543 2670 2728 2746 praef.
2787 2668 2992 2745 Eurip.
3039 2666 3326 2727 Androm.

716 2756 859 2816 XIV
886 2776 971 2835 sq.
1066 2756 1179 2817 Sed
1227 2760 1508 2835 quoniam
1566 2778 1686 2819 non
1729 2758 1794 2818 id
1841 2761 2073 2836 agimus
2119 2762 2191 2818 ut
2231 2762 2422 2819 totam
2469 2757 2541 2817 de
2587 2759 2699 2818 hac
2743 2778 2806 2818 re
2854 2758 3186 2819 doctrinam
3231 2778 3327 2818 ex·

711 2847 1025 2924 plicemus,
1087 2848 1188 2908 sed
1243 2852 1314 2907 ut
1355 2848 1467 2926 Ap.
1525 2850 1751 2925 placita
1794 2849 2187 2922 illustremuS,
2247 2847 2624 2907 GHermanni
2674 2848 3188 2909 commentationis
3234 2867 3328 2907 ra-

713 2938 937 2997 tionem
982 2936 1199 2997 habere
1244 2956 1362 2998 non
1409 2938 1565 2997 licet.

891 3044 1009 3102 IV.
1076 3044 1164 3103 De
1211 3045 1447 3120 syntaxi
1493 3045 1914 3121 pronominum
1964 3045 2489 3118 22‚25—26‚21.

900 3154 952 3209 1.
1018 3150 1107 3209 De
1154 3151 1332 3211 verbo
1378 3151 1772 3211 construendo
1837 3143 1904 3233 a)
1950 3170 2082 3211 cum
2112 3151 2386 3229 'obliquis
2432 3151 2667 3210 casibus
2704 3150 3070 3229 pronominis
3121 3153 3223 3225 22,
3247 3152 3328 3210 25

811 3241 913 3314 23,
943 3241 999 3299 5.

896 3327 1046 3389 Cum
1089 3330 1337 3404 obliquis
1373 3333 1791 3405 pronominum
1835 3332 2069 3391 casibus
2114 3348 2338 3405 semper
2383 3334 2800 3390 construuntur
2854 3323 2920 3411 (i.
2969 3349 3015 3389 e.
3064 3331 3331 3389 construi

714 3410 995 3500 possunt)
1050 3420 1256 3479 verba:
1322 3437 1391 3479 ex
1446 3421 1538 3480 his
1594 3423 1746 3480 enim
1805 3438 1956 3495 quae
1990 3422 2260 3494 provenit
2305 3422 2481 3488 actio,
2548 3438 2618 3480 ea
2661 3421 2744 3480 ad
2787 3421 3084 3493 obliquum
3128 3437 3332 3478 casum

714 3512 822 3567 aut
863 3511 1118 3568 nominis
1163 3513 1268 3568 aut
1301 3511 1669 3583 pronominis
1715 3514 1821 3570 aut
1852 3512 2163 3585 participii
2209 3511 2420 3569 transit
2468 3511 2570 3584 22,
2592 3510 2872 3583 25—23,
2893 3510 2948 3568 5.
3045 3506 3129 3567 Cf.
3171 3511 3324 3585 synt.

718 3598 953 3672 14‚15;
1002 3599 1207 3672 116,4
1238 3617 1323 3674 sq.
1415 3597 1593 3658 Prisc.
1642 3598 1816 3658 XVH
1854 3600 1938 3658 83
1985 3619 2042 3676 p.
2087 3600 2231 3674 154,
2254 3600 2332 3658 21
2367 3617 2451 3675 sq.

898 3688 1057 3761 23,1
1110 3689 1182 3746 cf.
1230 3707 1394 3766 pron.
1445 3690 1549 3763 37,
1571 3691 1626 3748 2.

895 3778 997 3850 23,
1021 3779 1057 3835 2
1106 3780 1260 3854 synt.
1305 3779 1507 3852 116,5
1558 3773 1620 3838 αἱ
1667 3772 1927 3849 πλάγιοι
1975 3773 2241 3838 πτώεει(
2287 3776 2419 3837 τῶν
2468 3771 2887 3850 ἀντωνυμιῶν
2925 3772 3184 3836 πάντως
3224 3772 3330 3836 ἐπὶ

717 3859 886 3940 ῥῆμα
949 3861 1288 3940 φέρονται,
1355 3861 1420 3928 ἑξ
1479 3861 1556 3941 ἧ(
1611 3862 1967 3927 (υντάξεωε
2031 3865 2273 3927 νοεῖται
2333 3861 2371 3939 ἡ
2435 3862 2813 3940 ἐγγινομένη
2881 3861 3152 3926 διάθεειε
3210 3864 3330 3926 τοῦ

714 3950 1082 4029 προεώπου.
1157 3954 1338 4015 Prisc.
1367 3956 1405 4013 1.
1436 3973 1479 4015 s.
1510 3974 1582 4016 s.:
1629 3949 1883 4032 ‘obliqui
1930 3974 2098 4015 casus
2143 3954 2561 4040 pronominum
2607 3956 2769 4014 omni
2814 3954 2991 4016 modo
3037 3955 3113 4013 ad
3149 3954 3334 4014 verba

715 4044 1006 4118 feruntur,
1054 4043 1347 4120 quomodo
1394 4048 1457 4103 et
1499 4046 1804 4104 nominum
1835 4091 1847 4103 .
1881 4091 1893 4103 .
1926 4091 1936 4102 .
1970 4064 2038 4104 ex
2075 4064 2196 4123 qua
2232 4047 2666 4104 constructione
2702 4044 3091 4123 intellegitur,
3137 4043 3333 4120 qualis

716 4135 982 4192 nascitur
1027 4133 1271 4193 affectus
1317 4152 1622 4210 personae,
1667 4133 1770 4194 sed
1814 4154 1935 4195 non
1981 4135 2399 4211 reciprocatur,
2446 4134 2606 4211 quod
2643 4128 2934 4194 dicimus'.
3025 4132 3335 4210 Apollonii

715 4221 788 4281 de
834 4221 1088 4283 diathesi
1134 4223 1469 4282 doctrinam
1515 4242 1695 4300 supra
1742 4216 1847 4305 (ad
1891 4224 1992 4299 18,
2015 4215 2128 4305 15)
2176 4224 2431 4283 strictim
2477 4223 2804 4302 attigimus.
2895 4221 3166 4301 Apparet
3204 4221 3261 4279 h.
3294 4221 3333 4280 l.

714 4311 1179 4391 intellegendam
1227 4330 1351 4373 esse
1396 4314 1691 4372 rationem
1738 4331 1890 4389 quae
1934 4315 2092 4373 inter
2137 4312 2464 4373 subiectum
2521 4313 2616 4372 vel
2671 4312 2979 4389 obliquum
3024 4329 3227 4372 casum
3273 4314 3337 4370 et

717 4401 1009 4549 Ξοὲἰὲἓξω
1054 4402 1396 4573 intersedit,
1460 4421 1612 4478 quae
1658 4421 1690 4461 e
1734 4403 1914 4461 verbo
1962 4406 2204 4462 emanat
2249 4397 2682 4484 (Thatigkeits-
2720 4401 2814 4461 vel
2844 4400 3335 4462 Verbaldiathese

943 4509 1195 4551 oemann
1229 4536 1240 4548 .

901 4597 1196 4672 23‚4—-5
1246 4596 1358 4671 τῆ(
1403 4593 1527 4673 γὰρ
1564 4629 1653 4640 -
1690 4593 1959 4676 νοεῖται]
2009 4592 2174 4658 ‘nam
2219 4599 2336 4659 nisi
2382 4601 2521 4657 sunt
2564 4597 2745 4657 verba
2793 4591 2884 4680 (in
2930 4595 3145 4674 quibus
3191 4596 3338 4656 solis

720 4685 875 4744 actio
920 4678 1125 4768 inest),
1169 4706 1243 4746 ne
1290 4688 1542 4764 cogitari
1589 4686 1830 4763 quidem
1874 4689 2073 4764 potest
2118 4688 2410 4748 actionem
2457 4688 2722 4764 aliquam
2758 4687 2837 4746 ad
2871 4703 3186 4764 personam
3233 4684 3339 4744 ob-

721 4772 861 4832 iecti
903 4770 1198 4836 transire'.
1290 4775 1381 4836 De
1427 4771 1761 4851 μετάβαειε
1805 4776 1967 4836 vocis
2014 4775 2353 4836 notionibus
2399 4797 2452 4836 v.
2499 4777 2620 4836 ind.

896 4855 1108 5012 1))23ᾶεέ
1145 4864 1324 5011 11θέΒο
1380 4864 1774 4925 construendo
1828 4883 1964 4925 cum
2022 4864 2389 4926 nominativo
2447 4866 2675 4942 primae
2735 4864 3140 4941 secundaeque
3201 4881 3342 4940 per·-

724 4966 900 5008 sonae
1036 4997 1050 5027 ,
1114 4959 1220 4993 —·
1248 4956 1305 5011 O.
