3738 5530
670 395 789 460 176
1576 397 1755 450 ΠΕΡΙ
1789 397 2349 449 ΕΠΙΡΡΗΜΑΤΩΝ.

1679 518 1720 555 1).
1749 506 1839 556 587,
1867 507 1917 546 21
1944 528 1995 536 —
2020 508 2111 555 589,
2138 508 2187 547 26
2215 507 2245 545 b

665 602 842 679 παρὰ
895 600 1016 665 δύο
1073 606 1374 667 διεςτῶτα
1428 603 1504 666 τὸ
1559 603 1810 680 Ἄρειος
1864 601 2073 677 πάγος
2134 601 2760 682 Ἀρειοπαγίτης,
2815 601 2991 680 παρὰ
3046 602 3122 666 τὸ
3180 602 3257 666 τὸ

665 703 825 767 αὐτό
881 703 953 766 ἕν
1010 724 1139 767 που
1196 703 1601 768 ἀποτελεῖται
1654 702 1731 767 τὸ
1790 702 2206 786 ταύτότης,
2263 704 2439 781 παρὰ
2494 704 2570 767 τὸ
2619 703 2750 766 Νέα
2805 703 2993 767 πόλις
3051 704 3124 767 ἓν
3179 702 3257 766 τὸ

669 804 1179 883 Νεαπολίτης.
1243 805 1492 883 ςυςταίη
1524 804 1603 868 ἂν
1637 803 1757 870 οὖν
1789 806 1892 868 καὶ
1921 805 2095 881 παρὰ
2140 805 2216 869 τὸ
2263 808 2425 870 νοῦν
2471 805 2641 883 ἔχων
2687 804 2764 868 τὸ
2810 803 3254 882 νουνεχόν-
3309 819 3359 857 25»

663 927 813 970 τως
859 907 1019 971 κατὰ
1061 908 1177 973 τὸν
1222 911 1521 972 τοιοῦτον
1567 905 1788 982 λόγον,
1836 905 1917 970 οὐ
1961 906 2106 988 μήν,
2159 904 2248 969 ῶς
2294 908 2712 988 προείπομεν,
2766 907 2924 971 κατὰ
2968 905 3254 970 ςύςταςιν

599 1025 630 1071 5
665 1014 799 1073 τῶν
844 1009 1282 1087 προκειμένων
1329 1008 1796 1087 ἐπιρρημάτων.

835 1096 1124 1174 Τοςαῦτα
1167 1110 1313 1187 περὶ
1355 1115 1489 1174 τῶν
1535 1108 1620 1173 εἰς
1666 1113 1756 1172 ως
1802 1109 2138 1187 ληγόντων
2183 1109 2651 1190 ἐπιρρημάτων.

831 1313 925 1378 Τὰ
982 1312 1071 1378 εἰς
1117 1317 1197 1376 ὄῡ
1252 1313 1534 1390 λήγοντα
1590 1312 2008 1392 ἐπιρρήματα,
2067 1312 2181 1377 ἐάν
2234 1333 2300 1378 τε
2345 1313 2508 1391 παρ’
2564 1312 2850 1392 ὀνόματα
2902 1312 2942 1396 ᾖ
2987 1312 3252 1392 ἐςχημα-
3305 1327 3356 1366 80

661 1415 946 1493 τιςμένα,
1006 1414 1121 1480 ἐάν
1164 1434 1232 1478 τε
1278 1414 1439 1492 παρ’
1482 1413 1643 1478 ἄλλο
1691 1414 1886 1495 μέρος
1937 1415 2172 1490 λόγου,
2220 1418 2615 1493 περιςπᾶται.
2690 1420 2782 1498 τῷ
2829 1413 3000 1494 ὕψος
3046 1413 3250 1493 παρά-

566 1530 627 1578 10
663 1537 856 1580 κειται
901 1517 978 1580 τὸ
3094 1523 3099 1529 ’

922 1617 1098 1696 ὑψοῦ
1144 1618 1210 1682 δ’
1253 1616 1324 1680 ἐν
1370 1617 1568 1699 νοτίῳ
1612 1618 1731 1695 τήν
1773 1618 1846 1692 γ’
1895 1617 2172 1697 ὥρμιςαν
2221 1618 2286 1700 (δ
2333 1616 2520 1698 785)·
2976 1677 2979 1680 ,

659 1725 751 1803 τῷ
807 1722 957 1797 τῆλε
1013 1720 1089 1784 τὸ
1143 1719 1387 1797 τηλοῦ
1444 1719 1511 1799 (ὃ
1557 1719 1887 1801 <μή>ποτε
1940 1719 2376 1796 ἐδύνατο,καὶ
2427 1724 2518 1799 τῶ
2574 1720 2764 1783 τέλος
2820 1721 3247 1796 παρακεῑςθαι,
3287 1729 3388 1779 588

661 1820 822 1886 ὥςτε
866 1821 942 1884 τὸ
1000 1821 1112 1897 μὲν
1159 1820 1411 1885 ἐντελὲς
1457 1817 1620 1885 εἶναι
1666 1822 1887 1897 τελοῦ,
1947 1818 2086 1884 εἶτα
2129 1821 2273 1884 κατ’
2325 1819 2655 1885 ἐπέκταςιν
2709 1823 2939 1898 τηλοῦ·
2995 1821 3075 1884 τὰ
3126 1819 3251 1897 γὰρ
3356 1891 3369 1904 ‚

660 1921 762 1985 ἐπὶ
816 1923 1042 1986 τέλους
1099 1922 1508 1987 ςυντείνοντα
1574 1920 2046 2004 μεγεθύνεται)·
2112 1928 2204 2005 τῷ
2272 1920 2418 2000 ἄγχι
2472 1923 2548 1986 τὸ
2617 1920 2852 1999 ἀγχοῦ·
2925 1927 3001 2005 τῇ
3057 1919 3252 1984 αὐτός

564 2035 626 2084 15
660 2022 1025 2107 ἀντωνυμίᾳ
1090 2023 1166 2087 τὸ
1224 2023 1426 2088 αὐτοῦ
1493 2022 1707 2106 (ἔνθεν
1766 2025 1867 2088 καὶ
1923 2027 2100 2088 δοκεῖ
2153 2023 2231 2087 τὰ
2288 2027 2400 2100 τῆς
2454 2023 2863 2101 παραθὲςεως
2923 2021 3251 2102 ἀμφίβολα

658 2124 969 2207 γίνεςθαι,
1019 2126 1115 2189 ὅτι
1160 2125 1258 2189 καὶ
1300 2125 1340 2203 ἡ
1385 2125 1602 2204 γενικὴ
1648 2125 2070 2204 ςυνεμπίπτει.
2143 2125 2220 2189 τὸ
2265 2127 2427 2201 γοῦν
3301 2145 3326 2183 5

1469 2224 1796 2307 ὀφθαλμοὶ
1849 2228 1919 2290 δὲ
1966 2227 2158 2304 χαμαὶ
2201 2225 2399 2290 πέςον
2445 2225 2517 2290 ἐν
2563 2224 2841 2309 κονίῃςιν

914 2328 1114 2392 αὐτοῦ
1162 2328 1396 2406 πρόςθε
1442 2331 1671 2392 ποδῶν
1720 2327 1811 2410 (Π
1856 2327 2008 2410 741)

658 2430 797 2508 ἤτοι
844 2427 984 2494 ἀντὶ
1028 2434 1146 2495 τοῦ
1190 2429 1391 2494 αὐτοῦ
1436 2430 1673 2507 πρόςθε
1718 2434 1948 2493 ποδῶν
1994 2429 2250 2512 ἔπεςαν,
2295 2429 2333 2507 ἢ
2376 2429 2647 2507 τοπικὴν
2694 2429 2896 2508 ςχέςιν
2940 2429 3244 2507 ςημαίνει·

561 2549 625 2595 20
661 2532 763 2593 καὶ
805 2532 880 2594 τὸ

916 2632 1118 2697 αὐτοῦ
1162 2633 1266 2697 καὶ
1309 2634 1514 2711 κριοῖο
1559 2632 1880 2697 θοώταταί
1923 2632 2033 2696 εἰςι
2079 2633 2367 2696 κέλευθοι
2414 2630 2621 2722 (Aput.
2672 2629 2906 2695 Phaen.
2952 2630 3106 2712 225)
3301 2657 3350 2694 ιο

654 2733 796 2812 ἤτοι
838 2738 954 2800 τοῦ
1001 2739 1179 2814 κριοῦ
1224 2736 1327 2800 καὶ
1370 2739 1486 2800 τοῦ
1532 2736 1840 2813 ςκορπίοῦ
1886 2734 2202 2798 θοῶταται
2249 2732 2311 2797 αἱ
2356 2733 2641 2798 κέλευθοί
2676 2731 2847 2816 εἰςιν,
2893 2733 2931 2811 ἢ
2966 2736 3244 2798 τοπικῶς

659 2836 853 2900 πάλιν
897 2837 974 2900 τὸ
1020 2837 1329 2915 ἐπίρρημα
1375 2839 1618 2917 κεῖται).
1652 2873 1730 2881 -
1777 2835 1975 2899 Ὅθεν
2022 2835 2522 2914 ἀναλογῶτερον
2568 2838 2746 2899 δοκεῖ
2789 2833 2955 2900 εἶναι
2999 2835 3075 2899 τὸ
3110 2837 3243 2897 ποῦ

589 2968 610 2997 x
653 2941 770 3001 τοῦ
815 2936 1003 3001 ὅπου.
1066 2937 1204 3015 ἔχοι
1248 2937 1316 3000 δ’
1360 2937 1439 3000 ἂν
1486 2939 1589 3001 καὶ
1633 2937 1707 3001 τὸ
1753 2936 1925 3001 ὅπου
1969 2936 2339 3011 ἀναλογίαν,
2392 2937 2552 3001 καθὸ
2595 2938 2676 3001 τὰ
2719 2937 2790 3002 ἐν
2836 2941 3243 3019 περιςπαςμῶ

554 3055 620 3104 25
658 3038 973 3117 λεγόμενα
1015 3039 1482 3121 μονοςύλλαβα,
1528 3039 2106 3118 προςλαμβάνοντα
2135 3037 2212 3102 τὸ
2244 3057 2282 3100 ο
2313 3039 2471 3101 κατὰ
2512 3037 2914 3118 ἀναφορικὴν
2955 3038 3240 3119 ἔννοιαν,
3296 3067 3345 3105 ιο

656 3139 1010 3218 βαρύνεται.
1086 3141 1160 3204 τὸ
1217 3142 1357 3205 πῶς
1415 3139 1626 3204 ὅπως
1683 3140 1931 3216 λέγεται
1977 3140 2079 3204 καὶ
2121 3142 2196 3204 τὸ
2251 3126 2581 3225 πῇ“ὅπῃ·
2641 3142 2744 3205 καὶ
2800 3141 2874 3203 τὸ
2929 3144 3060 3204 ποῦ
3115 3139 3242 3218 ἄρα

657 3240 827 3304 ὅπου
873 3239 1127 3319 εἴρηται.

820 3341 1091 3419 Ὁμοίως
1145 3343 1250 3405 καὶ
1302 3342 1382 3407 τὰ
1437 3342 1526 3406 εἰς
1581 3363 1642 3408 οι
1703 3345 1986 3420 λήγοντα
2040 3344 2398 3420 παραγωγά
2453 3347 2857 3426 περιςπᾶται,
2916 3345 3079 3420 παρ’
3134 3343 3240 3407 οἶα

627 3443 804 3521 -μέρη
850 3442 1051 3519 λόγου
1096 3443 1176 3507 ἂν
1222 3444 1260 3526 ᾖ
1305 3445 1707 3522 παρηγμένα,
1767 3445 2154 3521 Μεγαροῖ,
2215 3445 2516 3522 Ἰςθμοῖ,
2565 3444 2663 3509 καὶ
2705 3446 2881 3523 παρὰ
2925 3445 3239 3525 ἐπίρρημα
3289 3471 3342 3509 20

549 3563 616 3610 30
650 3543 724 3608 τὸ
793 3544 1068 3608 ἐνταῦθα
1133 3545 1526 3610 ἐνταυθοῖ.
1612 3547 2080 3624 ςεςημειῶςεται
2147 3544 2267 3609 οὖν
2329 3546 2407 3609 τὸ
2471 3545 2676 3611 οἴκοι
2745 3547 2823 3609 οὐ
2889 3546 3094 3626 μόνον
3159 3552 3235 3630 τῇ

784 3746 999 3798 Αιιονιι.
1072 3751 1104 3799 8
1139 3745 1426 3799 Adverbia
1459 3746 1514 3799 in
1553 3754 1648 3811 δῦ,
1686 3747 1804 3800 sive
1841 3763 1877 3799 a
1901 3745 2220 3800 nominibus
2243 3745 2360 3799 sive
2387 3745 2459 3799 ab
2485 3746 2610 3799 aliis
2638 3746 2864 3801 vocibus
2889 3747 3234 3814 derivantur,

647 3829 1064 3884 circumflexum
1109 3830 1338 3883 habent.
1388 3861 1442 3868 —
1497 3836 1562 3884 23
1599 3833 1788 3886 Ὅπου
1824 3832 2015 3884 autem
2054 3830 2531 3894 correlativorum,
2578 3846 2723 3900 quae
2760 3831 2830 3885 ab
2868 3837 2901 3885 ὅ
2935 3831 3234 3901 incipiunt,

647 3914 900 3981 sequitur
944 3914 1278 3984 analogiam.
1327 3945 1388 3954 —-
1433 3919 1499 3967 28
1548 3915 1832 3969 Adverbia
1877 3916 1935 3968 in
1982 3923 2034 3969 δι’
2079 3914 2334 3968 derivata.
2378 3914 2774 3984 perispomena
2819 3916 2963 3970 sunt.
3052 3915 3235 3981 Quare

647 3999 828 4053 πόποι
861 3999 1004 4052 οἶκοι
1042 3999 1164 4053 εὐοῖ
1197 3999 1496 4066 notabilia;

783 4184 1003 4242 Taum.
1069 4191 1265 4239 13-14
1300 4184 1386 4242 Et.
1427 4185 1520 4239 Or.
1562 4192 1678 4252 152,
1716 4191 1747 4239 6
1784 4188 1843 4239 et
1877 4187 2051 4239 tacito
2090 4185 2375 4254 Apollonii
2411 4186 2635 4239 nomine
2672 4186 2757 4241 Et.
2784 4185 2859 4241 M.
2887 4193 3004 4255 757,
3030 4195 3062 4240 9
3096 4187 3234 4241 haee

647 4269 721 4323 ad
759 4270 990 4323 verbum
1029 4270 1147 4323 fere
1186 4272 1619 4340 exscripserunt.
1659 4301 1718 4309 —
1758 4277 1823 4324 23
1862 4271 2058 4324 {hoen
2099 4270 2231 4325 Cau.
2267 4278 2392 4337 430,
2434 4278 2478 4323 1.

779 4455 968 4508 Daca.
1006 4473 1210 4510 semp-r.
1269 4463 1309 4511 l.
1349 4458 1417 4511 τὸ
1457 4458 1499 4510 Α
1536 4458 1595 4510 et
1627 4456 1665 4509 b
1699 4457 1758 4529 ip
1794 4457 1973 4522 textu,
2014 4463 2221 4509 ‘nonne
2258 4457 2330 4511 τὰ
2349 4461 2397 4509 ‘?'
2446 4456 2522 4509 id.
2562 4457 2619 4509 in
2658 4473 2771 4512 var.
2808 4458 2937 4512 lect.
2975 4465 2986 4524 Ι
3028 4461 3230 4526 Ἀρειο-

641 4541 883 4608 παγίτης
908 4538 1288 4605 ChALobeck‚
1329 4540 1734 4607 Ἀρεοπαγίτης
1772 4540 1866 4595 Ab
1898 4540 1908 4607 Ι
1943 4546 2087 4594 1-2.
2127 4541 2278 4607 παρὰ
2313 4542 2383 4594 τὸ
2417 4541 2488 4593 τὸ
2525 4542 2669 4595 αὐτό
2706 4542 2759 4606 b,
2799 4559 2952 4609 παρα
2986 4560 3052 4596 το
3088 4559 3230 4597 αυτο

641 4627 683 4679 Α
716 4636 724 4691 1
755 4632 803 4679 2.
839 4624 1124 4693 ταύτότης
1160 4623 1536 4685 ChALobeek‚
1571 4627 1854 4692 ταυτότης
1892 4625 1984 4679 Ab
2025 4628 2034 4691 Ι
2073 4631 2223 4678 2—3.
2252 4626 2365 4679 Νέα
2390 4627 2451 4678 et
2474 4626 2827 4695 Νεαπολίτης
2854 4626 3227 4693 ChALobeck‚

641 4711 741 4762 νέα
776 4711 836 4763 et
868 4712 1207 4777 νεαπολίτης
1245 4710 1280 4763 b
1318 4715 1328 4775 Ι
1368 4716 1417 4764 9.
1450 4715 1537 4778 τῷ
1563 4711 1625 4774 b,
1670 4727 1739 4763 το
1776 4712 1818 4764 Α
1866 4713 1875 4774 Ι
1918 4716 1991 4762 ΙΙ.
2029 4726 2295 4777 ωρμηςαν
2332 4712 2374 4764 Α
2409 4711 2418 4775 Ι
2469 4715 2544 4762 12.
2584 4710 2616 4763 ὃ
2655 4713 2875 4778 μήποτε
2910 4727 3013 4780 pro
3050 4711 3229 4765 ὁπότε

641 4791 997 4848 RSehneider
1026 4796 1037 4863 Ι
1066 4800 1151 4861 τῷ
1186 4796 1348 4849 τέλος
1384 4794 1447 4858 b,
1483 4811 1549 4847 το
1587 4798 1750 4848 τελος
1790 4796 1832 4848 Α
1864 4796 1874 4859 Ι
1905 4801 1986 4847 23.
2024 4794 2174 4847 Οθεν
2209 4809 2380 4861 supra
2413 4793 2510 4846 lin.
2552 4796 2616 4848 Α·
2648 4798 2658 4862 1
2689 4801 2772 4849 27.
2815 4794 2896 4848 ‘R
2923 4795 3226 4863 είρήςεται’

643 4878 677 4930 b
713 4876 769 4929 in
807 4894 921 4933 var.
960 4878 1088 4936 lect.
1119 4883 1129 4947 Ι
1161 4886 1242 4934 30.
1284 4879 1462 4945 μόνον
1496 4880 1644 4948 <ἐν>
1681 4878 2044 4932 RSkrzeczka
