3738 5530
1390 381 1624 432 mum
1660 381 2099 434 Anvmssmvm
2140 382 2290 435 sss‘r.
3017 382 3136 446 133

465 604 490 645 5
542 587 641 650 ὅτι
685 590 788 651 καὶ
829 589 904 651 τὸ
950 587 1079 650 δέω
1124 586 1396 650 πλείονα
1441 586 1722 663 ςημαίνει
1765 587 1866 650 καὶ
1910 586 1985 650 τὸ
2030 587 2231 664 χρέω·
2278 586 2445 650 ἀλλὰ
2480 586 2583 649 καὶ
2616 586 2775 651 αὐτὸ
2810 586 2886 652 τὸ
2925 587 3135 651 ἐνδεῖν

541 691 820 767 ςημαίνει
874 690 950 752 τὸ
1006 688 1195 767 χρέω.
1272 688 1470 767 ςαφὲς
1526 688 1595 751 ἐκ
1648 690 1764 751 τοῦ
1821 689 2289 765 παρακειμένου
2346 686 2724 767 οὐδετέρου,
2787 688 2956 764 λέγω
3014 694 3132 755 τοῦ

538 790 761 869 χρέος,
826 790 916 855 ὡς
970 791 1073 853 καὶ
1126 790 1197 853 έν
1252 795 1345 872 τῷ
1400 788 1540 853 ἔπω
1598 788 1758 852 ἔπος
1812 788 2205 867 παράκειται.
2293 791 2395 853 καὶ
2449 789 2516 852 ἐξ
2584 788 3000 868 ὑπομνήςεως
3055 792 3131 856 τὸ

539 896 843 958 τοιοῦτον
890 894 990 956 δεῖ
1030 893 1461 970 παραλαβεῖν,
1516 890 1617 954 ὅτι
1661 891 2020 968 παραγωγή
2063 891 2152 954 τίς
2198 890 2362 956 ἐςτιν
2406 891 2445 968 ἡ
2490 895 2609 954 τοῦ
2660 895 2878 973 χρῆμι,
2935 891 3012 969 ἧς
3056 895 3132 956 τὸ

438 1012 489 1050 10
538 996 753 1073 τρίτον
811 993 1163 1072 πρόςωπόν
1221 993 1346 1056 ἐςτι
1398 995 1609 1074 χρῆςι,
1666 991 1884 1056 καθότι
1939 992 2043 1055 καὶ
2094 993 2269 1070 παρὰ
2311 993 2399 1057 ’τὸ
2456 993 2616 1073 φημί
2659 994 2828 1071 φηςί.
2905 995 3004 1057 καὶ
3049 994 3129 1059 ὃν
3169 1009 3201 1056 5

538 1097 788 1174 τρόπον
834 1097 1010 1173 παρὰ
1055 1094 1459 1173 Ἀνακρέοντι
1506 1093 1611 1175 (fr.
1656 1094 1737 1156 41
1787 1092 2061 1177 Bergk³)
2105 1096 2181 1160 τὸ
2237 1095 2427 1175 φηςίν
2473 1095 2807 1160 ἀποκοπὲν
2854 1097 2947 1175 φή
2994 1096 3129 1170 ἐγέ-

539 1219 725 1281 νετο,
781 1199 855 1261 ςὲ
909 1197 1051 1274 γάρ
1108 1217 1213 1275 φη
1266 1196 1727 1276 ταργήλιος,
1786 1197 1900 1260 τὸν
1957 1196 2156 1261 αὐτὸν
2201 1198 2450 1276 τρόπον
2495 1198 2598 1261 καὶ
2641 1198 2716 1261 τὸ
2772 1201 2950 1276 χρῆςι
3009 1200 3129 1276 χρή

540 1301 798 1377 ἐγένετο
844 1298 1201 1363 ἀποκοπέν.
1270 1297 1433 1376 ὅπερ
1478 1297 1866 1374 ἐπίμεμπτον
1913 1298 1983 1362 ἐν
2026 1304 2100 1379 τῇ
2147 1299 2305 1363 κατὰ
2347 1300 2463 1364 τὸν
2503 1300 2935 1377 παρατατικὸν
2967 1320 3128 1378 προ-

538 1406 718 1483 φορᾷ
760 1401 921 1465 κατὰ
976 1399 1183 1482 τάςιν,
1240 1399 1463 1477 ἐχρῆν,
1523 1398 1708 1480 <καὶ>
1766 1397 1863 1462 ὅτι
1923 1398 2078 1482 [καὶ]
2125 1401 2236 1464 ςὺν
2293 1407 2384 1481 τῷ
2439 1403 2489 1463 ’ν’
2548 1400 2797 1476 λέγεται
2856 1401 3125 1485 [ἐχρῆν]

440 1516 490 1555 1⁵
539 1504 642 1567 καὶ
684 1502 881 1567 πάλιν
940 1501 1019 1565 οὐ
1065 1502 1223 1566 κατὰ
1276 1502 1392 1578 τὴν
1447 1500 1669 1578 ἑτέραν
1716 1500 2095 1580 παράθεςιν,
2150 1502 2366 1566 καθότι
2412 1501 2515 1565 καὶ
2555 1503 2630 1565 τὸ
2687 1501 2766 1580 ἦν
2821 1503 2893 1568 ἐν
2935 1503 3126 1587 τρίτῳ
3166 1516 3230 1565 10

534 1605 804 1670 ἑνοεῖτο.
888 1605 990 1667 καὶ
1042 1604 1118 1668 τὸ
1175 1604 1370 1667 ςυνὸν
1430 1603 1501 1667 δὲ
1559 1602 2030 1683 ἀπαρέμφατον
2087 1607 2313 1683 χρῆναι
2373 1594 2784 1682 ἐπιμαρτυρεῖ
2836 1611 2928 1688 τῷ
2985 1625 3126 1684 ςχη-

536 1712 835 1789 ματιςμῷ.

696 1909 1056 1987 Ἐχομένως
1101 1907 1406 1973 ςκεπτέον
1452 1909 1595 1986 περὶ
1638 1912 1756 1972 τοῦ
1800 1908 2043 1987 ἕκητι,
2089 1910 2236 1988 περὶ
2280 1907 2360 1971 οὗ
2406 1911 2510 1973 καὶ
2553 1909 2623 1974 έν
2668 1916 2759 1991 τῷ
2803 1911 2946 1987 περὶ
2977 1931 3117 1975 ςυν-

532 2011 780 2088 δέςμων
826 2011 1191 2093 ε’ξεθέμεθα,
1249 2010 1532 2090 πότερον
1577 2011 1737 2074 αὐτὸ
1783 2011 2277 2089 καταριθμητέον
2325 2010 2412 2075 εἰς
2458 2012 2611 2075 τοὺς
2655 2010 3118 2087 αἰτιολογικοὺς

388 2122 481 2168 ‘²0
532 2112 944 2191 ςυνδέςμους,
995 2112 1086 2177 ὼς
1130 2110 1270 2189 ἴςην
1320 2112 1475 2190 ἔχον
1522 2112 1793 2190 δύναμιν
1837 2119 1930 2192 τῷ
1976 2112 2190 2187 ἕνεκα,
2253 2111 2342 2176 ὥς
2386 2131 2459 2188 γε
2505 2111 2630 2176 ἔςτι
2677 2114 3124 2191 ςημειώςαςθαι
3163 2128 3226 2176 15

394 2203 401 2211 ⁸
529 2214 600 2277 ἐκ
642 2217 754 2290 τῆς
800 2213 902 2277 ἐπὶ
945 2214 1106 2277 αὐτὸ
1153 2213 1520 2292 φερομένης
1566 2213 1951 2294 ςυντάξεως,
2010 2213 2230 2293 ἕκητι
2276 2213 2526 2289 ςέθεν,
2587 2212 2676 2276 ὡς
2729 2214 2858 2292 ἔχει
2903 2217 3004 2278 καὶ
3046 2217 3122 2280 τὸ

534 2316 765 2380 ἕνεκα
810 2320 976 2397 ςοῦ,
1031 2315 1249 2379 καθότι
1292 2316 1395 2379 καὶ
1439 2313 1476 2378 ὁ
1523 2314 1867 2393 ςύνδεςμος
1913 2315 2018 2378 ἐπὶ
2067 2316 2324 2392 γενικὴν
2372 2315 2635 2394 φέρεται
2680 2316 2782 2379 καὶ
2824 2316 3123 2382 τοιοῦτόν

528 2438 587 2481 τι
632 2417 936 2495 ςημαίνει,
983 2416 1309 2482 ἑκόντος
1357 2419 1522 2492 ςοῦ,
1585 2414 1674 2479 ὡς
1720 2416 2064 2480 ἐθέλοντος
2111 2420 2244 2480 ςοῦ.
2321 2417 2373 2497 ᾧ
2420 2416 2789 2493 παράκειται
2833 2418 2909 2480 τὸ
2956 2417 3120 2480 ἑθε-

426 2533 479 2574 25
530 2519 786 2594 λοντί,
831 2519 1049 2583 καθότι
1080 2518 1180 2583 καὶ
1208 2516 1428 2582 ἄλλοις
1458 2518 1539 2582 τὰ
1566 2521 1832 2581 τοιαῦτα
1861 2518 2265 2598 παράκειται,
2308 2517 2733 2596 ἀθεωρητί,
2771 2516 3119 2582 ἀκλαυτί.

530 2620 974 2697 ἐντελέςτερον
1030 2620 1145 2697 μὲν
1191 2619 1339 2694 οὖν,
1400 2619 1489 2683 ὡς
1535 2618 1834 2702 εἴπομεν,
1890 2620 2207 2699 ἠκριβώθη
2253 2619 2291 2682 ὁ
2337 2620 2484 2696 περὶ
2536 2618 2738 2682 αὐτοῦ
2796 2619 2990 2694 λόγος
3048 2620 3119 2683 έν
3158 2635 3223 2684 20

527 2727 620 2803 τῷ
679 2724 824 2802 περὶ
881 2721 1272 2801 ςυνδέςμων·
1343 2722 1443 2784 καὶ
1496 2724 1615 2785 νῦν
1674 2722 1744 2786 δὲ
1791 2721 1873 2786 δι’
1916 2719 2155 2798 ὀλίγων
2212 2720 2667 2803 ἀποδεικτέον,
2726 2720 2816 2785 ὡς
2872 2722 3120 2799 μᾶλλον

529 2822 740 2902 ἔχεται
784 2829 902 2888 τοῦ
948 2827 1250 2902 μεριςμοῦ
1296 2826 1431 2887 τῶν
1478 2823 1946 2903 ἐπιρρημάτων.
1995 2860 2069 2869 —-
2130 2823 2271 2887 Ὅτι
2317 2825 2381 2887 οῖ
2426 2823 2753 2902 ςύνδεςμοι
2796 2822 2911 2887 τὰς
2957 2823 3119 2888 ἀπο-

424 2943 479 2982 30
529 2926 801 3005 φατικὰς
845 2926 1073 3004 φωνὰς
1117 2926 1155 3003 ἢ
1201 2925 1312 2989 τὰς
1359 2926 1717 3004 ςτερητικὰς
1762 2924 1843 2988 οὐ
1906 2924 2206 2990 δύνανται
2251 2925 2698 3003 ἀναδέχεςθαι,
2754 2928 2957 3003 δῆλον
3017 2925 3118 2988 ἐν-

527 3031 772 3091 τεῦθεν.
857 3027 963 3090 ε’πὶ
1026 3027 1369 3106 καταφάςει
1432 3033 1627 3091 τινῶν
1692 3028 1771 3091 τὰ
1835 3031 2100 3092 τοιαῦτα
2165 3027 2354 3105 μόρια
2417 3026 2977 3106 παραλαμβάνεται
3032 3025 3118 3090 εἰς
3177 3025 3184 3032 ’

528 3127 849 3207 ἀναίρεςιν
905 3131 1015 3205 τῆς
1072 3127 1504 3208 καταφὰςεως.
1581 3127 1642 3191 οἱ
1700 3128 1771 3192 δὲ
1825 3128 2153 3206 ςύνδεςμοι
2199 3128 2441 3193 οὔποτε
2495 3128 2640 3191 κατ’
2695 3127 2859 3192 ἰδίαν
2906 3128 3117 3206 ςημαί-
3155 3143 3221 3191 25

390 3249 492 3297 544
528 3228 707 3294 νουςί
750 3249 839 3311 τι,
898 3229 1223 3295 ςυνδέουςι
1267 3230 1337 3293 δὲ
1381 3230 1532 3293 τοὺς
1580 3227 1845 3306 λόγους,
1895 3229 2035 3309 ἑξῆς
2079 3230 2413 3294 τάςςοντες
2458 3230 2560 3293 καὶ
2602 3228 2816 3293 οὕτως
2873 3229 3118 3294 ἑπιςυν-

660 3432 880 3484 Anava.
967 3435 1028 3484 18
1071 3429 1264 3497 Ἕκητι
1309 3429 1640 3484 adverbium
1688 3431 1786 3484 est.
1837 3461 1901 3471 —-
1949 3435 2013 3482 22
2050 3429 2198 3484 Nam
2235 3430 2657 3484 coniunctiones
2692 3447 2981 3499 nunquam
3017 3409 3146 3499 per·

527 3531 586 3568 se
622 3513 839 3584 aliquid
875 3514 1219 3585 significant,
1266 3515 1366 3567 sed
1411 3514 1721 3568 sententias
1757 3514 2122 3578 connectunt;
2169 3531 2457 3583 nunquam
2493 3514 2668 3585 igitur
2701 3522 2739 3569 ἃ
2774 3515 3119 3585 privativum

528 3601 832 3653 assumunt.
903 3598 1050 3669 Ergo
1086 3600 1151 3652 ut
1185 3600 1406 3667 ἀέκητι,
1443 3599 1526 3652 ita.
1561 3601 1743 3668 ἕκητι,
1781 3599 1933 3670 quod
1969 3600 2041 3654 ab
2079 3616 2145 3654 eo
2183 3600 2332 3653 ἀοι-ἰν
2345 3601 2495 3663 atur,
2537 3599 2868 3654 adverbium
2905 3601 3004 3653 est.

594 3758 599 3762 ⁸
657 3767 881 3826 Tus-rna.
924 3837 927 3840 Α
958 3777 981 3823 1
1010 3769 1079 3825 cf.
1107 3767 1299 3824 Orion.
1332 3775 1454 3838 164,
1482 3775 1513 3823 8
1550 3763 1732 3835 Χρέος
1765 3766 1924 3836 παρὰ
1952 3763 2016 3822 τὸ
2043 3767 2190 3837 xvim
2213 3765 2276 3823 τὸ
2306 3770 2525 3836 δηλοῦν
2552 3765 2615 3822 τὸ
2645 3764 2858 3823 ἐνδεῖν.
2907 3762 3105 3830 Οὕτως

520 3846 886 3915 Ἀπολλώνιος
923 3848 985 3908 ἐν
1020 3853 1099 3925 τῷ
1132 3854 1263 3920 περὶ
1300 3850 1714 3922 ἐπιρρημάτων.
1776 3852 1990 3907 Eadem
2026 3853 2145 3907 fere
2182 3854 2314 3906 sunt·
2347 3852 2406 3904 in
2431 3851 2595 3918 Gud„
2632 3852 2730 3905 ubi
2754 3862 2945 3908 tamen
2971 3854 3110 3908 falso

523 3936 732 4007 legitur
766 3938 900 4006 περὶ
936 3932 1221 4007 ᾇημάτων.
1291 3938 1359 3992 cf.
1397 3938 1608 4005 Miller,
1647 3937 1777 3991 Mel.
1812 3955 1868 4006 p.
1907 3943 2025 3992 311.
2063 3943 2180 3994 312.
3083 3963 3088 3967 ·

655 4105 847 4162 D1scn.
883 4126 1074 4162 somn.
1147 4114 1196 4165 2.
1232 4125 1576 4176 παρακειμεν
1611 4107 1767 4161 abbr.
1808 4108 1867 4161 in
1905 4109 1948 4162 A
1981 4110 1990 4172 Ι
2021 4114 2172 4164 3-4.
2206 4125 2275 4163 το
2309 4124 2571 4162 τοιουτον
2606 4122 2714 4161 om.
2753 4109 2845 4173 A',
2885 4106 3014 4161 add.
3043 4107 3112 4161 A²

522 4211 580 4247 m
614 4209 791 4263 marg.
823 4194 833 4263 Ι
863 4198 910 4247 6.
948 4210 981 4246 ν
1018 4193 1168 4247 vocis
1202 4209 1370 4261 φηςιν
1407 4192 1760 4259 distractum,
1800 4194 1866 4246 ut·
1897 4192 2050 4247 linea
2084 4193 2381 4262 expleatur
2408 4198 2417 4258 1
2449 4199 2494 4246 7.
2521 4190 2678 4260 τροπ“
2709 4193 2752 4246 Α
2783 4193 2793 4260 l
2834 4196 2883 4246 8.
2911 4193 3109 4260 διόπερ

519 4294 623 4346 pro
660 4280 802 4346 ὅπερ
838 4277 1284 4333 GFSchoemann
1349 4287 1358 4340 ι
1423 4283 1470 4331 9.
1508 4278 1651 4331 κατὰ
1686 4277 1844 4332 τάςιν
1881 4278 1973 4331 Ab
2010 4278 2069 4331 in
2104 4278 2288 4342 textu,
2338 4279 2481 4331 κατά
2524 4293 2590 4331 τε
2633 4279 2789 4330 τάςιν
2823 4276 2860 4329 b
2897 4276 2955 4329 in
2995 4292 3108 4329 var.

520 4362 649 4416 lect.
704 4364 713 4430 Ι
771 4363 945 4430 ἐχρῆν
982 4362 1075 4417 Ab
1109 4362 1170 4414 in
1204 4362 1393 4429 textu,
1432 4362 1602 4429 ἐχρῆν
1636 4361 1825 4430 (γὰρ)
1858 4361 1897 4414 b
1932 4361 1990 4415 in
2027 4379 2142 4420 var.
2178 4361 2307 4416 lect.
2337 4364 2347 4429 Ι
2389 4364 2480 4416 καὶ
2516 4364 2604 4416 ὅτι
2640 4359 3106 4422 GFSchoemann,

519 4449 735 4502 δτι·καὶ
771 4446 866 4502 Ab
910 4449 969 4500 in
1013 4448 1198 4510 textu,
1246 4448 1336 4501 ὅτι
1379 4463 1445 4500 τε
1491 4447 1581 4499 καὶ
1624 4445 1663 4498 b
1715 4445 1770 4498 iu
1818 4461 1937 4499 var.
1982 4446 2113 4500 lecss.
2177 4451 2186 4511 1
2250 4448 2420 4515 ἐχρῆν
2465 4446 2573 4500 del.
2612 4444 3055 4499 GFSchoemann
3098 4449 3104 4510 1

524 4538 601 4586 10.
642 4532 787 4586 κατά
821 4535 941 4584 τιν’
975 4532 1175 4598 ἑτέραν
1210 4533 1541 4599 παράθεςιν,
1579 4531 1697 4598 (ἢ)
1733 4531 1936 4585 καθότι
1972 4529 2195 4600 GUhlig
2225 4535 2233 4596 Ι
2268 4537 2481 4585 11—12.
2515 4547 2600 4584 τω
2638 4546 2993 4598 ςχηματιςμω
3019 4531 3063 4583 Α
3094 4533 3102 4602 Ι

523 4621 601 4670 13.
636 4615 927 4685 inscripffio
964 4631 1089 4683 περι
1124 4631 1227 4669 του
1265 4631 1421 4684 εκητι
1456 4613 1686 4667 maiusc.
1723 4615 1766 4668 A
1807 4618 1816 4681 Ι
1861 4620 1938 4670 14.
1978 4614 2182 4668 ultima
2214 4615 2431 4683 syllaba
2469 4616 2615 4669 vocis
2651 4619 3099 4683 καταριθμητεον

519 4701 738 4755 abbr.A
771 4706 780 4767 Ι
818 4707 892 4755 15.
912 4700 1124 4755 εςτινΑ
1157 4703 1165 4766 Ι
1203 4705 1277 4753 18.
1299 4700 1421 4768 ᾧδ,
1445 4715 1511 4752 ωι
1534 4699 1601 4752 Α*
1635 4698 1695 4751 in
1730 4714 1833 4752 ras,
1869 4703 1879 4764 Ι
1909 4704 1992 4756 21.
2014 4702 2249 4766 ςυνδεςῦ
2269 4704 2311 4756 Α
2343 4702 2352 4769 Ι
2394 4708 2475 4754 23.
2497 4702 2799 4766 αναδεχεςθ
2836 4700 2994 4758 abbr.
3015 4702 3058 4755 A
3089 4702 3095 4770 Ι

517 4791 733 4844 25—26.
771 4802 1127 4853 ςημαινουςιν
1164 4787 1207 4840 Α
1260 4787 1270 4853 Ι
1323 4789 1404 4842 26.
1442 4786 1761 4838 ςυνδεουςιν
1796 4785 1840 4837 Α
1881 4788 1890 4851 Ι
1943 4786 2069 4848 ἑξῆς
2103 4786 2402 4840 τάςςοντες
2440 4784 2909 4852 GFSohoemann,
2947 4786 3101 4854 ἐξαρ-

516 4870 767 4925 τίῑοντες
804 4867 1183 4935 OSchneider,
1219 4869 1577 4924 ἐξετάζοντες
1614 4867 1706 4921 Ab
