3738 5530
579 317 1022 373 Commentarius
1051 318 1279 373 criticus
1308 320 1369 373 et
1394 318 1717 388 exegeticus
1746 319 1805 373 in
1833 316 2122 389 Apollonii
2150 318 2381 388 Dyscoli
2408 320 2620 391 scripta
2645 320 2879 376 minora.
2959 323 3087 387 149

466 479 537 570 γ)
571 489 725 563 quod
760 506 892 548 cum
925 490 1375 563 pronominibus
1411 505 1524 562 per
1563 506 1761 548 onmes
1794 505 2090 563 personas
2134 491 2443 549 coniuncta
2483 508 2604 548 nou
2647 493 2975 562 flectuntur,
3021 496 3087 552 ut

464 581 652 639 cetera
695 579 977 637 adverbia
1026 579 1171 652 128,
1193 579 1519 652 22-129,
1541 580 1611 653 9,
1665 569 1734 659 δ)
1780 579 1935 652 quod
1987 579 2205 637 diversi
2248 580 2407 638 modi
2453 570 2842 660 (indicativus
2889 584 2950 640 et
2994 581 3083 641 in-

463 658 758 748 finitivus)
802 684 921 726 non
974 670 1403 735 consociantur,
1463 669 1582 726 uisi
1636 670 1691 727 si
1745 669 1895 726 alter
1949 660 2369 750 (indicativus)
2427 673 2509 727 cst
2560 671 2720 728 verbi
2776 672 3049 745 cupiendi
3062 691 3086 742 ,-

467 774 596 831 erqo
643 756 760 817 δεῖ
807 772 845 831 χ
856 753 943 831 ρή
991 761 1097 816 aut
1138 758 1230 815 his
1275 758 1465 816 verbis
1500 758 1953 817 aduwneranda
1996 761 2135 816 svmt
2178 749 2269 839 (id
2317 756 2475 833 quod
2518 757 2649 818 fieri
2692 778 2811 818 non
2856 753 3084 842 potest)

464 850 570 906 aut
623 849 690 905 iu
748 847 1157 906 adverbiorum
1213 846 1536 906 numerum‘
1580 847 1891 919 referenda
1951 849 2099 921 129,
2130 847 2363 906 9—15.
2472 846 2559 906 Of.
2605 852 2760 924 synt.
2810 851 2967 925 234,
2998 851 3080 910 23

464 937 838 1011 —242‚20;
884 935 1023 995 Her.
1061 937 1092 995 Ι
1130 936 1356 1011 431,7.
1396 936 1668 1010 508,19.
1742 935 1804 994 Π
1844 937 2115 1010 606,28.

641 1023 1009 1085 GFSchoem.
1048 1025 1078 1083 I
1126 1026 1163 1084 6
1196 1051 1279 1073 =
1309 1043 1505 1101 opusc.
1543 1024 1631 1083 IV
1680 1027 1806 1084 247
1855 1025 2241 1103 Apollonium
2295 1028 2597 1086 verissime
2655 1027 2921 1105 quidem,
2976 1028 3079 1088 sed

465 1115 828 1194 argumentis
882 1133 1002 1174 non
1048 1115 1278 1192 pariter
1322 1114 1593 1174 omnibus
1639 1115 1796 1173 veris
1809 1161 1825 1189 ,
1886 1115 2069 1192 longa
2122 1118 2185 1175 et
2240 1117 2485 1192 spinosa
2536 1115 2940 1192 disputatione
2988 1117 3083 1177 de-

464 1208 792 1266 monstrare
838 1207 1065 1279 censet,
1124 1201 1245 1278 χρή
1292 1207 1354 1264 et
1398 1203 1496 1264 δεῖ
1539 1223 1649 1281 pro
1694 1203 1890 1264 verbis
1935 1204 2212 1264 habenda
2255 1224 2396 1265 esse.
2489 1204 2810 1266 Verissime
2854 1207 2965 1266 hoc
3010 1208 3083 1267 de

464 1293 583 1369 χρή
622 1294 1092 1354 demonstratum
1129 1313 1255 1353 esse
1291 1313 1410 1353 non
1447 1296 1709 1368 constat3
1753 1293 2063 1370 probanda
2107 1295 2308 1371 potius
2354 1295 2590 1354 videtur
2626 1295 2906 1356 Ahrensii
2951 1314 3079 1355 sen-

462 1384 654 1444 tentia
693 1376 886 1466 (Conj.
927 1383 1036 1442 auf
1067 1399 1129 1457 μι
1172 1385 1285 1457 283
1332 1383 1546 1443 Forml.
1586 1381 1626 1459 ξ
1659 1384 1816 1458 1953
1861 1383 1935 1443 de
1971 1385 2125 1443 crasi
2161 1387 2224 1443 et
2258 1384 2567 1461 aphaeresi
2607 1386 2776 1444 1845
2815 1405 2871 1462 p.
2905 1387 3075 1445 6--7

464 1476 524 1533 et
561 1468 694 1552 Ῥᾷ.
769 1474 886 1532 Ein
913 1473 1162 1551 Boiu-ag
1191 1492 1240 1532 e.
1261 1491 1314 1548 q.
1336 1492 1379 1532 s.
1418 1493 1474 1550 p.
1499 1463 1568 1553 5)
1607 1470 1726 1547 χρή
1765 1492 1981 1533 nomen
2014 1492 2139 1534 esse
2176 1473 2448 1549 dicentis,
2484 1474 2639 1534 unde
2668 1474 2830 1549 χρῆν
2851 1500 2935 1523 --
2957 1472 3077 1550 χρὴ

461 1558 559 1637 ἧν,
598 1562 826 1638 χρῆναι
855 1587 940 1610 =
971 1559 1090 1637 χρὴ
1140 1555 1319 1634 εἶναι,
1359 1562 1732 1637 xpflcw1=
1764 1560 1883 1638 χρὴ
1924 1558 2110 1634 ἔεται,
2151 1559 2361 1637 χρεών
2391 1588 2475 1611 =
2507 1561 2625 1638 χρὴ
2667 1560 2805 1636 ἐόν;
2853 1566 2925 1623 cf.
2957 1563 3082 1625 Ska

458 1652 515 1708 V
549 1654 647 1711 19.
713 1652 800 1710 VI
833 1654 930 1711 21.
1015 1652 1130 1721 Qui
1178 1648 1298 1726 χρή
1345 1651 1446 1711 δεῖ
1491 1651 1788 1711 adverbiis
1835 1652 2250 1730 adsignabant,
2296 1672 2395 1712 eos
2442 1652 2775 1714 Heraclidis
2822 1656 3081 1714 auetori-

459 1744 648 1801 tatem
693 1743 925 1802 secutos
973 1759 1097 1801 esse
1144 1741 1484 1817 suspicatur
1530 1739 1908 1801 OSchneider
1950 1742 2014 1800 H
2062 1743 2242 1801 451*.

642 1832 787 1905 128,
811 1832 890 1890 16
939 1827 1425 1906 προταεεόμενα
1477 1833 1540 1890 et
1592 1826 2081 1905 ὑποταεεόμενα
2135 1832 2344 1891 scribit
2388 1832 2667 1910 Egenolff
2706 1832 2737 1890 I
2783 1834 2943 1908 8423
3002 1832 3079 1892 ad

499 1940 625 1980 ron.
661 1922 719 1995 7,
735 1922 836 1979 28.

457 1941 498 1998 p
641 2011 890 2084 128,21
941 2005 1044 2069 καὶ
1090 2005 1516 2085 μερικώτερόν
1552 2025 1627 2081 γε
1674 2001 1777 2091 (cf.
1822 2011 1970 2083 119,
1990 2001 2060 2091 6)
2107 2010 2231 2069 scil.
2281 2006 2584 2071 ἐπίκειται
2629 2010 2729 2072 δεῖ
2775 2008 2895 2087 χρή
2944 2010 3079 2072 τοῖε

458 2094 702 2174 ῥήμαει,
751 2102 1044 2175 quatenus
1090 2118 1225 2158 cum
1270 2099 1413 2158 solis
1458 2098 1775 2158 infinitivis
1822 2101 2278 2178 coniunguntur.

638 2191 786 2265 128,
807 2191 888 2248 25
956 2183 1468 2263 ευεχηματίζεται
1530 2188 1811 2266 Egenolff
1849 2188 1881 2246 I
1929 2190 2091 2267 8423
2165 2207 2275 2268 ego
2340 2190 2579 2267 quidem
2646 2186 3078 2265 ευεχηματίζει

455 2280 870 2355 praetulerim:
936 2272 1346 2337 ‘verborum
1401 2297 1535 2336 cum
1586 2277 1902 2337 infinitivis
1956 2281 2317 2339 constructio
2374 2279 2557 2340 efficit
2600 2279 2670 2338 ut
2713 2280 2895 2340 verba
2941 2299 3080 2340 con-

455 2371 762 2428 venienter
805 2388 911 2444 per
955 2386 1237 2452 personas
1282 2361 1611 2426 varientur'
1660 2359 2106 2449 (adverbiorum
2150 2370 2513 2429 constructio
2558 2388 2679 2429 non
2725 2363 2954 2452 efficit).
2990 2403 3078 2412 -—

460 2454 631 2517 Κατὰ
676 2453 839 2536 <τὸ>
889 2453 1199 2531 δεύτερον
1242 2456 1455 2517 Matth.
1497 2456 1527 2514 I
1568 2459 1678 2532 703
1726 2455 1801 2515 ad
1848 2477 2014 2534 pron.
2049 2459 2228 2533 7‚28.

639 2550 784 2623 129,
807 2550 845 2608 9
894 2546 1018 2606 Ska
1062 2546 1125 2605 Π
1173 2548 1256 2605 24
1317 2549 1616 2606 servatam
1669 2546 1887 2606 codicis
1942 2548 2300 2623 scripturam
2357 2550 2441 2607 sic
2484 2549 2918 2626 interpretatur
2964 2542 3077 2608 ‘di-

454 2639 611 2697 versi
672 2636 834 2697 modi
897 2656 1014 2697 non
1070 2638 1134 2695 in
1187 2654 1309 2696 una
1363 2635 1684 2712 eademque
1740 2638 2036 2695 sententia
2089 2640 2395 2713 ponuntur
2447 2638 2545 2697 vel
2599 2658 2717 2698 non
2774 2638 2839 2698 in
2892 2659 3077 2698 unum

455 2722 940 2806 coniunguntur'3
983 2727 1057 2787 cf.
1095 2730 1249 2803 synt.
1284 2727 1491 2802 227,8
1541 2719 1784 2786 *καθότι
1824 2720 2090 2798 ἔγκλιειε
2137 2724 2253 2801 μὲν
2299 2722 2620 2803 διάφορος
2665 2723 2858 2789 κατὰ
2906 2724 3074 2790 εὐν-

457 2818 675 2879 ταξιν
720 2816 838 2878 τοῦ
886 2813 1087 2877 αὐτοῦ
1133 2812 1485 2891 προεώπου
1533 2811 1612 2876 οὐ
1657 2810 2268 2891 παραλαμβάνεται’.

639 2909 785 2982 129,
808 2909 887 2966 12
936 2906 1327 2965 Wachsmuth
1371 2904 1540 2965 iubet
1581 2905 1838 2965 conferri
1892 2908 2048 2983 synt,
2099 2907 2245 2981 132,
2266 2906 2303 2965 5
2346 2899 2462 2989 (Ρ),
2515 2908 2715 2984 potius
2763 2910 2871 2968 col.
2919 2913 3073 2985 synt.

455 2998 660 3070 241,9
708 2996 772 3056 in
816 2999 1076 3055 mentem
1131 2998 1298 3056 venit
1352 2994 1606 3055 scribere
1652 2989 1888 3069 ἥδομαι
1935 2994 2334 3070 φιλολογεῖν.
2425 2997 2638 3057 Matth.
2687 2998 2718 3055 I
2766 2999 2845 3057 31
2915 2998 3076 3059 delet

454 3084 629 3160 βουλ.
678 3084 812 3162 φιλ.
861 3118 937 3127 -
987 3085 1270 3164 Egenolfl'
1305 3084 1336 3143 I
1384 3086 1510 3143 842
1566 3102 1678 3161 pro
1734 3078 1899 3159 ἄλλη
1966 3079 2188 3145 ἔννοια
2253 3079 2557 3160 ῥημάτων
2621 3087 2907 3165 proponit
2961 3082 3073 3148 ἄλ-

458 3174 593 3236 λων
640 3171 687 3236 ἔ.
728 3170 800 3251 ῥ.,
848 3174 1008 3252 quod
1055 3174 1260 3235 eodem
1305 3174 1499 3234 redire
1543 3176 1708 3251 puto.

631 3264 747 3324 Sed
781 3266 958 3324 verba
992 3265 1103 3325 illa
1138 3282 1258 3324 esse
1295 3282 1364 3324 ex
1396 3264 1490 3324 his
1516 3267 1778 3337 apparet.
1857 3262 2063 3324 Omnis
2096 3266 2431 3336 immitibus
2467 3268 2551 3323 est
2582 3282 2793 3325 nomen
2829 3269 3076 3328 actionis

455 3346 520 3437 (i.
550 3372 600 3413 e.
637 3355 828 3415 solam
865 3354 1159 3414 actionem
1202 3352 1448 3428 indicat,
1493 3371 1780 3429 personae
1818 3353 2051 3413 numeri
2096 3354 2428 3414 affectionis
2466 3353 2652 3414 animi
2685 3356 2919 3415 ratione
2953 3376 3073 3416 non

452 3436 704 3526 habita).
799 3443 996 3519 Quare
1043 3448 1110 3503 ut
1161 3460 1370 3503 nomen
1420 3444 1510 3503 ita
1552 3445 1885 3516 infinitivus
1940 3444 2255 3503 civ-cicutam
2309 3461 2605 3503 assumere
2638 3448 2842 3518 potest.
2933 3445 2981 3504 I
2976 3464 3076 3506 am

452 3551 586 3592 vero
621 3535 800 3593 verba
843 3536 930 3593 ita
974 3537 1314 3607 comparata
1357 3536 1511 3601 suut,
1557 3537 1624 3592 ut
1667 3550 1797 3592 cwm
1842 3533 2181 3593 casualibus
2216 3533 2306 3591 vel
2342 3535 2513 3607 quasi
2550 3534 2889 3594 casualibus
2922 3527 2994 3617 (i.
3024 3555 3070 3594 e.

453 3641 608 3699 quae
652 3623 982 3682 casualium
1026 3623 1122 3681 vel
1168 3621 1567 3682 subiectorum
1611 3622 1808 3681 locum
1854 3621 2120 3681 obtinere
2157 3614 2435 3703 possunt)
2475 3627 2900 3684 construantur.
2977 3624 3074 3683 Ita

453 3711 567 3772 δεῖ
604 3716 656 3771 ct
692 3709 854 3787 χρή,
903 3716 968 3771 ut
1003 3712 1200 3780 verba,
1246 3730 1377 3772 omn
1410 3713 1724 3784 tufinitivis
1761 3715 2062 3785 tamquam
2097 3712 2434 3772 casualibus
2470 3716 2886 3772 construuntur
2925 3707 2990 3795 (i.
3022 3734 3069 3774 e.

449 3800 738 3861 infinitivi
791 3821 927 3861 cum
982 3798 1102 3876 χρή
1150 3804 1211 3860 et
1255 3800 1355 3861 δεῖ
1408 3802 1733 3861 constructi
1791 3801 2042 3860 subiecti
2089 3801 2217 3859 vice
2276 3792 2655 3882 funguntur).
2746 3802 2907 3861 Nam
2954 3802 3074 3864 δεῖ

453 3890 903 3965 περιπατεῖν
947 3892 1102 3950 idem
1148 3895 1231 3950 est
1274 3895 1445 3965 atque
1488 3886 1733 3951 λείπει
1781 3886 1819 3950 ὁ
1865 3886 2308 3963 περίπατος.
2373 3890 2722 3963 Infinittvus
2768 3896 2961 3952 autem
3009 3910 3071 3951 eo

450 3981 620 4040 modo
663 3982 902 4040 subiecti
953 3982 1072 4039 loco
1115 3984 1440 4054 usurpatus
1484 3982 1538 4040 si
1579 3981 1747 4039 illam
1792 3980 2101 4053 deficiendi
2151 3982 2440 4039 notionem
2487 3982 2878 4055 actionemque
2922 4000 3073 4056 quae

451 4072 518 4128 iu
563 4069 680 4129 δεῖ
723 4072 894 4129 verbo
937 4072 1103 4138 tuest,
1148 4072 1216 4130 tn
1260 4071 1659 4129 accusativum
1694 4071 1796 4143 qui
1831 4071 2093 4143 sequitur
2130 4070 2427 4144 transfert,
2473 4070 2615 4128 baec
2650 4071 2844 4130 evadit
2886 4075 3070 4131 struc-

453 4164 589 4218 tura
635 4159 750 4219 δεῖ
794 4154 1124 4234 γράφειν
1170 4155 1303 4219 τὸν
1341 4153 1866 4219 Ἀπολλώνιον
1912 4159 1950 4218 i.
1980 4177 2028 4216 e.
2078 4154 2324 4219 λείπει
2372 4155 2457 4218 τὸ
2502 4157 2811 4233 πρᾶγμα
2854 4156 2940 4220 τὸ
2989 4152 3072 4221 ἐῗκ

453 4248 587 4308 τοῦ
634 4244 963 4324 γράφειν
1010 4245 1143 4308 τὸν
1189 4244 1274 4307 Ἀ.
1319 4249 1812 4323 129,16-13Ο,
1833 4249 1890 4306 8.
1968 4247 2054 4307 Cf.
2094 4250 2247 4325 synt.
2292 4249 2440 4323 236,
2462 4248 2911 4322 25—-240,11.

633 4340 780 4413 129,
801 4339 880 4397 16
946 4337 1411 4414 Apollonianam
1473 4338 1546 4397 de
1609 4337 1908 4397 infinitivo
1972 4337 2305 4398 doctrinam
2370 4338 2606 4416 egregie
2671 4342 3072 4415 exposuerunt

451 4426 652 4485 SkaV
693 4429 774 4486 12
797 4446 911 4503 sq.;
957 4426 1431 4486 GFSchoemann
1477 4446 1677 4504 opusc.
1704 4427 1793 4484 IV
1833 4427 1959 4486 235
1982 4444 2097 4503 sq.;
2141 4427 2286 4485 Red.
2330 4429 2485 4501 1693
2532 4426 2718 4504 Uhlig
2754 4427 2830 4486 ad
2869 4429 3067 4487 DThr.

452 4517 644 4591 47‚4;
697 4516 978 4595 Egenolff
1014 4517 1045 4575 Ι
1094 4518 1220 4575 842
1242 4534 1328 4594 sq.
1383 4548 1458 4557 —-
1508 4512 1658 4577 Πᾶν
1704 4510 2175 4591 ἀπαρέμφατον
2221 4510 2431 4592 ὄνομα
2477 4513 2600 4577 ἐετι
2659 4512 3064 4597 πράγματος]

451 4606 522 4663 cf.
562 4605 694 4664 adv.
739 4607 1007 4681 131,24.
1082 4605 1289 4666 Omnis
1334 4605 1591 4666 nominis
1634 4609 1743 4682 est,
1788 4603 1907 4680 τὴν
1954 4602 2191 4677 οὐείαν,
2239 4602 2639 4666 substantiam
2679 4597 2804 4688 (die
2823 4606 3068 4667 Wesen-

447 4685 628 4775 hait),
685 4695 994 4755 cuiusdam
1048 4697 1172 4756 sive
1225 4696 1315 4755 rei
1360 4697 1485 4755 sive
1530 4695 1805 4756 animalis
1860 4713 2108 4771 eamque
2164 4696 2542 4755 coniunctam
2588 4714 2724 4754 cum
2770 4696 3068 4772 qualitate

450 4779 638 4859 (μετὰ
682 4781 1057 4863 ποιότητος)
1104 4785 1452 4864 significare.
1543 4786 1674 4844 Iam
1730 4803 1871 4845 vero
1926 4787 2067 4844 sunt
2121 4785 2415 4860 quaedam
2470 4785 2678 4860 verba,
2736 4805 2890 4861 quae
2945 4807 3065 4846 non

375 4866 382 4875 ’
449 4873 745 4933 actionem
799 4869 1137 4952 (πρᾶγμα),
1191 4875 1294 4934 sed
1345 4874 1761 4935 tantummodo
1817 4875 2191 4935 voluntatem
2257 4877 2317 4932 et
2381 4874 2568 4933 animi
2621 4874 3071 4936 inclinationem

449 4957 846 5038 (προαίρεειν
897 4961 1138 5043 ψυχῆς)
1183 4963 1479 5040 indicant,
1534 4965 1701 5025 velut
1755 4960 1925 5025 θέλω
1985 4959 2298 5039 βούλομαι
2345 4965 2473 5025 sim.
2564 4964 2661 5024 Ad
2716 4984 2788 5026 ea
2843 4965 3073 5026 accedit
