3738 5530
1364 393 1795 448 Pnonomm
1831 393 2291 447 posen-estu.
3005 392 3123 457 107

1645 599 1685 678 ἢ
1732 597 1827 663 ἑοὶ
1869 596 2073 662 αὐτοῦ

784 702 971 781 θῆτές
1015 724 1084 770 τε
1128 703 1336 781 δμῶές
1378 721 1449 766 τε
1494 702 1560 785 (δ
1603 698 1856 783 643).

536 806 801 871 Κάκεῖνο
849 805 922 869 δὲ
964 804 1231 870 δύναται
1275 803 1474 883 ὀρθὴν
1518 804 1949 881 πληθυντικὴν
1993 801 2344 881 ςημαίνειν,
2392 799 2446 865 εἰ
2490 799 2636 865 κατ’
2679 798 2881 879 ὀρθὸν
2925 798 3125 864 τόνον

531 905 984 987 ἀναγνοίημεν,

787 1009 849 1074 οι
890 1010 963 1074 δὲ
1009 1010 1075 1074 οι
1117 1009 1523 1090 {simonem
1570 1006 1658 1095 (ψ
1700 1006 1874 1091 387).
2609 970 2626 979 ’
3159 1020 3192 1069 5

443 1132 493 1181 Β
702 1109 796 1174 Οὐ
840 1112 1115 1178 πιθανόν
1159 1113 1235 1176 τὸ
1283 1112 1523 1187 λέγειν,
1569 1110 1659 1176 ὡς
1703 1109 1784 1174 οὐ
1828 1106 2257 1174 πεπλεονάκει
2299 1108 2375 1171 τὸ
2419 1109 2456 1172 ἐ’
2498 1107 2657 1190 <ἐν>
2701 1111 2778 1190 τῇ
2817 1105 2942 1183 ἑός,
2989 1104 3122 1169 ἀπὸ

532 1213 752 1291 μέντοι
794 1215 908 1291 τῆς
953 1212 1027 1278 ἕο
1072 1214 1270 1292 Ἰακῆς
1311 1216 1621 1292 παρῆκτο.
1697 1212 1771 1277 Τί
1828 1210 1949 1275 οὖν
2008 1209 2153 1288 οὐχὶ
2195 1210 2298 1274 καὶ
2340 1208 2473 1274 ἀπὸ
2517 1212 2630 1288 τῆς
2674 1209 2826 1288 ἐμέο
2869 1207 2970 1272 καὶ
3014 1206 3124 1271 ςέο

530 1313 784 1391 ςύζυγοι
838 1313 1134 1390 ἐγίνοντο
1188 1315 1412 1394 έμεός
1469 1315 1575 1379 καὶ
1625 1313 1828 1392 ςεός;
1886 1312 2149 1392 ἄμεινον
2208 1309 2326 1377 οὖν
2371 1312 2580 1388 λέγειν
2624 1310 2715 1377 ὡς
2758 1312 2797 1389 ἢ
2843 1310 3122 1374 πεπλεο-

530 1415 707 1482 νάκει
748 1421 842 1500 τῷ
886 1421 953 1500 ἒ,
1000 1419 1162 1482 καθὰ
1204 1418 1307 1481 καὶ
1349 1418 1413 1483 αἱ
1455 1416 1875 1496 πρωτότυποι
1918 1415 2257 1491 πολλάκις,
2301 1410 2342 1491 ἢ
2387 1413 2519 1478 ἀπὸ
2562 1416 2674 1492 τῆς
2717 1410 2863 1477 τεός
2906 1412 3121 1489 Δωρι·

530 1521 641 1596 κῆς
687 1517 1072 1599 ἀπετελέςθη
1090 1568 1106 1595 ,
1151 1518 1293 1584 ἐπεὶ
1333 1518 1659 1584 ἀδύνατον
1688 1520 1768 1582 τὰ
1797 1517 1973 1597 τρίτα
2003 1523 2134 1583 τῶν
2165 1516 2489 1594 δευτέρων
2518 1516 3121 1593 πλεονοςυλλαβεῖν.
3163 1528 3226 1577 ιο

698 1619 947 1686 Αἰολεῖς
992 1621 1153 1700 μετὰ
1194 1624 1313 1684 τοῦ
1359 1625 1393 1684 f
1434 1623 1592 1685 κατὰ
1634 1620 1843 1685 πᾶςαν
1891 1626 2131 1686 πτῶςιν
2177 1619 2282 1683 καὶ
2321 1617 2543 1695 γένος·

783 1721 900 1789 τόν
947 1724 1059 1788 Ρόν
1104 1724 1305 1786 παῖδα
1348 1722 1544 1805 κάλει,

437 1838 485 1893 C
528 1823 776 1905 (απφώ
806 1822 913 1909 (fr.
951 1822 1071 1887 106
1101 1821 1376 1906 Ahrens,
1414 1823 1529 1887 117
1563 1820 1782 1907 Bergk
1794 1823 1868 1906 ³).
1918 1825 2018 1890 καὶ
2049 1823 2319 1902 Ἀλκμὰν
2350 1822 2441 1900 δέ,
2484 1823 2767 1901 ςυνεχῶς
2799 1818 3120 1889 αἰολίζων.

524 1925 679 2007 φηςί

777 2029 858 2094 τὰ
902 2030 980 2095 F&
1021 2028 1220 2094 κάδεα
1260 2026 1368 2111 (fr.
1416 2026 1500 2091 99
1544 2025 1763 2112 Bergk
1782 2026 1853 2114 ³).
3161 2036 3224 2086 15

526 2131 767 2211 ὁμοίως
811 2131 915 2195 καὶ
958 2131 1256 2196 Βοιωτοί·
1308 2130 1583 2210 Κόριννα
1624 2128 1735 2215 (fr.
1789 2130 1867 2192 10
1913 2127 2195 2207 Ahrens,
2247 2129 2326 2192 19
2369 2126 2586 2211 Bergk
2602 2126 2691 2212 ³)·

780 2253 1135 2312 ευωνυμιης
1178 2235 1352 2311 πῆδα
1397 2233 1510 2297 Ι-’όν
1554 2232 1806 2297 θέλωςα
1849 2231 2041 2313 φίλης
2085 2229 2365 2310 ἀγκάλης
2411 2229 2650 2309 ἑλέςθη.

697 2332 948 2415 Εἴρηται
993 2332 1156 2412 ὑπὲρ
1201 2337 1309 2412 τῆς
1355 2332 1737 2414 ὁμοφωνίας
1780 2336 1893 2411 τῆς
1938 2333 2160 2423 ἐμοῦ,
2215 2336 2388 2415 ςοῦ,
2445 2329 2534 2396 οὗ
2578 2331 2745 2410 πρὸς
2786 2332 2901 2395 τὰς
2945 2351 3119 2409 πρω-

282 2456 399 2505 137
429 2451 477 2503 Α
521 2436 878 2509 τοτύπους,
947 2438 1048 2500 καὶ
1114 2434 1204 2498 ὡς
1259 2441 1335 2519 τῇ
1391 2433 1478 2499 εἰς
1536 2439 1619 2499 δῦ
1676 2435 2007 2513 καταλήξει
2072 2434 2174 2499 ἐπὶ
2226 2437 2360 2500 τῶν
2414 2435 2721 2513 κτητικῶν
2766 2432 2805 2497 ὁ
2849 2433 3120 2511 ποιητὴς

524 2542 780 2618 χρῆται,
825 2538 931 2602 ἐπὶ
975 2538 1048 2602 δὲ
1090 2543 1223 2602 τῶν
1268 2536 1717 2615 πρωτοτύπων
1763 2536 1996 2613 οὐκέτι,
3152 2546 3219 2593 20

787 2639 843 2703 εἰ
887 2639 965 2717 δή
1011 2658 1111 2703 τοι
1156 2642 1270 2703 ςοῦ
1313 2639 1557 2717 πατρὸς
1605 2636 1671 2721 (β
1712 2636 1860 2715 271)

526 2741 635 2806 καὶ
780 2826 1027 2905 πατρὸς
1070 2825 1231 2906 ἐμοῦ
1274 2825 1463 2890 κλέος
1510 2828 1578 2907 (γ
1622 2824 1751 2909 83),

777 2928 817 3007 ἡ
863 2928 922 2993 δ’
964 2927 1107 3006 ἄχεϊ
1150 2925 1231 2992 οὗ
1273 2928 1506 2994 παιδός
1553 2929 1618 3008 (ο
1662 2925 1847 3010 358)·

661 3165 875 3217 Anava.
944 3169 977 3219 3
1013 3163 1086 3219 ot
1118 3162 1293 3234 igitur
1327 3162 1376 3216 si
1410 3165 1575 3217 acuto
1622 3164 1903 3232 signatur,
1947 3163 2328 3217 nominativus
2372 3143 2606 3233 pluralis
2652 3162 2953 3233 possessivi
2999 3178 3118 3217 esse

520 3249 724 3315 potest.
766 3278 831 3287 —
867 3254 898 3301 6
946 3246 1011 3301 In
1049 3248 1143 3303 ἑός
1176 3253 1213 3303 ἒ
1247 3249 1349 3302 aut
1382 3247 1689 3313 redundat,
1736 3250 1836 3302 aut
1882 3248 1982 3302 ills.
2025 3248 2207 3302 forma
2243 3264 2273 3303 e
2311 3247 2502 3303 dorica
2537 3250 2664 3302 τεός
2700 3248 2854 3301 facta
2887 3248 2995 3301 est:
3044 3246 3117 3302 ab

520 3334 588 3388 ἔο
626 3331 774 3387 enim
812 3334 939 3387 orta
973 3349 1094 3387 esse
1130 3348 1243 3387 non
1278 3334 1490 3402 potest,
1531 3349 1663 3386 nam
1700 3349 1736 3386 a
1770 3332 2054 3387 distractis
2088 3332 2282 3386 formis
2305 3333 2616 3402 possessiva
2637 3350 2752 3387 non
2776 3331 3117 3389 derivantur.

520 3453 588 3462 —
640 3423 698 3471 11
747 3416 949 3471 Aeoles
1005 3419 1065 3471 et
1104 3417 1307 3472 Boeoti
1359 3417 1649 3486 digamma
1691 3416 1958 3480 adiciunt.
2017 3447 2074 3456 —
2139 3422 2201 3471 18
2247 3415 2511 3471 Genetivi
2554 3416 2857 3484 singularis
2902 3415 3118 3486 primae
3199 3423 3210 3434 ·

516 3500 802 3556 secundae
848 3501 1054 3556 tertiae
1099 3516 1393 3572 personae.
1454 3500 1689 3556 Formae
1737 3503 1875 3568 ἐμοῦ
1919 3507 2017 3557 coo
2061 3502 2130 3557 οῦ
2184 3502 2341 3567 ἐμοῖο
2386 3506 2505 3556 ςοῑο
2565 3501 2654 3557 oio
2700 3500 2946 3558 Homero
2988 3501 3121 3554 sunt

516 3584 773 3656 genetivi
807 3585 1267 3654 possessivorum,
1305 3587 1440 3653 ἐμέο
1475 3588 1628 3652 ἐμεῖο
1665 3588 1799 3652 ἐμεῦ
1838 3602 1888 3640 e.
1926 3602 1979 3654 q.
2017 3604 2058 3642 s.
2095 3584 2503 3656 personalium;

658 3788 848 3850 Disce.
887 3808 1096 3844 scam.
1171 3796 1217 3847 1.
1253 3792 1290 3857 ἢ
1327 3789 1604 3844 Homerus
1642 3790 1702 3858 b,
1739 3791 1829 3859 ηδ’
1863 3792 1907 3845 Α
1961 3791 1972 3858 Ι
2018 3795 2068 3844 ὁ.
2104 3792 2160 3844 οἳ
2195 3789 2554 3858 ἑβλάφθηςαν
2589 3791 2653 3856 b,
2690 3806 2797 3855 οψε
2835 3791 3117 3856 βλαβηςαν

516 3877 565 3930 Α
595 3877 609 3942 2
638 3881 687 3934 6.
725 3877 806 3933 ώς
841 3892 910 3931 ου
945 3867 1351 3942 πεὶτλεοναχοι,
1388 3875 1529 3930 haee
1565 3892 1593 3931 ς
1628 3893 1695 3930 ου
1734 3878 2116 3942 πεπλεοναχοι
2138 3874 2196 3928 in
2222 3889 2433 3943 rasura,
2462 3876 2504 3930 Α
2535 3876 2546 3941 Ι
2576 3876 2640 3928 ἐν
2674 3873 2801 3933 add.
2835 3872 3115 3929 RSohnei·

514 3960 626 4014 der
679 3961 690 4028 Ι
746 3966 895 4018 8-9.
941 3964 978 4028 ἢ
1024 3959 1403 4015 πεπλεονάκει
1438 3959 1504 4025 b,
1548 3977 1639 4014 και
1676 3962 2062 4027 πεπλεοναχοι
2098 3962 2140 4014 Α
2191 3961 2201 4028 1
2252 3965 2301 4013 9.
2346 3965 2433 4029 τῷ
2477 3964 2513 4015 ἓ
2549 3958 2932 4026 BSchneider,
2975 3958 3047 4012 τὸ
3083 3965 3116 4012 ἒ

516 4043 618 4100 Ab
658 4047 669 4110 Ι
716 4052 792 4098 10.
837 4045 897 4099 in
933 4059 1073 4100 vooe
1109 4046 1618 4110 πλεονοςυλλαβειν
1653 4043 1802 4098 inter
1848 4047 1880 4111 β
1923 4046 1983 4098 et
2019 4061 2045 4099 ε
2080 4044 2275 4098 littera
2308 4060 2422 4098 una
2456 4043 2674 4108 deleta,
2716 4044 2846 4113 post
2878 4045 3116 4098 πλεονο-

522 4131 820 4196 ςυλλαβειν
856 4145 1051 4185 vocem
1086 4127 1303 4198 aliquid
1330 4145 1551 4184 erasum
1574 4129 1633 4182 in
1654 4132 1696 4184 Α
1747 4131 1758 4195 Ι
1805 4135 1887 4183 11.
1923 4131 2053 4198 post
2089 4135 2120 4185 f
2143 4131 2650 4195 πλεονοςυλλαβειν
2684 4128 2927 4182 iteratur
2947 4127 3074 4194 nm
3107 4131 3113 4196 Ι

512 4218 706 4268 πᾶςαν
742 4212 983 4284 πτῶςιν]
1020 4213 1116 4268 fol.
1157 4219 1251 4267 191
1280 4230 1331 4266 v.
1362 4217 1372 4280 Ι
1407 4219 1486 4267 12.
1515 4215 1616 4269 Fov
1653 4211 2026 4282 HFMVolger
2059 4213 2376 4270 HLAhrens
2410 4212 2712 4281 T'hBergk,
2753 4214 2886 4268 Feov
2921 4213 2978 4277 b,
3016 4229 3115 4266 εον

513 4298 562 4352 Α
595 4304 606 4354 Ι
639 4300 792 4353 κάλει
828 4296 1155 4354 HLAhrena
1180 4297 1487 4368 Thssergk,
1523 4301 1681 4353 καλεῖ
1716 4297 1752 4351 b
1783 4301 1793 4367 Ι
1828 4305 1906 4355 14.
1944 4317 2115 4367 φηςιν
2150 4303 2193 4355 Α
2225 4304 2234 4366 Ι
2269 4306 2349 4355 15.
2388 4300 2456 4355 Ρὰ
2477 4298 2773 4367 ThBergk,
2812 4298 2908 4353 fedi
2944 4297 3010 4363 b,
3049 4314 3117 4350 εα

516 4386 562 4436 Α
596 4383 607 4449 Ι
640 4388 719 4436 16.
768 4383 1029 4438 Βοιωτοί·
1080 4384 1346 4452 Κόριννα·
1397 4398 1711 4450 ευωνυμιης
1748 4383 1814 4450 b,
1863 4387 2092 4451 βοιωτοι
2130 4400 2445 4453 ευωνυμιης
2485 4385 2724 4450 Κοριννα
2762 4383 2834 4451 Α,
2875 4384 3116 4438 Βοιωτοὶ

508 4469 672 4534 έΡός,
713 4467 950 4523 Μινυάςι
989 4468 1255 4536 Κόριννα·
1294 4464 1653 4521 scribendum
1688 4484 1808 4524 esse
1843 4469 2163 4538 suspicatur
2186 4467 2486 4538 '1¹11Bergk,
2525 4470 2589 4522 ἐν
2615 4468 2851 4522 Μινυάςι
2876 4464 3118 4521 oonieoit

512 4553 695 4605 etiam
729 4550 1105 4623 JAHartung,
1144 4568 1459 4619 ευωνυμιης
1497 4552 1685 4607 omisit
1719 4551 2036 4607 HLAhrens
2075 4559 2083 4619 Ι
2135 4560 2213 4609 17.
2253 4555 2406 4621 πήδα
2445 4554 2546 4609 Ρὸν
2583 4550 2860 4606 ABoeokh
2897 4549 3114 4604 HLAh-

510 4651 647 4690 rens
682 4636 742 4689 et
774 4635 1079 4706 Thssergk,
1117 4641 1215 4706 qui
1251 4636 1478 4693 dubitat
1512 4656 1585 4694 an
1621 4638 1809 4706 potius
1846 4639 1981 4704 πῆδ’
2021 4639 2158 4695 ἐΡὸν
2192 4636 2546 4692 scribendum
2586 4637 2688 4702 sit,
2726 4637 2978 4705 πηδεγον
3015 4640 3058 4693 Α
3101 4640 3108 4706 Ι

508 4721 715 4788 ἑλέςθη
752 4718 1033 4775 ABoeokh
1068 4724 1175 4776 cet.
1212 4720 1474 4790 editores,
1513 4725 1712 4791 εληςθε
1750 4722 1841 4778 Ab
1909 4724 1918 4789 Ι
1987 4727 2065 4776 18.
2104 4721 2395 4792 inscriptio
2433 4739 2562 4789 περι
2596 4737 2700 4790 της
2735 4738 2874 4788 εμου
2911 4738 3010 4778 cou
3044 4740 3112 4778 ου

509 4803 745 4861 maiuse.
783 4807 827 4861 Α
879 4809 890 4874 Ι
943 4824 1013 4862 ου
1047 4805 1134 4860 bis
1169 4807 1435 4877 seriptum
1473 4806 1531 4861 in
1569 4810 1640 4874 Α,
1687 4806 1932 4862 alterum
1967 4823 2036 4862 ου
2072 4822 2140 4861 ex
2179 4824 2257 4862 ως
2294 4807 2481 4860 ortum
2518 4823 2666 4868 esse,
2705 4808 2772 4860 ut
2805 4806 3111 4878 legendum

508 4888 592 4942 sit
627 4889 707 4943 ὡς
743 4892 885 4958 πρὸς
918 4891 1047 4958 τὰς,
1086 4891 1330 4945 coniecit
1362 4890 1715 4961 JGuttentsg
1777 4895 1788 4958 Ι
1853 4897 1934 4947 24.
1972 4892 2170 4947 παιδός
2204 4891 2243 4944 b
2279 4890 2582 4960 Homerus,
2620 4903 2835 4960 πατρος
2873 4895 2916 4947 Α
