3738 5530
427 609 454 648 5

407 1017 460 1056 10

1507 386 1879 439 ADVERBIA
1916 388 1992 441 IN
2035 379 2100 439 Ᾱ.
2977 386 3098 451 153

506 591 712 669 τέρων
756 588 1123 669 ὀνομάτων.
1183 594 1359 671 παρὰ
1387 592 1464 656 τὸ
1495 591 1691 670 ταχύς
1720 591 1888 657 ἐςτιν
1919 591 2128 670 ὄνομα
2155 591 2582 671 πληθυντικὸν
2612 592 2828 674 ταχέα,
2860 590 2989 673 ἀφ’
3018 588 3097 656 οὗ

507 692 817 772 ἐπίρρημα
870 692 993 772 οὐχ
1055 692 1412 773 ὁμόφωνον
1469 694 1543 758 τὸ
1598 693 1788 772 τάχα·
1859 694 2037 771 λιγύς
2093 693 2271 770 λιγέα
2327 694 2501 770 λίγα·
2573 693 2804 772 κρατύς
2865 693 3100 771 κρατέα

506 794 705 874 κράτα
758 795 859 858 καὶ
913 794 1140 873 κάρτα·
1197 794 1364 859 ὠκύς
1421 794 1592 859 ὠκέα
1648 796 1801 860 ὦκα.
1868 832 1940 842 -
1992 796 2121 861 Διὸ
2201 796 2302 860 καὶ
2357 797 2741 874 ςημειωτέον
2792 797 2969 874 παρὰ
3024 794 3098 858 τὸ

506 896 722 976 θαμύς,
769 896 890 977 ἀφ’
937 893 1037 987 οὗ,
1061 897 1161 961 καὶ
1203 897 1278 961 τὸ
1324 897 1551 975 θαμεές
1598 896 1755 981 [καὶ]
1787 898 2216 977 πληθυντικὸν
2260 898 2445 979 <καὶ>
2473 897 2550 962 τὸ
2580 898 2798 977 θαμέα,
2846 896 2991 980 [ὡς]
3024 896 3098 960 τὸ

510 998 701 1080 θαμά,
745 996 910 1079 (οὐχ
955 997 1088 1078 ῶς)
1143 997 1341 1077 ταχέα
1383 998 1563 1078 τάχα.
1637 999 1798 1079 ὅπερ
1842 1000 2041 1065 πάλιν
2096 1001 2482 1079 διελέγχεται
2533 1001 2635 1065 καὶ
2679 999 2748 1064 ἐκ
2790 1003 2909 1063 τοῦ
2954 999 3103 1082 ἅμα,
3140 1013 3172 1061 5

510 1099 639 1178 εἴγε
684 1099 949 1165 δύναται
994 1099 1067 1164 ἐν
1111 1099 1326 1183 ἐνδείᾳ
1380 1099 1544 1167 εἶναι
1588 1106 1706 1166 τοῦ
1750 1091 1817 1166 θ·
1866 1103 1944 1168 τὸ
1987 1103 2111 1181 γὰρ
2155 1105 2415 1167 πυκνῶς
2455 1102 2802 1181 γινόμενον
2832 1099 2955 1180 ὑφ’
2984 1100 3102 1166 ἕνα

508 1202 730 1281 καιρὸν
812 1202 1067 1277 γίνεται.
1185 1202 1469 1282 Τρύφων
1555 1203 1769 1283 μέντοι
1843 1204 2227 1271 τούναντίον
2300 1204 2490 1285 φηςίν
2517 1253 2533 1285 ,
2608 1202 2699 1269 ὡς
2771 1204 2846 1268 τὸ
2931 1202 3100 1281 θαμά

509 1304 856 1369 ἐπλεόναςε
900 1311 993 1388 τῷ
1038 1292 1102 1381 θ,
1159 1311 1236 1387 τῇ
1280 1304 1442 1386 αὐτῇ
1497 1306 1883 1391 ἑτυμολογίᾳ
1939 1306 2353 1387 ἀρκούμενος.
2427 1305 2847 1383 ἐπιςτούμεθα
2901 1306 2973 1370 δὲ
3023 1304 3098 1368 τὸ

510 1404 679 1484 θαμά
727 1405 1171 1485 ἐντελέςτερον
1217 1407 1323 1470 διὰ
1366 1409 1480 1483 τῆς
1524 1412 1641 1472 τοῦ
1686 1408 1975 1489 (θαμέα)
2022 1409 2341 1487 ὀνόματος
2386 1407 2814 1485 παραθέςεως.

685 1506 1034 1586 Βαρύνεται
1080 1508 1181 1572 καὶ
1225 1506 1341 1572 ὅςα
1388 1508 1460 1572 ἐν
1506 1508 1853 1594 ὁμοφωνίᾳ
1885 1510 2219 1589 καθέςτηκε
2248 1512 2692 1589 πληθυντικῶν
2727 1508 3100 1588 βαρυτόνων
3141 1522 3204 1570 ιο

511 1594 882 1687 ὀνομάτων·
938 1609 1280 1689 ἡδύτατος,
1335 1611 1434 1674 καὶ
1489 1613 1919 1689 πληθυντικὸν
1973 1612 2286 1695 ἡδύτατα,
2346 1612 2515 1678 ἀλλὰ
2557 1612 2660 1687 καὶ
2702 1610 3098 1689 ἐπιρρηματι·

514 1715 642 1775 κῶς
685 1711 760 1775 τὸ
804 1709 1105 1789 ἡδύτατα.
1182 1711 1391 1790 ὀρθῶς
1436 1712 1567 1791 ἔχει
1613 1714 1688 1777 τὸ
1733 1714 2059 1797 κάλλιςτα,
2106 1715 2366 1795 ἔςχατα,
2407 1715 2650 1792 ἥδιςτα,
2698 1718 2941 1791 πρῶτα.

606 1810 1032 1892 ·Βαρύνεται
1088 1814 1189 1877 καὶ
1245 1813 1362 1879 ὅςα
1416 1815 1484 1879 ἐκ
1543 1817 1967 1896 μεταλήψεώς
2023 1816 2149 1881 ἐςτι
2206 1820 2340 1883 τῶν
2393 1816 2479 1881 εἰς
2543 1803 2682 1892 θεν,
2750 1813 2913 1892 ὅπερ
2977 1813 3106 1878 ἐςτὶ

512 1914 673 1993 παρ’
727 1914 1011 1979 Αἰολεῦςι
1079 1916 1180 1979 καὶ
1239 1916 1580 1994 Δωριεῦςι,
1648 1919 1795 1996 περὶ
1859 1917 1954 1984 ὧν
2021 1919 2121 1983 καὶ
2184 1921 2295 1997 τῆς
2360 1919 2781 1997 μεταλήψεως
2828 1916 3102 1981 ἐντελῶς
3249 1992 3258 2001 ρ

512 2016 927 2095 ἐκτεθείμεθα.
1015 2016 1095 2081 ού
1160 2017 1284 2096 γὰρ
1349 2018 1569 2098 ἐφικτὴ
1637 2022 1808 2083 πᾶςα
1872 2020 2193 2100 μετάθεςις
2258 2024 2388 2085 τῶν
2445 2019 2534 2084 εἰς
2589 2025 2700 2085 θεν
2767 2018 3102 2097 ληγόντων
3149 2032 3208 2080 15

512 2121 797 2183 τοπικῶν
854 2117 941 2184 εἰς
994 2119 1071 2183 τὸ
1130 2122 1191 2183 ἃ.
1279 2119 1360 2183 ού
1426 2120 1550 2197 γὰρ
1606 2121 1682 2185 τὸ
1737 2121 2097 2200 οὐρανόθεν
2154 2122 2483 2201 οὐρανόθα
2536 2122 2759 2203 φαςίν,
2822 2120 2977 2185 οὐδὲ
3029 2121 3103 2184 τὸ

516 2220 792 2286 ἄλλοθεν
836 2220 1116 2304 ἄλλοθα,
1172 2222 1248 2285 τὸ
1293 2222 1366 2286 δὲ
1410 2221 1767 2301 ἔμπροςθεν
1812 2223 2168 2307 ἔμπροςθα,
2213 2224 2476 2303 ἔνερθεν
2521 2222 2789 2305 ἔνερθα,
2845 2221 3105 2287 ὄπιςθεν

515 2323 771 2388 ὄπιςθα·

768 2424 805 2488 ὁ
849 2424 919 2488 δ’
962 2423 1259 2491 ἑξύπιςθα
1302 2427 1623 2493 καςταθείς
1671 2425 1780 2512 (fr.
1827 2424 2041 2509 adesp.
2087 2426 2168 2490 67
2216 2424 2525 2510 Bergk³)·

516 2526 795 2605 πρόςθεν
840 2528 1119 2605 πρόςθα·
1168 2529 1271 2591 καὶ
1313 2529 1473 2608 παρ’
1520 2529 1813 2608 Ἀλκμᾶνι
1860 2527 2034 2593 οὕτω
2079 2528 2340 2593 δεκτέον
2385 2530 2504 2607 τὴν
2549 2528 2982 2610 ςυναλοιφήν,
3143 2538 3211 2587 20

768 2627 1003 2706 πρόςθ’
1046 2627 1461 2694 Ἀπόλλωνος
1504 2629 1732 2707 Λυκήω
1778 2628 1890 2712 (fr.
1938 2629 2019 2693 73
2065 2626 2357 2714 Bergk3).

689 2728 901 2811 (αφές
947 2728 1109 2796 ἐςτιν
1155 2728 1253 2795 ὅτι
1298 2732 1399 2796 καὶ
1442 2730 1517 2797 τὸ
1562 2730 1751 2799 ἔνθα
1793 2736 1943 2817 τῇδε
1991 2730 2143 2815 ἔχει,
2198 2731 2328 2808 εἴγε
2371 2733 2450 2798 τὰ
2492 2734 2574 2812 μὴ
2621 2730 2829 2798 οὕτως
2873 2728 3109 2811 ἔχοντα

656 2984 872 3038 Anava.
938 2990 999 3039 10
1033 2983 1321 3054 Barytona
1351 2987 1509 3052 suut,
1545 3002 1784 3055 quorum
1809 2986 2022 3041 formae
2049 2988 2390 3041 conveniunt
2411 3003 2538 3040 cum
2563 2986 2775 3040 neutris
2799 2984 3112 3054 pluralibus

520 3068 822 3136 barytonis.
868 3099 931 3107 —
986 3075 1044 3122 13
1082 3068 1364 3137 Barytona
1399 3073 1531 3123 sunt
1566 3070 1836 3125 adverbia
1872 3071 1929 3124 in
1969 3074 2066 3137 θᾶ,
2114 3071 2318 3140 quibus
2353 3071 2656 3124 Aeolenses
2700 3072 2760 3124 et
2793 3068 2972 3124 Dores
3007 3085 3110 3137 pro

521 3152 800 3207 adverbiis
836 3154 893 3207 in
931 3159 1032 3210 θεν
1067 3154 1319 3211 utuntur.
1360 3185 1421 3194 -
1460 3161 1526 3208 22
1564 3155 1742 3220 Quam
1779 3155 2036 3225 regulam
2071 3156 2327 3224 sequitur
2362 3154 2533 3210 etiam
2559 3157 2722 3221 ἔνθα,
2761 3172 2886 3208 cum
2923 3155 3113 3208 cetera

522 3238 766 3307 oxytona
799 3237 929 3291 sint.

659 3475 874 3534 Tusa-m
931 3484 959 3532 7
988 3477 1088 3546 Ep.
1114 3476 1197 3531 Cr.
1226 3483 1352 3544 451,
1384 3483 1405 3529 1
1436 3472 1497 3531 ἐκ
1523 3477 1627 3532 τοῦ
1650 3473 1823 3547 θαμά
1846 3473 2068 3548 (θαμύς
2092 3495 2194 3536 ser
2221 3477 2619 3546 RSchneider),
2658 3498 2689 3532 ο
2716 3480 2986 3548 σημαίνει
3013 3472 3113 3532 τὸν

522 3556 743 3615 πυκνόν
776 3563 1003 3631 γίνεται
1030 3560 1297 3632 (θαμέα,
1333 3557 1503 3629 θαμά
1527 3562 1670 3616 καὶ
1653 3580 1819 3618 mser.
1846 3562 2247 3632 RSchneider>
2274 3559 2424 3616 κατὰ
2450 3557 2747 3661 a’nossolvinv
2774 3566 2877 3618 τοῦ
2903 3567 2952 3616 θ’
2975 3583 3117 3630 αμα,

524 3642 589 3700 τὸ
634 3641 743 3714 γὰρ
778 3642 1003 3701 πυκνὸν
1038 3646 1137 3701 καὶ
1176 3642 1496 3714 ἐπάλληλον
1542 3641 1663 3716 ἅμα
1698 3650 1949 3718 γίνεται,
1995 3648 2095 3702 καὶ
2133 3644 2195 3702 ἐν
2231 3648 2308 3719 τῷ
2346 3640 2517 3746 ‹wtz'ttqtir
2539 3648 2749 3720 καιρῷ·
2786 3643 2852 3702 τὸ
2892 3644 2954 3701 δὲ
2992 3668 3114 3718 αμα

524 3728 860 3802 βαρύνεται,
899 3726 1103 3798 ἐπειδὴ
1141 3730 1210 3786 τὰ
1252 3730 1335 3793 εἰς
1372 3732 1409 3786 ἆ
1447 3729 1696 3801 λήγοντα
1733 3731 2054 3802 δισύλλαβα
2093 3724 2517 3801 ἐπιρρήματα”
2479 3752 2710 3786 απαντα
2736 3727 3114 3802 βαρύνονται·

524 3815 649 3870 οἷον
685 3806 830 3883 ὦκα,
865 3814 1040 3887 τάχα,
1082 3811 1229 3886 ἅμα,
1273 3813 1461 3885 σάφα,
1501 3819 1660 3886 λίγα,
1701 3818 1867 3885 λίπα,
1909 3819 2076 3887 χωρὶς
2113 3819 2219 3872 τοῦ
2252 3813 2438 3886 θαμά.
2510 3815 2590 3871 Cf.
2627 3815 2713 3873 Et.
2752 3817 2827 3877 M.
2867 3823 2956 3886 75,
2995 3823 3077 3878 20.

527 3958 653 3965 ——-

660 4037 853 4097 Dmcn.
894 4057 1104 4093 scam.
1162 4046 1209 4094 3.
1248 4040 1595 4108 ςημειωτέον
1619 4041 1729 4106 (τὸ
1756 4040 1944 4108 θαμά)
1969 4038 2182 4094 ΕἾΒωιί.
2211 4041 2221 4106 Ι
2253 4045 2299 4091 4.
2325 4040 2416 4092 καί
2441 4041 2510 4093 τὸ
2535 4038 2761 4106 θαμέες]
2790 4038 2884 4094 sol.
2913 4043 3009 4093 1⁸27
3029 4057 3081 4092 v.
3106 4041 3113 4104 1

524 4126 910 4191 πληθυντικὸν
946 4126 1038 4178 καὶ
1074 4127 1144 4178 τὸ
1181 4127 1361 4191 θαμέα
1396 4124 1785 4191 RSehneider,
1832 4127 1925 4178 καὶ
1961 4127 2347 4193 πληθυντικὸν
2392 4126 2462 4179 τὸ
2500 4127 2679 4189 θαμέα
2715 4123 2809 4178 Ab
2844 4123 2901 4176 in
2935 4124 3115 4190 textu,

528 4207 748 4262 ‘Malim
785 4211 1200 4276 πληθυντικὸν,
1238 4213 1330 4264 καί
1367 4211 1669 4277 οὐδέτερον
1704 4210 1772 4263 τὸ
1807 4209 2003 4274 θαμέα·
2033 4209 2067 4260 b
2106 4209 2160 4261 in
2191 4225 2303 4261 var.
2326 4208 2457 4262 lect.
2490 4211 2499 4274 Ι
2530 4214 2676 4263 4—5.
2707 4208 2828 4276 [ὡς]
2855 4210 2926 4261 τὸ
2951 4210 3119 4273 θαμά,

524 4295 671 4360 (οὐχ
715 4295 836 4361 ὡς)
882 4294 1059 4359 ταχέα
1103 4294 1247 4360 τάχα
1290 4293 1676 4357 RSehneider‚
1732 4311 1810 4347 ως
1854 4311 1923 4347 το
1966 4299 2116 4359 θαμα
2161 4293 2218 4346 in
2265 4292 2375 4346 fine
2423 4309 2609 4346 versus
2654 4293 2712 4346 et
2745 4292 2802 4344 in
2840 4291 2998 4344 initio
3036 4309 3116 4346 se·

529 4378 753 4443 quentis
792 4394 984 4431 versus
1017 4395 1193 4447 ταχεα
1226 4397 1371 4445 ταχα
1408 4381 1476 4445 Ας
1513 4395 1616 4447 pro
1652 4383 1801 4444 θαμα
1837 4395 1906 4432 ex
1945 4379 1987 4434 Α
2026 4377 2280 4433 enotavit.
2316 4378 2352 4431 b
2390 4381 2423 4430 θ
2459 4418 2471 4430 .
2510 4417 2522 4429 .
2562 4417 2601 4441 .,
2649 4375 2860 4430 FJBast
2894 4393 3119 4445 prorsus

527 4462 738 4527 omisit3
787 4465 865 4516 ὡς
911 4464 980 4517 τὸ
1016 4467 1050 4516 θ
1089 4502 1101 4515 .
1141 4502 1154 4515 .
1194 4504 1207 4518 .
1243 4466 1417 4530 ταχέα
1452 4465 1597 4530 τάχα
1632 4464 1669 4518 b
1714 4463 1771 4517 in
1816 4464 2005 4528 textu,
2053 4466 2122 4516 τὸ
2157 4464 2332 4527 θαμά,
2378 4463 2458 4516 ὡς
2502 4461 2678 4527 ταχέα
2722 4461 2867 4526 τάχα
2912 4462 3121 4515 conicit

528 4546 565 4599 b
602 4545 660 4599 in
699 4564 812 4603 var.
850 4546 981 4602 lect.
1049 4549 1058 4614 Ι
1122 4552 1170 4604 6.
1210 4549 1272 4601 ἐν
1307 4549 1492 4619 ἐνδείᾳ
1528 4550 1592 4615 b,
1639 4568 1674 4618 η
1714 4551 1898 4603 ενδεια
1936 4551 1977 4604 Α
2043 4550 2053 4615 Ι
2119 4554 2163 4601 7.
2199 4548 2349 4612 θαμά
2383 4544 2767 4611 RSchneider,
2823 4547 2935 4611 ἅμα
2971 4546 3065 4600 Ab
3109 4549 3114 4614 1

527 4639 579 4684 8.
613 4638 697 4699 τῷ
734 4632 800 4698 b,
845 4650 914 4686 το
951 4635 995 4687 Α
1046 4635 1056 4697 Ι
1102 4639 1151 4687 9.
1188 4636 1336 4699 θαμά
1380 4633 1763 4699 RSchneider‚
1810 4636 1991 4699 θαμέα
2027 4634 2120 4688 Ab
2169 4635 2179 4698 Ι
2225 4633 2404 4698 θαμέα
2440 4629 2676 4685 inseruit
2709 4629 3069 4684 RSchneider

531 4722 607 4769 10.
647 4734 966 4784 ομοφωνιαι
1003 4719 1044 4771 Α
1078 4720 1087 4785 Ι
1119 4724 1201 4773 18.
1227 4719 1428 4772 ῠπιςθα
1452 4735 1554 4788 pro
1581 4721 1781 4773 όπιςθα
1806 4719 2032 4788 GUhlig
2061 4721 2070 4785 Ι
2109 4724 2178 4771 19.
2201 4718 2494 4771 καςτάθεις
2519 4714 2839 4769 HLAhrens
2869 4721 2877 4779 Ι
2910 4719 3122 4785 ‘potest

531 4799 699 4853 etiam
726 4801 1114 4856 Alomanicum
1139 4804 1279 4856 esee'
1307 4802 1583 4871 ThBergk
1614 4809 1624 4870 Ι
1654 4809 1736 4856 ⁶20.
1765 4805 2009 4869 πρόςθεν
2035 4801 2341 4868 GDronke,
2377 4803 2587 4869 πρόςθε
2611 4800 2705 4855 Ab
2736 4814 2745 4868 1
2777 4804 3121 4871 ςυναλειφην

533 4886 577 4938 Α
609 4891 617 4951 Ι
648 4892 725 4945 21.
762 4888 968 4956 προςθ’
1002 4885 1216 4941 FJBast
1248 4887 1285 4941 b
1324 4885 1625 4958 ThBerg'k,
1665 4904 1808 4955 προς
1843 4890 1888 4942 Α
