3738 5530
1265 366 1366 416 DE
1402 363 1737 416 ACCENTV
1772 363 2287 420 PRONOMINVM.
2989 366 3073 429 43

481 569 673 650 Οἶμαι
718 570 790 634 δὲ
835 569 926 632 ὡς
971 569 1034 634 οἱ
1077 568 1644 657 ταλαιπωρότερον
1691 567 2241 647 ἀναςτρεφόμενοι
2285 570 2362 633 τὸ
2409 567 2659 649 ἀκριβὲς
2704 574 2821 634 τοῦ
2867 570 3070 645 λόγου

481 672 563 737 οὐ
610 672 982 749 διέγνωςαν.
1016 707 1094 717 —-
1125 676 1388 751 πρῶτον
1433 672 1584 750 γάρ,
1633 670 1686 736 εἰ
1730 671 1829 735 καὶ
1876 671 2106 749 ἀληθὲς
2150 671 2229 750 ἦν
2261 673 2335 737 τὸ
2367 672 2483 736 τὰς
2512 671 3071 752 ὀρθοτονουμένας

480 775 641 839 κατὰ
682 776 758 840 τό
803 773 1017 853 τρίτον
1063 773 1590 856 ἀντανακλᾶςθαι,
1638 773 1717 837 οὐ
1748 773 2012 840 πάντως
2056 777 2132 839 τό
2179 773 2255 839 οἷ
2296 774 2360 838 τ’
2405 774 2616 858 αὐτῷ
2660 775 3069 853 παράλογον·

301 896 372 943 54
394 891 445 942 A
483 878 851 956 ἐδείχθηςαν
893 877 1019 954 γὰρ
1067 876 1156 941 ὡς
1189 877 1364 955 παρὰ
1402 873 1611 940 τόπον
1643 878 1912 940 τεθεῖςαι
1942 874 2005 939 αἱ
2036 876 2398 958 ἐγκλιτικαί,
2443 876 2764 941 τουτέςτιν
2794 874 3074 955 ἀρκτικαὶ

479 978 836 1059 γινόμεναι,
883 978 1420 1061 ὀρθοτονοῦνται,
1468 979 1559 1044 ὡς
1603 978 1708 1043 ἐπὶ
1749 982 1867 1042 τοῦ
3102 994 3133 1042 5

1229 1080 1338 1160 ἐμὲ
1383 1080 1439 1144 δ’
1483 1079 1653 1156 ἔγνω
1698 1081 1801 1144 καὶ
1842 1079 2186 1159 προςέειπε
2233 1082 2295 1159 (λ
2346 1078 2456 1164 91)

482 1184 584 1247 καὶ
628 1188 761 1248 τῶν
814 1182 1295 1261 παραπληςίων.
1344 1219 1425 1229 -
1473 1182 1691 1247 ἔπειτα
1734 1182 1837 1246 καὶ
1882 1180 2349 1248 ςυνεπέπλεκτο
2396 1181 2634 1263 ὁμοίως
2677 1188 2769 1263 τῷ

1229 1284 1368 1364 ἐμοί
1411 1304 1480 1348 τε
1525 1286 1626 1348 καὶ
1669 1285 1833 1368 Ἥρῃ
1882 1285 1950 1363 (Ε
1996 1282 2164 1365 832).
2214 1320 2287 1331 -

482 1388 677 1452 ἀλλὰ·
704 1389 829 1467 μὴν
885 1388 988 1451 καὶ
1041 1387 1081 1464 ἡ
1137 1385 1330 1451 αὐτός
1385 1384 1863 1466 ὑποταςςομένη
1922 1385 2121 1464 ὀρθοῦ
2175 1386 2375 1452 τόνου
2428 1386 2724 1467 παραιτία
2768 1386 3069 1463 ἐγίγνετο.

478 1525 566 1534 —-
622 1490 722 1553 καὶ
780 1487 817 1553 ὁ
873 1489 943 1553 τε’
999 1488 1373 1570 ςύνδεςμος,
1429 1487 1775 1563 ἐγκλιτικός
1821 1486 1946 1563 ὤν,
2002 1489 2120 1566 τὴν
2176 1490 2304 1566 πρὸ
2361 1488 2561 1554 αὑτοῦ
2619 1488 2788 1554 λέξιν
2835 1488 3068 1569 ὀξύνει,
3113 1502 3173 1550 ιο

369 1604 422 1656 Β
479 1589 590 1654 ὅτε
647 1593 869 1669 βαρεῖά
925 1590 1090 1654 ἐςτιν
1148 1589 1212 1655 ἐξ
1268 1589 1502 1655 ὀξείας·
1558 1588 2043 1669 περιςπωμένην
2087 1591 2211 1668 γὰρ
2258 1589 2456 1655 οὖςαν
2503 1590 2820 1670 φυλάςςει.
2876 1628 2939 1637 -
2991 1591 3071 1656 τά

474 1711 548 1755 τε
609 1695 722 1770 τῆς
778 1691 1198 1769 ἀναγνώςεως
1258 1692 1377 1755 οὐκ
1433 1690 1872 1771 ἐξωμάλιςται·
1926 1693 2165 1755 πολλαὶ
2216 1693 2340 1770 γὰρ
2398 1692 2916 1771 ὀρθοτονηθεῑςαι
2960 1692 3070 1758 άν-

474 1795 918 1872 τανακλαςμόν
965 1793 1085 1858 οὐκ
1131 1793 1462 1858 ἐδέξαντο·

737 1896 903 1959 ἀλλὰ
944 1894 1082 1960 τόδ’
1124 1894 1281 1975 ἠμὲν
1328 1894 1471 1975 ἐμοὶ
1514 1896 1682 1959 πολὺ
1724 1895 1990 1965 κάλλιον
2035 1894 2150 1972 ἠδὲ
2195 1893 2262 1959 οἷ
2305 1894 2481 1980 αὐτῷ

734 1995 966 2062 ἔπλετο
1011 1996 1093 2080 (O
1136 1995 1309 2081 226).
3109 2009 3172 2059 15

1238 2110 1247 2115 ”
1459 2098 1841 2178 ἀμυνέμεναι
1890 2100 1962 2164 δὲ
2008 2096 2073 2163 οἵ
2114 2098 2293 2183 αὐτῷ
2340 2099 2407 2184 (χ
2453 2100 2634 2181 214)·

473 2203 553 2267 τὸ
600 2202 727 2278 γὰρ
772 2200 1134 2281 νοούμενόν
1192 2201 1345 2266 ἑςτι·
1405 2203 1516 2281 «μὴ
1564 2201 1839 2266 πειςάτω
1896 2221 1962 2265 ςε
2007 2201 2341 2267 Ὀδυςςεὺς
2386 2203 2534 2281 ἡμῖν
2590 2205 2705 2283 μὲν
2750 2203 3071 2288 μάχεςθαι,

475 2303 653 2386 αὐτῷ
700 2304 772 2367 δὲ
818 2306 1140 2382 βοηθεῖν»·

738 2404 812 2468 ὅς
855 2425 949 2469 τις
995 2404 1058 2469 οἷ
1099 2406 1164 2469 τ’
1208 2405 1458 2470 ἐπέοικε
1506 2406 1548 2486 (Ι
1596 2404 1780 2489 392)-

393 2520 439 2575 Ο
480 2507 808 2571 τουτὲςτιν
853 2506 1058 2588 αὐτῷ·
3103 2519 3170 2567 20

735 2626 889 2690 τοὺς
932 2625 989 2690 δ’
1032 2624 1280 2702 ἄναγον
1324 2626 1569 2708 Ζωούς,
1618 2624 1823 2706 ςφίςιν
1873 2624 2238 2705 ἑργάζεςθαι
2288 2624 2531 2709 ἀνάγκῃ
2577 2628 2643 2708 (ρ
2687 2626 2872 2712 441)-

473 2746 801 2811 τουτὲςτιν
859 2744 952 2809 «οἱ
1009 2743 1402 2825 αἰχμάλωτοι
1446 2744 1688 2824 ἤγοντο
1735 2744 1821 2811 εἰς
1868 2745 2215 2824 ὑπηρεςίαν
2270 2750 2401 2811 τῶν
2458 2745 3068 2826 ἐπικρατηςάντων.»

475 2847 554 2912 τό
600 2867 667 2911 τε
742 2865 793 2906 ι.

1290 2949 1385 3014 τίς
1428 2949 1495 3014 κ’
1539 2949 1743 3015 οἴοιτο

736 3055 982 3130 μοῦνον
1027 3049 1126 3115 ἐνὶ
1169 3049 1529 3133 πλεόνεςςι,
1574 3053 1676 3116 καὶ
1719 3050 1773 3117 εἰ
1817 3050 1986 3130 μάλα
2029 3051 2335 3130 καρτερὸς
2380 3049 2507 3130 εἴη,
3105 3060 3171 3109 25

736 3151 800 3216 οἷ
843 3152 1085 3217 τεύξειν
1130 3151 1413 3219 θάνατον
1461 3154 1527 3236 (χ
1578 3153 1682 3236 12)

287 3309 363 3354 55
386 3299 438 3352 A
477 3271 743 3337 πάντως
800 3270 888 3336 εἰς
944 3271 1156 3350 ἁπλῆν
1212 3270 1616 3352 ἀντωνυμίαν
1673 3272 2245 3353 μεταληφθήςεται·
2308 3271 2345 3335 ὁ
2398 3273 2522 3349 γὰρ
2568 3273 2890 3340 Ἀντίνου(
2947 3276 3069 3356 οὐχ

478 3373 961 3453 ὑπελάμβανεν,
1021 3374 1113 3438 ὡς
1172 3371 1454 3439 θάνατον
1512 3375 1687 3456 αὐτῷ
1745 3374 2258 3440 καταςκευάςειεν
2303 3373 2472 3455 <ἂν>
2517 3374 2587 3438 ἐν
2631 3379 2907 3442 πολλοῖς
2948 3398 3068 3442 πα-

477 3475 940 3555 ραγενόμενος,
988 3473 1227 3555 ὁμοίως
1269 3481 1361 3557 τῷ

735 3576 1010 3654 πρόςθεν
1056 3577 1202 3642 ἕθεν
1249 3576 1581 3656 φεύγοντα
1623 3575 1695 3663 (Ε
1738 3577 1822 3641 56
1867 3578 1934 3639 et
1977 3575 2120 3662 80)·
2887 3627 2894 3632 .
3104 3588 3171 3636 30

478 3677 564 3743 οὐ
609 3679 733 3756 γὰρ
778 3679 907 3755 πρὸ
954 3678 1186 3743 ἑαυτοῦ
1231 3697 1324 3743 τις
1370 3679 1616 3758 φεύγει.
1881 3695 1884 3698 ’

650 3881 911 3960 Ῥητέον
958 3883 1119 3960 ὑπέρ
1162 3902 1232 3946 τε
1274 3886 1408 3947 τῶν
1454 3883 1612 3947 κατὰ
1656 3885 1731 3948 τὸ
1776 3883 1990 3962 τρίτον
2035 3885 2389 3963 πρόςωπον
2437 3881 2526 3948 εἰς
2568 3882 2825 3947 ἁπλοῦν
2868 3889 3069 3965 ςχῆμα

472 3986 1141 4065 μεταλαμβανομένων
1186 3984 1286 4049 καὶ
1330 3988 1462 4049 τῶν
1509 3985 1598 4050 εἰς
1648 3985 1987 4067 ςύνθετον,
2032 3986 2351 4050 τουτέςτιν
2396 3984 3013 4065 ἀντανακλωμένων.

616 4268 789 4323 Βιεοιι
842 4290 1038 4329 scam.
1112 4281 1154 4330 1.
1193 4273 1273 4327 ὡς
1309 4273 1363 4327 οἱ
1396 4273 1897 4340 ταλαιπωρότερον
1931 4272 1995 4338 b,
2036 4271 2340 4338 ‘Fortassffi
2393 4272 2471 4326 ὡς
2507 4272 3067 4343 ἀταλαιπωρότερον’

472 4356 513 4408 b
559 4354 621 4408 in
667 4371 784 4412 var.
828 4356 986 4422 lect„
1035 4374 1113 4412 ως
1162 4375 1215 4412 οι
1259 4359 1761 4424 ταλαιπορωτερον
1808 4359 1850 4412 Α
1918 4359 1928 4423 Ι
1992 4364 2041 4414 3.
2088 4357 2281 4425 τρίτον
2318 4356 2764 4411 ἀντανακλᾶςθαι
2799 4358 2864 4424 b,
2911 4377 3068 4428 τριτο

472 4443 823 4494 ανακλαςθαι
861 4444 903 4495 Α
953 4445 962 4509 Ι
1008 4448 1056 4498 4.
1097 4444 1419 4510 εδειχθηςαν
1456 4440 1784 4510 Α,οὲδείχθη
1821 4441 1858 4494 b
1908 4442 1917 4510 Ι
1965 4448 2012 4500 7.
2049 4442 2261 4508 ὁμοίως
2296 4442 2401 4510 τῷ]
2439 4440 2535 4496 fol.
2566 4446 2663 4496 160
2686 4458 2738 4498 V.
2788 4443 2797 4508 Ι
2845 4449 2891 4495 9.
2933 4462 3070 4499 υπο-

472 4541 792 4591 ταςςομενη
832 4529 900 4591 Α,
937 4527 1334 4594 ἐπιταςςομένη
1372 4526 1433 4578 b·
1474 4527 1483 4593 Ι
1550 4542 1802 4591 εγιγνετο
1840 4527 1912 4594 Α,
1959 4527 2188 4592 ἐγένετο
2223 4526 2259 4578 b
2325 4528 2333 4594 Ι
2402 4530 2478 4578 11.
2515 4527 2572 4580 ἐξ
2609 4526 2790 4579 ὀξείας
2825 4525 3067 4594 ssebre,

474 4611 513 4673 ἡ
553 4611 707 4664 ὀξεῖα
756 4608 847 4664 Ab
889 4615 897 4672 Ι
939 4616 1015 4664 17.
1054 4627 1202 4664 εςτιν
1240 4611 1282 4664 Α
1324 4611 1334 4680 Ι
1375 4616 1453 4664 19.
1490 4627 1748 4665 επεοικεν
1787 4612 1829 4666 Α
1872 4612 1880 4677 Ι
1918 4617 2002 4669 21.
2042 4612 2254 4677 ἄναγον
2291 4610 2326 4664 b
2367 4609 2665 4675 Eumol-ue,
2704 4625 2935 4675 αναγων
2973 4614 3015 4668 Α
3057 4617 3063 4682 Ι

475 4700 563 4751 25.
619 4697 945 4748 πλεονεςςιν
998 4697 1040 4750 Α
1107 4698 1116 4762 Ι
1179 4700 1264 4750 28.
1318 4696 1793 4765 καταςκευάςειεν]
1850 4697 1990 4750 *Λαίς
2041 4696 2234 4750 addito
2295 4696 2364 4748 ἄν
2417 4710 2558 4763 opus
2611 4695 2722 4760 est,
2778 4694 2840 4748 ni
2887 4696 3066 4764 fallor,

474 4780 579 4831 aut
632 4779 789 4832 certe
842 4779 1057 4834 futuro·
1081 4780 1502 4837 καταςκευάςοι’
1555 4781 1592 4834 b
1648 4782 1706 4834 in
1764 4797 1879 4838 var.
1925 4781 2056 4835 lect.
2119 4783 2129 4848 Ι
2193 4787 2258 4835 30
2304 4780 2547 4846 πρόςθεν
2597 4780 2728 4834 ἕθεν
2771 4779 3065 4850 Homerus,

478 4866 732 4930 προςθεν
768 4867 932 4916 ενθεν
970 4865 1039 4930 Α,
1078 4865 1288 4932 πρόςθε
1314 4866 1441 4920 ἕθεν
1468 4866 1502 4920 b
1552 4868 1560 4935 Ι
1608 4873 1689 4921 33.
1726 4867 2258 4932 ἀντανακλωμένων
2293 4865 2358 4930 b,
2396 4868 2986 4932 αντανακλανομενων
3022 4869 3064 4922 Α
