3738 5530
605 343 1046 399 Commentarius
1075 343 1302 399 criticus
1330 345 1389 397 et
1415 341 1736 413 exegeticus
1761 341 1824 397 in
1849 341 2136 412 Apollonii
2166 340 2394 411 Dyscoli
2423 341 2634 412 scripta
2657 341 2890 397 minora.
2979 342 3061 408 51

455 515 756 573 nominum
799 515 1054 589 propria
1099 517 1184 573 εει
1223 513 1550 582 inclinatio,
1610 514 1713 572 sed
1759 516 1842 572 εει
1887 514 2060 572 etiam
2104 513 2409 572 verborum
2452 513 2917 572 oomfunauonum
2961 512 3065 571 ad-

457 604 801 664 verbiorum.
892 603 994 663 Ex
1039 619 1102 662 εο
1144 604 1326 678 iyitwr
1369 603 1522 677 quod
1565 603 1887 662 inclinatur
1931 597 2041 663 τίς
2084 619 2205 662 non
2247 603 2509 677 sequiw
2541 606 2609 662 ut
2641 603 3067 677 sitpronomen

459 695 561 767 27,
583 694 860 753 20-24,
954 690 1039 751 Cf.
1087 691 1267 752 Prisc.
1314 691 1461 750 XIII
1499 692 1582 752 32
1631 711 1686 768 p.
1729 694 1831 766 21,
1853 692 2086 751 5-10.

642 783 744 856 27,
764 783 847 841 23
895 777 985 842 ὡς
1029 778 1107 842 τὸ
1153 813 1242 824 -
1285 776 1460 860 (ὡς)
1505 776 1544 841 ὁ
1591 776 1712 856 πέρ
1749 812 1838 823 -
1875 777 1964 842 ὡς
2010 778 2087 842 τὸ
2133 780 2344 841 Matth.
2391 779 2454 838 H
2491 781 2635 840 634.
2740 780 2837 840 Ad
2886 781 3066 857 '²928-

637 873 739 945 27,
761 873 844 930 24
899 871 1246 948 typothetae
1293 890 1489 931 errore
1534 869 1673 931 πῶς
1717 870 1938 949 legitur
1982 889 2091 947 pro
2137 866 2293 940 πώς,
2340 869 2500 946 quod
2544 871 2809 929 restituit
2852 870 3063 930 Matth.

457 961 492 1018 l.
541 978 585 1021 s.
635 979 678 1020 3.

636 1049 732 1108 Ad
777 1041 846 1131 b)
912 1048 1080 1124 Quod
1132 1045 1243 1109 τίς
1296 1065 1417 1108 non
1458 1050 1835 1124 producitur,
1899 1053 1966 1108 ut
2009 1051 2191 1108 solent
2232 1050 2474 1109 nomina
2516 1049 2941 1124 monosyllaba,
3004 1049 3070 1109 id

455 1141 611 1200 voois
662 1156 804 1200 sono
856 1139 1270 1212 inmutandum
1324 1142 1431 1207 est,
1488 1156 1610 1198 non
1651 1141 1899 1199 notiaemi:
1963 1140 2133 1215 atqui
2178 1158 2248 1198 ex
2292 1140 2562 1213 notione,
2625 1156 2746 1199 non
2791 1158 2861 1197 ex
2906 1139 3068 1198 vocis

458 1247 602 1290 sono
648 1231 900 1306 apparet
943 1230 1040 1287 oui
1084 1229 1371 1288 orafionis
1416 1230 1576 1305 parti
1624 1227 1867 1304 aliquod
1912 1227 2268 1288 vocabulum
2305 1226 2714 1288 ascribendum
2751 1229 2844 1287 sit.
2918 1226 3067 1286 For-

462 1322 616 1380 ιαεεε
659 1319 812 1414 quod
854 1319 1273 1392 intevwoqantee
1319 1309 1552 1399 (vooem
1598 1316 1966 1396 adstringere
2012 1310 2137 1399 vel)
2179 1335 2387 1378 sonum
2431 1318 2764 1378 morabere
2805 1317 3070 1385 solemus,

462 1409 697 1483 lonyum
740 1405 762 1468 ἰ
806 1425 1137 1482 respuam-3
1185 1409 1287 1482 27,
1309 1408 1586 1466 24-28,

643 1498 747 1572 27,
770 1498 852 1556 25
898 1496 971 1556 of.
1010 1495 1148 1556 Her.
1187 1495 1250 1555 H
1291 1497 1452 1572 7,15
1500 1492 1602 1557 διὸ
1648 1493 1725 1557 τὸ
1771 1492 1865 1556 τίς
1913 1491 2334 1572 ςημειούμεθα
2379 1491 2881 1570 ςυςτελλόμενον
2918 1491 3054 1556 τὸ
3032 1513 3070 1556 1.

641 1588 845 1661 27,27
894 1579 1196 1664 αὐχένος]
1252 1585 1323 1643 of.
1371 1584 1512 1645 Lob.
1560 1585 1779 1646 Parall.
1832 1587 1975 1645 194.

637 1677 741 1750 27,
761 1676 843 1734 28
883 1673 1086 1736 Choer.
1120 1673 1258 1734 Gan.
1293 1676 1439 1749 183,
1462 1677 1538 1734 11
1575 1700 1658 1724 =
1692 1676 1936 1750 192,10
1954 1674 2117 1755 Hilg.
2147 1670 2375 1737 Ἰςτέον
2404 1670 2503 1736 ὅτι
2532 1671 2723 1751 φηςὶν
2761 1669 2800 1734 ὁ
2838 1669 3068 1734 Ἀπολ-

459 1761 691 1826 λώνιος
728 1759 991 1825 ἀςτείως
1019 1760 1566 1839 ἀπολογούμενος,
1603 1759 1704 1824 ὅτι
1732 1760 1839 1824 διὰ
1866 1764 2065 1827 τοῦτο
2092 1761 2168 1825 τὸ
2197 1761 2290 1826 τίς
2319 1761 2636 1826 ςυςτέλλει
2663 1760 2740 1825 τὸ
2768 1761 2805 1836 ἰ,
2846 1759 3066 1836 ἐπειδὴ

456 1850 497 1928 ἡ
536 1849 847 1929 ςύντομος
882 1852 996 1929 τῆς
1032 1848 1316 1914 πεύςεως
1353 1849 1673 1929 ἀνάκριςις
1712 1849 1829 1914 τὸν
1867 1852 2111 1929 μακρὸν
2149 1851 2392 1928 χρόνον
2426 1852 2544 1915 τοῦ
2581 1851 2604 1914 ἰ’
2640 1849 3070 1935 παρῃτήςατο.

465 1939 505 2004 ὸ
561 1940 684 2019 γὰρ
731 1940 1217 2018 πυνθανόμενος
1264 1938 1336 2003 ἐν
1382 1940 1674 2024 ςυντόμῳ
1720 1940 1891 2004 θέλει
1938 1943 2161 2019 μαθεῖν
2209 1941 2312 2003 καὶ
2356 1939 2437 2005 οὐ
2483 1939 2588 2003 διὰ
2635 1941 2878 2019 μακροῦ
2921 1938 3071 2017 χρό-

460 2049 596 2095 νου.
675 2032 891 2093 Utrum
939 2030 1375 2093 Choeroboseus
1411 2032 1523 2110 Ap.
1570 2035 1929 2093 sententiam
1964 2036 2122 2093 reete
2156 2035 2523 2111 perspexerit
2559 2051 2637 2093 an
2671 2051 2798 2107 nos,
2845 2032 2951 2092 alii
2986 2030 3074 2090 di-

458 2121 747 2197 iudioent3
793 2121 953 2200 apud
988 2121 1238 2182 eundem
1276 2120 1478 2182 Choer.
1510 2124 1659 2199 429,
1684 2124 1763 2181 17
1796 2148 1881 2171 =
1913 2123 2062 2196 387,
2082 2123 2165 2183 33
2188 2122 2348 2201 Hilg.
2387 2122 2531 2182 haec
2567 2123 2850 2201 leguntur
2885 2116 2961 2181 τὸ
3000 2117 3073 2180 δὲ

461 2206 563 2273 1ού
609 2207 715 2272 διὰ
760 2211 957 2272 τοῦτο
1003 2206 1312 2283 ὀξύνεται,
1360 2207 1579 2286 ἐπειδὴ
1628 2208 2095 2286 ςχετλιαςτικόν
2143 2207 2325 2283 ἐςτιν,
2373 2207 2435 2271 οἱ
2481 2210 2555 2271 δὲ
2597 2206 3073 2285 ςχετλιάζοντες

462 2296 639 2381 ὀξείᾳ
666 2297 1003 2376 κέχρηνται
1032 2301 1239 2379 φωνῇ.
1314 2299 1399 2360 Of.
1429 2299 1614 2360 Lehrs
1641 2292 1774 2360 Ar.2
1811 2302 1956 2360 328.
2030 2299 2303 2361 Ceterum
2340 2300 2489 2361 mihi
2515 2300 2756 2377 quidem
2782 2295 2821 2374 ἡ
2853 2295 3073 2361 ςύντο-

464 2406 580 2466 μος
616 2389 728 2465 τῆς
766 2386 1050 2451 πεύςεως
1080 2384 1399 2465 ἀνάκριςις
1435 2408 1554 2450 11011
1583 2384 1846 2451 ἀςτείως
1875 2390 2037 2450 diota
2065 2409 2191 2452 esse
2217 2390 2521 2466 videntur-3
2566 2392 2838 2467 exspecto
2875 2390 3075 2466 pofius

459 2475 500 2553 ἡ
547 2476 859 2556 ςύντομος
912 2478 1024 2554 τῆς
1079 2474 1361 2540 πεύςεως
1416 2474 1667 2555 ἐκφορά
1722 2481 1817 2539 vel
1877 2475 2232 2555 ἐκφώνηςις
2285 2481 2382 2539 vel
2436 2478 2665 2557 aliquid
2719 2481 2845 2539 eius
2896 2476 3073 2538 modi

647 2568 745 2629 Ad
791 2561 849 2650 8)
905 2569 1932 2644 Requlaequampromlevwatiui
1976 2569 2612 2645 opponipotesthaec:
2652 2570 3080 2642 nominaquae

462 2678 530 2718 m
566 2663 889 2734 correptum
924 2673 1001 2718 ας
1040 2674 1094 2719 ις
1132 2673 1205 2718 υς
1252 2662 1458 2718 exemti
1500 2659 1717 2718 abiecto
1762 2655 1798 2718 ἓ
1839 2662 2113 2719 neutrum
2157 2650 2335 2740 (sing
2383 2677 2536 2719 nom.
2587 2649 2733 2738 880)
2782 2658 3079 2731 estimem&

465 2750 709 2810 eandem
753 2749 932 2824 leyen·
974 2750 1235 2824 sequatur
1279 2743 1347 2809 τί
1396 2749 1500 2823 27,
1522 2748 1802 2823 28-28,
1825 2751 1880 2808 1.

640 2838 873 2899 Desunt
924 2838 980 2896 h.
1028 2839 1066 2897 1.
1124 2857 1278 2914 quae
1343 2838 1419 2897 ad
1485 2840 1903 2917 argumentum
1965 2831 2034 2921 d)
2079 2837 2468 2898 refellendum
2530 2839 2861 2915 pertinent·
2845 2881 2862 2913 ,
2925 2854 3077 2914 quae

465 2946 599 2989 cum
647 2929 1111 3003 28,17-29,3
1159 2927 1456 3006 legantur,
1501 2929 1727 3005 optimo
1773 2930 1902 2987 iure
1949 2927 2024 2987 ab
2071 2927 2316 3007 Uhligio
2360 2928 2416 2986 11.
2464 2928 2502 2986 1.
2549 2929 2902 2987 inseruntur.

643 3017 740 3077 Ad
785 3009 855 3099 d)
920 3011 1165 3077 Τίνων
1209 3019 1616 3092 immoqative
1650 3019 1912 3092 positum
1946 3018 2074 3077 ideo
2120 3020 2293 3078 ειίωη
2327 3018 2717 3078 Dorion-sibus
2756 3011 3076 3092 βαρύτο-

465 3122 602 3168 νον
648 3111 756 3176 εει,
820 3109 964 3182 φιὲα
1006 3108 1422 3181 merroqativa
1467 3107 1542 3166 ab
1588 3107 1856 3168 <monibus
1905 3106 2151 3167 Graecis
2199 3104 2638 3183 βαρυτόνως
2673 3107 3077 3181 proferuntur,

463 3198 567 3257 ubi
616 3198 761 3271 plus
824 3214 1002 3270 quam
1062 3213 1247 3255 unam
1299 3197 1586 3271 syllabam
1642 3197 1878 3264 habent,
1941 3200 2166 3272 excepto
2210 3193 2563 3258 ποδαπός
2607 3197 2834 3270 formae
2878 3212 3077 3255 cama.

464 3286 856 3361 Nequaquam
889 3287 1070 3360 igitur
1104 3280 1336 3346 τίνων
1371 3303 1492 3345 non
1528 3290 1611 3344 est
1635 3303 1859 3354 nomen,
1906 3288 2050 3359 quia
2076 3304 2116 3345 a
2143 3286 2531 3347 Dorion-sibus
2557 3302 2677 3345 non
2702 3300 3077 3359 περιςπω-

465 3372 706 3451 μένως
740 3376 1047 3451 Ρνοΐενιιιν
1094 3376 1578 3450 28,17-29,3.
1675 3374 1759 3435 Cf.
1807 3368 1962 3452 synt.
2016 3376 2162 3450 134,
2185 3377 2297 3450 273
2345 3376 2627 3449 307‚12;
2675 3376 2823 3450 310,
2843 3376 2900 3433 4.

645 3463 736 3524 Ex
790 3465 882 3524 his
936 3463 1130 3524 verbis
1187 3461 1266 3525 οὐ
1321 3459 1584 3524 πάντως
1645 3459 1764 3525 οὖν
1819 3461 1965 3539 οὐχὶ
2019 3458 2230 3538 ὄνομα
2281 3464 2492 3524 Matth.
2540 3463 2603 3523 Π
2641 3464 2767 3523 634
2833 3463 3081 3541 colligit,

467 3557 658 3615 totam
715 3554 871 3614 hano
925 3555 1501 3633 argumentationem
1544 3555 1599 3612 h.
1648 3554 1685 3611 1.
1734 3573 1852 3614 non
1907 3572 2079 3631 posse
2134 3555 2342 3629 inseri,
2406 3554 2510 3613 ubi
2555 3552 3081 3613 demonstrandum

470 3646 551 3704 sit
595 3639 791 3705 τίνων
835 3661 955 3703 non
1001 3661 1125 3704 esse
1161 3660 1498 3717 pronomen.
1583 3641 1667 3703 At
1710 3642 1821 3702 hoo
1857 3645 1949 3702 est
1984 3644 2250 3721 profecto
2284 3642 2593 3703 reduviam
2630 3661 2849 3703 curare.
2923 3642 3081 3702 Nam

469 3733 621 3793 nihil
679 3734 919 3793 omnino
978 3734 1161 3793 refert
1219 3736 1420 3792 utrum
1480 3727 1558 3793 οὐ
1618 3727 1880 3792 πάντως
1940 3727 2061 3792 οὗν
2116 3728 2262 3806 οὐχὶ
2315 3727 2525 3808 ὄνομα
2571 3751 2647 3792 an
2695 3728 2773 3793 οὐ
2819 3726 3079 3792 πάντως

468 3817 586 3883 οὖν
643 3816 1011 3897 ἀντωνυμία
1064 3821 1227 3882 dieat
1271 3822 1384 3899 Ap.
1476 3821 1633 3880 Illud
1690 3825 1889 3881 autem
1943 3822 2127 3881 miror
2171 3821 2481 3901 Uhligium
2534 3840 2653 3882 non
2712 3821 2971 3881 haesisse
3016 3823 3079 3880 in

467 3911 662 3973 verbis
731 3914 833 3987 29,
856 3913 1025 3971 1—3
1088 3908 1190 3972 καὶ
1255 3907 1394 3972 ἐπεὶ
1457 3906 1600 3972 τινά
1645 3941 1733 3953 -
1780 3905 2319 3987 ὀξυτονουμένηςε
2392 3911 2538 3971 haee
2600 3913 2758 3971 enim
2820 3929 2939 3970 non
3005 3910 3081 3969 ad

471 4004 886 4080 argumentum
931 3998 999 4082 d)
1046 4003 1336 4078 spectant,
1382 4001 1485 4061 sed
1531 4000 1607 4059 ad
1652 3993 1728 4082 o).

645 4090 1053 4168 lutei-ponitur
1105 4090 1161 4148 11.
1208 4091 1247 4149 l.
1297 4092 1711 4169 argumentum
1770 4089 1929 4167 quod
1990 4090 2065 4149 ab
2127 4093 2372 4151 accentu
2432 4089 2676 4149 ductum
2735 4093 2840 4150 est.
2931 4088 3086 4149 Sum

467 4197 614 4240 sane
655 4183 1075 4255 pronominum
1125 4181 1352 4254 formae
1405 4197 1554 4255 quae
1608 4183 1661 4239 et
1711 4181 2074 4240 inclinantur
2128 4184 2182 4239 ει
2222 4184 2371 4241 recto
2426 4183 2617 4239 tenore
2658 4180 3082 4254 profer-untion-

427 4283 433 4289 ·
468 4270 610 4330 haec
654 4274 849 4330 tamen
891 4271 994 4329 ubi
1037 4271 1416 4338 inclinantur,
1465 4269 1856 4330 tantumodo
1902 4270 2239 4329 discernunt
2260 4287 2584 4344 personas;
2628 4270 2730 4329 ubi
2764 4287 2899 4329 vero
2933 4273 3084 4329 recto

469 4363 600 4419 tono
643 4363 971 4435 siffimmbur,
1020 4364 1072 4419 ει
1114 4360 1439 4434 opponendi
1484 4361 1601 4417 vim
1647 4362 1700 4417 ει
1741 4361 1860 4418 vim
1903 4360 2242 4432 reflexivaon
2284 4361 2553 4419 indmmt.
2633 4358 2800 4434 Quod
2834 4376 2954 4418 non
2990 4375 3083 4418 ca-

471 4450 558 4509 dit
599 4451 666 4509 in
709 4445 822 4510 τίς
868 4466 1073 4509 vocem.
1157 4449 1318 4508 Nam
1362 4466 1480 4508 non
1525 4450 1866 4522 monendi,
1914 4450 2015 4507 sed
2049 4450 2449 4524 intervoycmdi
2486 4466 2669 4509 causa
2704 4444 2816 4508 τίς
2852 4450 3085 4508 aeuitur

476 4539 578 4612 28,
604 4540 789 4598 1—5.

650 4628 1008 4705 corruptum
1063 4646 1187 4688 esse
1231 4628 1372 4686 11.1.
1428 4629 1491 4686 111
1538 4627 1737 4687 codiee
1784 4629 1854 4685 ut
1899 4645 2100 4687 omnes
2147 4629 2552 4702 consentiunt,
2609 4628 2699 4687 ita
2745 4645 2861 4704 quo
2906 4626 3083 4687 modo

471 4717 771 4777 sanandus
835 4720 916 4777 sit
975 4736 1196 4796 magna
1258 4717 1545 4777 dissensio
1605 4719 1710 4775 est
1817 4715 1903 4775 Ut
1948 4735 1985 4776 a
2030 4719 2204 4776 certis
2258 4716 2433 4776 rebus
2489 4717 2816 4777 ordiamur:
2876 4736 2945 4776 ex
3001 4719 3084 4777 eis

471 4827 624 4884 quae
669 4809 1051 4885 opponuntur
1094 4803 1174 4868 οὐ
1221 4802 1345 4881 γὰρ
1392 4801 1580 4866 ἕνεκα
1625 4805 1960 4879 διαςτολῆς
2005 4801 2081 4865 τὸ
2128 4800 2221 4866 τίς
2269 4802 2561 4867 ὀξύνεται
2608 4808 2860 4883 apparet
2908 4809 3085 4866 antea

474 4895 692 4957 din'sse
737 4896 878 4974 Ap„
934 4916 1003 4955 ex
1058 4898 1355 4957 conta-ario
1409 4896 1761 4972 pronomina
1818 4890 2007 4955 ἕνεκα
2052 4894 2386 4970 διαςτολῆς
2432 4890 2785 4967 ὀξύνεςθαι,
2840 4895 2936 4955 vel
2981 4896 3083 4955 ubi

477 4981 836 5057 ὀξύνονται,
885 4983 1222 5060 διαςτολὴν
1266 4985 1554 5045 indicare:
1615 4984 1779 5044 vides
1825 4986 2013 5062 igitur
2057 4981 2445 5046 διαςτέλλειν
2491 4988 2553 5044 et
2596 4981 2894 5059 διαςτολή
2941 4985 2996 5043 11.
3044 4986 3082 5043 1.

2598 5084 2668 5137 4*
