3738 5530
607 311 1050 369 Commentarius
1078 314 1306 370 criticus
1333 315 1393 369 et
1420 315 1740 386 exegeticus
1767 316 1828 371 in
1856 315 2145 392 Apollonii
2173 316 2401 388 Dyscoli
2430 318 2643 390 scripta
2668 319 2901 376 minora.
2994 322 3081 387 85

644 483 748 558 58,
768 485 1028 543 20--22
1079 488 1185 544 aut
1229 480 1595 548 πλεονάζον
1640 488 1748 545 aut
1793 480 1849 547 εἰ
1895 484 2298 560 πλεοναςμός
2344 488 2671 549 eiciendum
2717 509 2843 552 esse
2881 496 3083 553 censet

461 572 740 632 Hoersch.
791 574 949 648 3783
1012 574 1288 635 dissentit
1333 574 1612 653 Egenolff
1650 575 1737 635 IV
1775 578 1890 651 44,
1953 575 2132 653 idque
2196 578 2349 638 iure:
2413 583 2767 656 premuntur
2824 581 2971 642 haec
3024 577 3080 643 εἰ

460 658 879 737 πλεοναςμός,
929 657 1005 723 ‘si
1050 683 1113 724 re
1159 683 1302 724 vera
1348 668 1439 725 est
1483 665 1974 742 pleonasmus,
2018 685 2137 726 non
2185 668 2353 727 aliud
2400 663 2582 744 quid'.

643 752 746 827 58,
767 753 844 811 21
904 747 1271 829 ἀναβιβάζει
1315 750 1431 815 τὸν
1478 750 1704 833 τόνον]
1753 756 1825 815 cf.
1874 755 2131 816 Macrob.
2179 755 2251 816 de
2298 758 2477 817 verbo
2505 758 2561 814 V
2603 761 2713 835 113
2772 760 2913 821 Lob.
2962 761 3076 821 En.

638 932 978 1006 58‚25—6
1029 933 1101 991 cf.
1149 932 1279 992 adv.
1335 936 1614 1008 147,10;
1660 933 1876 994 Herod.
1924 934 1956 993 1
1994 936 2219 1010 475,1.
2272 937 2510 1012 537,1;
2552 936 2659 997 EG
2700 941 2967 1013 161,58.

639 1021 846 1095 58,27
897 1016 1179 1100 ἐδείχθη]
1229 1022 1300 1082 cf.
1342 1022 1471 1082 adv.
1516 1025 2132 1098 146,15—-147‚23.
2187 1026 2465 1101 158,16;
2513 1028 2660 1087 coni.
2704 1029 3076 1106 254‚8--9;

456 1113 610 1186 synt.
661 1111 842 1182 5‚15.
936 1109 1032 1169 Ad
1086 1110 1304 1170 librum
1359 1109 1506 1187 περὶ
1564 1113 1793 1174 παθῶν
1838 1113 2055 1190 respici
2101 1116 2278 1191 putat
2324 1114 2447 1174 Ska
2492 1117 2556 1174 in
2604 1116 2690 1176 ΕΙ.
2740 1117 2879 1177 CIII
2919 1121 3074 1195 6343

456 1200 524 1257 cf.
574 1198 760 1278 Uhlig
804 1200 896 1259 III
937 1201 1036 1259 70.
1132 1201 1437 1278 Apollonii
1493 1202 1565 1261 de
1623 1197 1806 1294 ἐχθές
1853 1199 2001 1277 χθές
2059 1203 2300 1264 vocibus
2357 1205 2715 1266 sententiam
2774 1208 3075 1286 improbat

453 1287 595 1348 Lob.
635 1288 749 1348 ΕΗ.
789 1290 819 1348 I
857 1291 940 1349 46
963 1309 1049 1367 sq.

634 1379 736 1452 58,
758 1380 840 1438 28
902 1373 1092 1439 ‘verbi
1147 1376 1350 1443 ἐθέλω
1371 1359 1383 1382 x
1403 1383 1807 1459 principatum
1865 1381 2079 1459 quibus
2144 1385 2511 1462 argumentis
2575 1386 3074 1447 demonstraverit

453 1463 770 1528 nescimus’
817 1468 959 1528 Lob.
1008 1469 1121 1528 ΕΠ.
1170 1470 1200 1530 Ι
1242 1472 1340 1529 74.
1387 1471 1449 1530 H
1489 1472 1636 1531 370.

633 1559 737 1633 59,
759 1561 791 1617 1
836 1554 1064 1620 λεκτὸν
1101 1555 1611 1640 καταλιμπάνον]
1650 1562 1686 1619 i.
1718 1582 1764 1621 e.
1806 1561 2115 1639 aphaeresi
2150 1563 2313 1623 facta
2350 1583 2462 1623 vox
2499 1566 2873 1641 relinquitur,
2921 1588 3071 1643 quae

451 1650 513 1707 et
556 1647 674 1706 dici
732 1668 838 1725 per
890 1666 952 1707 se
1007 1650 1201 1726 possit
1244 1667 1531 1726 suamque
1585 1650 1806 1710 habeat
1849 1651 2180 1727 notionem,
2239 1655 2309 1712 cf.
2362 1655 2553 1728 59,6;
2607 1655 2739 1715 adv.
2793 1658 2937 1731 158,
2960 1660 3071 1732 2ος

451 1734 522 1796 ἐν
570 1735 773 1817 λεκτῷ
821 1734 1204 1812 καθειςτήκει
1251 1740 1399 1799 coni.
1452 1741 1689 1815 233,2;
1737 1737 1807 1800 ἐν
1845 1738 2050 1821 λεκτῷ
2088 1741 2351 1822 προςῄει
2396 1742 2475 1801 ib.
2519 1745 2755 1819 253‚5;
2802 1745 2918 1806 τοῦ
2957 1744 3069 1807 θεν

450 1822 529 1886 οὐ
586 1825 884 1887 λεκτικῶς
930 1825 1514 1902 προςεληλυθότος,
1582 1825 1653 1890 ἐν
1701 1828 1771 1890 δὲ
1820 1827 2024 1903 μόνον
2070 1833 2429 1911 παραγωγῇ
2478 1834 2607 1891 adv.
2663 1835 2943 1911 195,16;
2988 1832 3070 1896 τὰ

449 1919 680 1984 τοπικὰ
726 1922 1140 2000 παραχθέντα
1186 1921 1481 2007 ἀποβολῇ
1529 1926 1645 1989 τοῦ
1693 1928 1765 1988 δε
1807 1925 1927 1989 οὐκ
1964 1922 2395 2004 ἀπολιμπάνει
2435 1926 2603 1992 λέξιν
2642 1929 3068 2006 ςημαίνουςάν

448 2031 506 2073 τι
553 2014 683 2073 adv.
726 2015 996 2089 203,17.
1085 2014 1170 2075 Of.
1210 2015 1589 2076 RSchneider
1632 2017 1695 2076 H
1735 2019 1846 2092 153
1891 2017 2076 2078 Lentz
2121 2021 2186 2078 in
2232 2019 2443 2079 Philol.
2483 2023 2675 2098 suppl.
2715 2022 2747 2081 Ι
2785 2024 2930 2082 669.

627 2105 730 2181 59,
755 2106 790 2163 7
832 2124 982 2181 quae
1019 2106 1083 2163 in
1119 2107 1175 2164 A
1223 2107 1505 2185 leguntur
1550 2103 1626 2166 τὸ
1672 2102 2038 2170 πλεονάζον
2076 2105 2180 2169 καὶ
2225 2104 2330 2169 διὰ
2368 2108 2484 2170 τοῦ
2523 2108 2626 2170 πλ.
2666 2107 2770 2171 καὶ
2806 2108 2911 2172 διὰ
2949 2112 3065 2173 τοῦ

446 2188 541 2253 ὁλ.
589 2211 652 2253 π.
701 2211 764 2254 π.
815 2189 1095 2267 (ημαίνει
1151 2195 1381 2255 nullam
1434 2195 1724 2272 praebent
1778 2199 2149 2257 sententiam.
2242 2198 2399 2257 Nam
2448 2196 2766 2273 ςημαίνειν
2813 2219 2870 2261 τι
2919 2197 3064 2283 (non

443 2283 669 2342 nudum
708 2276 1057 2365 ςημαίνειν)
1097 2285 1192 2344 vel
1236 2281 1560 2359 ςημαίνειν
1606 2303 1664 2346 τι
1704 2281 1838 2346 κατ’
1880 2282 2045 2347 ἰδίαν
2084 2279 2245 2370 (adv.
2278 2290 2427 2362 203,
2452 2290 2548 2348 18.
2602 2291 2748 2363 133,
2772 2293 2882 2367 25;
2929 2312 3061 2368 opp.

443 2369 877 2447 ςυςςημαίνειν
924 2373 1049 2433 Ska
1092 2374 1154 2433 H
1197 2367 1308 2455 13)
1366 2378 1459 2435 est
1512 2369 1802 2451 ‘aliquam
1858 2394 1966 2452 per
2010 2395 2072 2435 se
2118 2378 2421 2437 notionem
2466 2373 2729 2454 habere’,
2782 2380 2844 2438 id
2908 2382 3063 2456 quod

442 2463 503 2521 in
551 2463 604 2520 h.
646 2464 681 2521 l.
731 2462 971 2523 omnino
1018 2483 1136 2523 non
1185 2464 1454 2540 quadrat.
1550 2464 1720 2535 Quod
1767 2465 2009 2542 scripsit
2053 2465 2165 2542 Ap.
2228 2466 2384 2526 idem
2432 2468 2613 2528 fuisse
2661 2470 2929 2545 suspicor
2974 2475 3062 2530 at-

442 2572 556 2627 que
602 2551 713 2611 hoc
759 2557 916 2629 synt.
959 2554 1210 2629 133‚14
1269 2548 1420 2615 οὔτε
1480 2550 1852 2628 πλεόναςμά
1900 2570 1992 2615 τις
2041 2550 2434 2630 ἐπινοήςειεν
2480 2551 2632 2618 οὔτε
2680 2553 2959 2630 ἔνδειαν,
3009 2557 3063 2620 εἰ

441 2639 521 2715 μὴ
579 2638 902 2716 πρότερον
947 2638 987 2715 ἡ
1034 2640 1225 2718 φωνὴ
1284 2638 1642 2718 ὁλόκληρος
1701 2639 2200 2719 ἐπιδειχθείη,
2267 2647 2338 2704 cf.
2386 2645 2463 2704 ib.
2512 2649 2658 2721 142,
2678 2648 2759 2706 24
2819 2646 3062 2710 παντὸς

440 2727 847 2794 πεπονθότος
902 2729 1347 2808 προϋφέςτηκε
1403 2728 1480 2794 τὸ
1536 2727 1916 2809 ὁλόκληρον.
1990 2733 2067 2793 ib.
2114 2736 2361 2811 142,26
2423 2731 2486 2795 αἱ
2543 2732 2740 2798 λέξεις
2797 2733 2903 2798 διὰ
2948 2738 3061 2814 τῆς

439 2820 571 2880 τῶν
636 2820 972 2897 ςυλλαβῶν
1037 2818 1411 2897 ςυμμετρίας
1475 2820 1578 2883 καὶ
1632 2820 1710 2883 τὸ
1765 2819 2132 2885 πλεονάζον
2198 2821 2768 2886 ἐπιδείκνυται
2826 2825 2929 2888 καὶ
2984 2826 3060 2891 τὸ

439 2906 684 2972 ἐνδέον.
758 2911 834 2970 ib.
880 2912 1085 2986 143,2
1152 2909 1255 2972 καὶ
1318 2909 1394 2971 τὸ
1460 2907 1823 2973 πλεονάζον
1871 2909 1972 2974 καὶ
2019 2910 2094 2972 τὸ
2151 2913 2377 2976 λεῖπον
2442 2910 2813 2977 δείκνυςθαι.
2893 2939 3058 2996 pron.

441 3002 544 3075 38,
566 3002 647 3060 22
698 2999 829 3061 πᾶν
875 2996 951 3061 τὸ
999 2996 1071 3061 ἐν
1116 2996 1548 3077 πλεονάςματι
1595 2998 1633 3075 ἢ
1683 2998 1964 3076 ἐλλείψει
2014 3000 2182 3063 πολὺ
2230 3000 2554 3079 πρότερον
2603 3002 2673 3064 ἐν
2721 3002 3059 3089 ὁλοκλήρῳ

437 3086 840 3165 καθειςτήκει.
924 3088 1033 3150 ΑΟ
1080 3091 1111 3150 Ι
1150 3092 1299 3166 327,
1320 3093 1403 3150 24
1451 3087 1533 3151 τὰ
1586 3087 1711 3166 γὰρ
1768 3086 1982 3166 ἀπαθῆ
2032 3090 2505 3169 παρατιθέμενα
2551 3094 2773 3170 δηλοῖ
2820 3093 2899 3157 τὰ
2945 3114 3055 3158 πε-

437 3175 745 3241 πονθότα.
824 3180 1041 3256 Itaque
1078 3181 1130 3241 si
1167 3183 1301 3257 quis
1338 3181 1686 3258 pleonasma
1722 3199 1847 3241 esse
1887 3182 2398 3243 demonstraturus
2437 3187 2544 3257 est,
2591 3187 2768 3244 antea
2804 3188 3058 3249 formam

435 3270 842 3347 pleonasmate
879 3270 986 3329 illo
1025 3273 1263 3330 auctam
1303 3271 1559 3348 simplici
1597 3274 1864 3349 opponat
1910 3274 2174 3349 oportet3
2221 3293 2404 3349 quare
2452 3274 2503 3333 si
2543 3269 2672 3334 ἐκεῖ
2709 3273 3055 3336 adverbium

435 3359 779 3435 pleonasmo
836 3362 1076 3419 auctum
1134 3363 1315 3432 esset,
1379 3361 1619 3437 plenam
1674 3359 1770 3421 κεῖ
1816 3362 2070 3420 formam
2116 3364 2177 3420 in
2224 3365 2507 3440 promptu
2556 3383 2679 3423 esse
2727 3368 3057 3442 oporteret3

436 3450 603 3525 atqui
650 3468 769 3509 non
817 3452 932 3509 est:
979 3468 1122 3527 ergo
1167 3450 1231 3508 in
1279 3445 1408 3510 ἐκεῖ
1450 3451 1794 3527 pleonasma
1840 3470 1959 3510 non
2007 3454 2097 3511 est
2144 3443 2375 3531 (itaque
2420 3472 2495 3512 ne
2534 3450 2777 3514 ἐκεῖνος
2816 3456 3057 3531 quidem

432 3533 773 3600 πλεονάζει
820 3539 913 3619 τῷ
959 3529 1038 3619 ε).
1144 3537 1378 3598 Conieci
1427 3540 1614 3617 igitur
1660 3532 1780 3622 (III
1821 3532 1981 3621 591>
2027 3535 2120 3600 Τό
2167 3536 2530 3603 πλεονάζον
2570 3590 2581 3601 .
2622 3590 2635 3603 .
2679 3541 2849 3604 πολὺ
2896 3543 3052 3620 πρό·

433 3643 624 3702 τερον
671 3624 1033 3701 ςημαίνεται
1063 3654 1147 3676 =
1180 3624 1620 3700 ἐπιδείκνυται,
1669 3627 1992 3702 δηλοῦται.
2069 3629 2253 3709 Uhlig
2299 3634 2611 3708 proposuit
2647 3628 2739 3692 Τὸ
2777 3630 3052 3694 πλεονά-

434 3717 547 3778 Ζον
593 3713 673 3776 τὰ
718 3717 836 3778 τοῦ
884 3713 1366 3793 πλεονάςματος
1397 3764 1409 3776 .
1441 3765 1453 3777 .
1494 3715 1792 3793 ςημαίνει,
1841 3738 2016 3794 quem
2065 3722 2333 3795 sequitur
2378 3720 2658 3799 Egenolff
2689 3722 2720 3781 I
2759 3724 2907 3798 841,
2952 3721 3056 3784 καὶ

432 3809 571 3866 ante
618 3803 723 3866 διὰ
777 3806 895 3866 τοῦ
951 3802 1316 3882 ὁλοκλήρου
1372 3808 1599 3868 delens:
1665 3827 1817 3884 quae
1864 3808 2218 3868 emendandi
2271 3810 2427 3869 ratio
2472 3812 2723 3871 fortasse
2770 3816 3051 3888 praestat.

431 3894 601 3965 Quod
641 3896 922 3956 Hoersch.
964 3898 1092 3956 377
1141 3898 1397 3972 protulit
1440 3895 1610 3958 πολὺ
1658 3894 1980 3971 πρότερον
2026 3892 2349 3976 (ταύτὸν)
2389 3896 2670 3974 ςημαίνει
2710 3894 2844 3981 (col.
2884 3922 3052 3979 pron.

434 3987 596 4060 60,2
647 3981 868 4046 ἔπειτα
913 3981 1152 4046 ταύτὸν
1200 3981 1280 4046 ἂν
1328 3982 1677 4060 ἑςήμαινεν,
1736 3982 1949 4060 ὥςπερ
1995 3984 2099 4047 καὶ
2146 3984 2211 4048 αἱ
2256 3985 2666 4062 προκείμεναι
2713 3986 2815 4051 καὶ
2862 3988 3050 4053 καθό-

431 4073 550 4135 λου
605 4074 777 4136 πᾶςα
832 4071 1238 4136 πλεονάςαςα
1293 4072 1583 4155 ςτοιχείῳ
1640 4068 1832 4157 λέξις)
1894 4077 2021 4135 iure
2077 4077 2441 4155 improbavit
2496 4079 2775 4157 Egenolff
2814 4079 2901 4139 IV
2939 4084 3052 4157 443

430 4165 671 4224 omnino
716 4166 772 4223 h.
811 4165 848 4223 1.
905 4184 1021 4225 non
1081 4164 1153 4224 de
1208 4168 1477 4239 notione,
1542 4165 1644 4225 sed
1701 4165 1773 4224 de
1834 4166 2027 4225 forma
2075 4170 2287 4245 agitur.
2342 4200 2415 4209 --
2473 4167 2746 4228 Ceterum
2792 4191 2885 4229 me
2931 4190 3048 4230 non

427 4254 588 4331 fugit
621 4255 818 4331 ipsum
855 4254 1006 4314 illud
1043 4254 1153 4325 κεῖ,
1198 4255 1356 4331 quod
1393 4274 1513 4314 non
1549 4257 1779 4315 exstare
1817 4258 2025 4316 auctor
2062 4259 2153 4316 est
2180 4256 2314 4333 Ap.,
2361 4257 2558 4317 afferri
2596 4278 2665 4317 ex
2694 4258 3049 4321 Archilocho

428 4342 537 4403 ΑΟ
575 4344 608 4403 Ι
646 4345 900 4419 249,27
950 4336 1049 4425 (fr.
1094 4346 1212 4403 171
1267 4336 1561 4425 Bergk⁵)3
1626 4345 1696 4404 cf.
1736 4341 1844 4403 AO
1883 4345 1913 4403 I
1956 4346 2155 4419 72,2;
2218 4344 2323 4405 EG
2373 4348 2623 4421 309,29
2682 4348 2777 4408 κεῖ
2832 4344 3049 4421 ἑκεῑθι;

427 4430 535 4492 ΑΟ
572 4433 636 4492 Π
678 4434 823 4507 155,
847 4434 926 4492 18
977 4425 1091 4515 (=
1129 4432 1345 4493 Herod.
1385 4434 1415 4493 I
1453 4435 1602 4508 492,
1627 4424 1737 4514 16)
1786 4434 1861 4509 κῆ
1911 4428 2052 4495 ἀντὶ
2099 4434 2215 4495 τοῦ
2264 4432 2406 4495 ἐκεῖ.
2501 4436 2642 4495 Ahr.
2683 4437 2843 4496 diall.
2884 4439 2914 4497 I
2946 4442 3045 4499 90.

424 4521 559 4580 Mei.
598 4521 629 4581 Ι
669 4523 768 4582 67.
843 4521 985 4581 Lob.
1016 4522 1129 4581 En.
1159 4522 1190 4582 Ι
1229 4524 1341 4597 483
1384 4523 1448 4583 H
1486 4523 1613 4583 295
1663 4522 1759 4583 κεῖ
1801 4524 1960 4583 idem
2015 4541 2140 4583 esse
2184 4528 2387 4584 monet
2437 4526 2595 4603 quod
2634 4527 2898 4587 doricum
2936 4525 3048 4589 τεί.

604 4609 812 4671 Aeoles
847 4612 1100 4684 κῆνος,
1147 4613 1339 4672 Dore-9
1373 4612 1625 4686 τῆνος,
1665 4615 1867 4673 rarius
1904 4614 2131 4687 κῆνος
2166 4615 2361 4687 forma
2396 4620 2641 4674 utuntur
2690 4618 3043 4691 59,9-16.

425 4698 511 4761 Gf.
549 4701 689 4762 Her.
726 4700 789 4760 H
827 4702 1106 4777 504,27;
1150 4702 1293 4761 Ahr.
1333 4702 1494 4763 diall.
1532 4703 1562 4762 I
1603 4704 1701 4764 90.
1775 4703 1836 4762 Π
1877 4704 2112 4778 267,3;
2157 4703 2291 4763 Mei.
2332 4705 2362 4762 I
2402 4705 2500 4763 67.
2996 4706 3011 4721 “

603 4785 846 4852 Οὗτος
911 4786 1042 4852 ὅδε
1107 4788 1401 4853 ἐκεῖνος
1465 4794 1925 4861 demonstrandi,
1993 4810 2131 4851 raro
2186 4795 2524 4867 amphorae
2589 4813 2772 4855 causa
2820 4799 2883 4855 in
2927 4800 3048 4869 fine

423 4885 735 4939 assumwnt
767 4878 790 4940 i
827 4880 1108 4953 litteram,·
1156 4899 1225 4941 ca
1268 4887 1476 4956 suapte
1517 4886 1739 4942 nattam
1776 4885 2010 4942 acuitur
2048 4883 2443 4958 59,17-2Ο.
2511 4883 2597 4944 cf.
2629 4890 2783 4965 synt.
2819 4888 2965 4963 100,
2987 4890 3045 4947 9.

423 4968 564 5029 Her.
603 4969 634 5029 Ι
672 4971 820 5044 477,
849 4971 902 5028 7.
968 4970 1031 5030 Π
1073 4972 1219 5047 196,
1241 4972 1353 5047 303
1398 4971 1540 5032 Lob.
1574 4972 1688 5032 En.
1727 4971 1790 5031 H
1829 4972 1975 5031 229.
