3738 5530
729 333 858 398 104
932 331 1376 387 Commentarius
1407 331 1634 386 criticus
1662 332 1722 386 et
1748 329 2070 401 exegeticus
2097 330 2157 386 in
2186 329 2474 401 Apollonii
2501 329 2730 400 Dyscoli
2758 329 2972 401 scripta
2995 329 3227 385 minora.

724 499 888 579 ὑπὲρ
935 500 1068 563 τῶν
1115 497 1276 563 κατὰ
1321 497 1397 561 τὸ
1444 496 1677 577 τρίτον,
1726 494 1797 561 εἰ.
1854 505 2009 577 synt.
2051 501 2198 576 304,
2222 502 2305 561 20
2352 495 2515 577 ὑπὲρ
2562 499 2696 561 τῶν
2743 496 3059 561 τοιούτων
3097 496 3334 575 μορίων

728 589 1062 666 ἐπιετῆεαι.
1145 592 1326 651 Recte
1353 592 1542 669 igitur
1566 588 1752 650 Lentz
1789 591 1949 667 apud
1978 590 2117 651 Her.
2146 590 2209 649 H
2242 592 2388 666 926,
2414 592 2493 650 13
2533 592 2795 651 servavit
2823 589 2947 651 cod.
2985 592 3337 667 scripturam

728 676 1100 742 ἐπιστατέον
1155 676 1232 741 τὸ
1288 676 1609 755 καρκίνοε;
1666 697 1798 741 eam
1841 682 1907 739 in
1954 680 2047 760 τῷ
2094 676 2390 756 καρκίνος
2436 682 2777 740 mutaverat
2820 679 3005 740 Lehrs
3049 680 3187 740 Her.
3238 682 3335 757 66,

727 789 1092 847 quamquam
1154 770 1240 829 ibi
1304 771 1590 830 attulerat
1635 770 1991 848 Theognost.
2044 770 2146 845 53,
2169 771 2254 830 10
2319 765 2692 830 ἐπιστατέον
2757 764 2877 830 οὖν
2933 766 3010 830 τὸ
3063 764 3335 843 Τίμαιος.

725 860 804 920 ib.
856 861 956 935 28,
979 860 1017 920 8
1077 855 1449 921 έπιετατέον
1505 852 1625 920 οὖν
1681 855 1758 920 τὸ
1807 854 2064 933 μείζων;
2132 858 2333 937 Steph.
2382 860 2449 919 B.
2498 878 2542 919 s.
2581 880 2636 919 v.
2683 854 2908 920 Αὐλαίε
2973 853 3337 920 ἑπιετατέον

726 946 803 1010 τὸ
853 945 1174 1024 Καρνίτηε.
1269 947 1649 1010 construitur
1713 943 2003 1024 ἑφίετημι
2064 967 2199 1009 cum
2255 944 2345 1010 ὡς
2399 949 2494 1008 vel
2550 943 2630 1021 εἰ,
2695 949 2862 1010 nullo
2908 966 3049 1010 casu
3094 948 3338 1025 adiecto,

726 1042 882 1116 synt.
935 1043 1078 1115 119,
1102 1040 1139 1099 8
1207 1035 1326 1100 οὐκ
1390 1034 1720 1113 ἑπιετήεαε
1784 1034 1891 1098 ὼε.
1982 1039 2060 1099 ib.
2112 1040 2257 1114 276,
2281 1040 2358 1097 21
2431 1034 2750 1112 ἐπιετῆεαι
2806 1032 2887 1110 εἰ,
2953 1041 3014 1098 et
3077 1038 3339 1099 absolute

725 1130 970 1206 ponitur
1014 1131 1168 1206 synt.
1221 1130 1366 1204 196,
1390 1130 1502 1204 263
1566 1129 1638 1187 cf.
1685 1127 1901 1188 Bonita
1947 1127 2066 1188 ind.
2115 1128 2363 1189 Aristot.
2411 1147 2456 1188 s.
2496 1149 2548 1188 v.
2595 1127 2929 1189 Hemsterh.
2979 1127 3055 1188 ad
3101 1127 3338 1188 Lucian„

727 1218 958 1297 Nigrin.
994 1221 1092 1277 17.
1180 1210 1247 1300 2)
1287 1213 1611 1293 Ἐφίετημι
1645 1221 1737 1278 est
1773 1212 2062 1293 ‘adnoto',
2110 1211 2406 1294 ‘explico'‚
2454 1212 2683 1279 ‘doceo’
2734 1211 2903 1300 (Lob.
2932 1216 3152 1295 Phryn.
3186 1211 3339 1300 282)

727 1311 881 1385 synt.
934 1309 1079 1383 156,
1103 1309 1184 1367 23
1247 1303 1308 1368 οἱ
1365 1305 1438 1368 δὲ
1496 1304 1599 1368 καὶ
1645 1303 1750 1384 (τὸ
1797 1303 1882 1387 ᾧ)
1930 1300 2020 1367 εἰ(
2066 1302 2183 1381 τὴν
2229 1301 2294 1368 οἶ
2340 1302 2694 1382 μετέλαβον
2732 1354 2746 1367 .
2787 1353 2800 1366 .
2839 1302 3052 1368 πάντα
3098 1305 3342 1384 μᾶλλον

725 1393 764 1471 ἢ
803 1393 880 1457 τὸ
918 1393 1073 1459 δέον
1111 1392 1554 1471 έπιετήεαντεε
1592 1389 2014 1480 (³dubitantes'
2051 1395 2285 1474 Portus,
2321 1416 2441 1457 non
2476 1400 2664 1473 recte3
2708 1416 2818 1457 nec
2851 1395 3110 1476 Sylburg
3145 1416 3342 1456 veram

725 1487 1029 1547 notionem
1084 1487 1385 1565 perspexit
1445 1480 1587 1547 ‘non
1632 1489 1758 1546 tam
1804 1486 2148 1546 dubitantes
2194 1486 2528 1565 significare
2572 1485 2811 1546 videtur
2854 1506 3036 1563 quam
3081 1486 3342 1547 animad-

727 1568 1107 1658 vertentes');
1152 1576 1318 1636 Eust.
1357 1576 1390 1635 I
1428 1577 1576 1650 228,
1597 1577 1632 1635 2
1683 1571 1785 1637 καὶ
1830 1571 2214 1651 Πορφύριοε
2261 1573 2334 1637 δὲ
2382 1571 2609 1655 ἐφιετᾷ
2653 1571 2753 1636 ὅτι
2799 1576 2932 1636 τῶν
2973 1571 3044 1636 έκ
3079 1572 3342 1638 Ζελείαε

725 1662 845 1740 τὴν
890 1662 1113 1741 χώραν
1158 1662 1393 1726 Λυκίαν
1439 1660 1731 1726 ἐκάλουν.
1822 1664 1996 1725 Hanc
2040 1667 2344 1727 notionem
2390 1665 2659 1727 desidero
2704 1666 2769 1725 in
2813 1665 3033 1727 lexicis.

913 1757 1014 1831 77,
1036 1756 1122 1816 30
1169 1749 1449 1834 Εἴρηται]
1497 1774 1662 1832 pron.
1714 1755 1815 1830 58,
1840 1756 1940 1814 24.

909 1845 1019 1920 78,
1048 1846 1088 1904 4
1155 1840 1463 1920 ἐμαυτόν,
1530 1839 1802 1923 εαυτόν]
1869 1839 2150 1918 ἐμαυτόν
2212 1838 2419 1925 (καὶ)
2484 1840 2720 1905 (αυτόν
2784 1844 3065 1923 Egenolff
3106 1845 3139 1906 I
3186 1846 3346 1920 8413

599 2009 612 2018 .
732 1934 809 1995 ad
858 1936 914 2011 7,
946 1935 1046 1994 28.

911 2024 1012 2099 78,
1035 2025 1071 2081 7
1122 2017 1176 2084 εἰ
1224 2019 1303 2097 μὴ
1349 2019 1420 2083 ἐν
1458 2018 1647 2083 πάθει
1685 2019 2088 2097 πλεοναεμὸε
2126 2018 2412 2102 γένοιτο]
2462 2024 2534 2082 cf.
2563 2042 2731 2102 pron.
2764 2024 2867 2100 83,
2893 2025 2991 2084 18.
3066 2023 3344 2084 Hoersch.

730 2114 856 2173 375
908 2108 979 2173 ἐν
1033 2107 1223 2174 πάθει
1283 2111 1690 2187 πλεοναεμοῦ
1754 2112 2129 2172 scribendum
2185 2131 2311 2174 esse
2368 2114 2733 2191 suspicatur3
2798 2133 2949 2191 quae
3013 2116 3350 2175 coniectura

727 2222 844 2263 non
910 2202 1104 2262 solum
1167 2201 1465 2279 superflua
1524 2206 1614 2262 est
1679 2194 1989 2283 (Egenolff
2025 2201 2117 2261 IV
2152 2193 2296 2283 43),
2362 2202 2466 2262 sed
2520 2223 2594 2263 ne
2651 2204 2795 2263 ferri
2841 2202 3083 2281 quidem
3127 2206 3349 2281 potest;

727 2312 865 2352 nam
913 2291 1066 2351 dixit
1110 2292 1221 2368 Ap.
1272 2286 1343 2351 ἐν
1388 2289 1773 2371 πλεοναεμῷ
1820 2289 2137 2366 ευλλαβῆε
2181 2287 2789 2368 παραλαμβάνεεθαι
2835 2296 2990 2370 synt.
3038 2295 3097 2370 4,
3120 2294 3232 2369 25;
3279 2289 3349 2354 ἐν

726 2381 1108 2461 πλεοναεμῷ
1145 2376 1587 2452 καταγίνεεθαι
1622 2380 1702 2439 ib.
1735 2382 1883 2457 267,
1908 2383 2008 2457 14,
2054 2380 2157 2441 sed
2194 2400 2502 2458 nunquam
2540 2381 2693 2442 dixit
2729 2376 2801 2444 ἑν
2838 2377 3029 2444 πάθει
3071 2382 3347 2445 πλεονα-

728 2470 886 2545 (μοῦ
933 2466 1210 2542 γίνεεθαι
1257 2470 1352 2530 vel
1398 2466 1841 2541 καταγίνεεθαι
1888 2471 1985 2530 vel
2031 2465 2654 2546 παραλαμβάνεεθαι.

910 2561 1010 2636 78,
1034 2561 1292 2619 12-13
1323 2579 1476 2637 quae
1505 2559 1712 2636 adieci,
1750 2562 2083 2620 necessaria
2118 2563 2291 2636 sunt3
2335 2580 2477 2621 nam
2512 2560 2575 2619 id
2611 2563 2868 2622 maxime
2907 2563 3052 2639 agit,
3088 2565 3160 2621 ut
3194 2580 3347 2622 oom-

727 2649 955 2728 probet‚
1003 2669 1035 2709 e
1051 2652 1079 2708 t
1123 2644 1360 2710 ἑαυτοῦ
1407 2670 1439 2710 e
1454 2651 1483 2707 t
1529 2644 1730 2710 αὑτοῦ
1778 2649 2119 2728 analogiam
2165 2651 2360 2727 sequi,
2426 2652 2745 2727 utramque
2799 2652 2989 2730 igitur
3032 2654 3349 2730 genuinam

731 2758 856 2801 esse
903 2739 1172 2801 formam.

908 2829 1022 2904 Qui
1069 2824 1392 2891 ἑαυτούς
1429 2826 1577 2889 κτλ.
1614 2832 1700 2889 ita
1734 2835 2048 2904 usurpant,
2091 2835 2159 2890 ut
2201 2831 2283 2890 ad
2317 2832 2582 2905 primm
2616 2831 3001 2892 semmdamve
3034 2847 3351 2907 personam

726 2922 1080 2994 reserantem,
1126 2936 1247 2978 non
1290 2922 1438 2979 recte
1482 2919 1830 2993 loqwemtum
1874 2920 1996 2979 noli
2039 2923 2220 2995 igitur
2253 2937 2517 2995 pravam
2558 2921 2711 2981 hano
2754 2921 3027 2995 loquo-di
3068 2924 3351 2982 rationem

728 3012 1021 3084 imputare
1045 3007 1318 3068 Homero.
1382 3004 1567 3083 Apud
1604 3026 1735 3068 eum
1767 3009 1871 3068 ubi
1908 3005 2126 3070 αὐτῶν
2164 3002 2312 3092 (non
2342 3001 2587 3091 αὐτῶν)
2626 3011 2707 3070 ad
2730 3013 2998 3086 mnsam
3032 3012 3123 3070 vel
3151 3028 3347 3071 secun-

729 3100 871 3158 dam
912 3101 1145 3172 spectat,
1181 3100 1540 3172 pronomina
1582 3093 1793 3172 ἡμῶν
1838 3093 2073 3174 ὑμῶν,
2118 3103 2187 3158 ut
2227 3098 2383 3169 solet,
2437 3102 2651 3159 ontissa
2696 3104 2848 3160 same.
2922 3101 3151 3160 Eodem
3185 3102 3350 3161 modo

730 3190 905 3247 etiam
947 3187 1240 3262 singulari
1281 3203 1524 3247 numero
1571 3182 1802 3247 αὐτό(
1846 3189 1934 3247 ita
1976 3190 2178 3257 utinm,
2223 3192 2292 3247 ut
2336 3184 2483 3259 ἐγώ
2530 3190 2620 3248 vel
2666 3174 2747 3250 εὖ
2796 3182 2920 3272 (vel
2958 3190 3111 3251 alius
3149 3182 3344 3271 casus)

729 3281 917 3336 mente
961 3276 1322 3350 supplendus
1365 3278 1442 3336 sit
1490 3277 1893 3351 78,14—-29.

913 3365 1013 3441 78,
1038 3367 1296 3424 14-16
1365 3365 1530 3435 Quae
1586 3365 1658 3425 de
1713 3368 2080 3443 pronominis
2134 3366 2399 3427 reflexivi
2453 3369 2669 3428 tertiae
2726 3387 3015 3446 personae
3070 3388 3182 3430 usu
3235 3370 3344 3448 Ap.

730 3458 796 3515 et
837 3455 895 3513 h.
934 3455 974 3513 l.
1020 3457 1313 3532 praecipit
1366 3457 1427 3515 et
1481 3458 1636 3531 synt.
1690 3457 1895 3532 196,9
1954 3454 2094 3517 πῶς
2146 3452 2224 3517 τὸ
2282 3452 2556 3518 ἑαυτούς
2615 3453 2833 3532 τρίτον
2878 3454 3085 3537 <ὂν7>
3132 3455 3235 3520 καὶ
3279 3455 3346 3521 ἐκ

727 3540 961 3620 τρίτων
1007 3540 1362 3618 γενόμενον
1422 3538 1828 3619 κατάλληλον
1875 3545 2048 3606 ποιεῖ
2093 3541 2296 3617 λόγον
2345 3541 2415 3606 ἐν
2462 3548 2555 3626 τῷ
2602 3543 2842 3628 πρώτῳ
2890 3545 2993 3608 καὶ
3039 3545 3345 3630 δευτέρῳ;

728 3633 875 3705 κτλ.,
924 3654 994 3694 ea
1037 3654 1156 3694 non
1203 3638 1539 3712 congruunt
1583 3652 1718 3694 cum
1761 3635 1986 3712 placito
2034 3638 2160 3695 eius
2206 3639 2361 3712 synt.
2404 3637 2551 3712 206,
2575 3638 2656 3696 25
2707 3632 2925 3698 λύεται
2973 3635 3046 3699 δὲ
3091 3634 3343 3700 κάκεῖνο

727 3720 805 3784 τὸ
843 3718 1113 3797 ἄπορον,
1161 3718 1250 3784 ὡς
1295 3720 1370 3783 τὸ
1419 3718 1690 3784 ἑαυτούς
1735 3719 1840 3784 καὶ
1887 3720 1991 3785 ἐπὶ
2036 3724 2300 3800 πρῶτον
2338 3717 2430 3806 (in
2474 3728 2735 3786 mentem
2774 3729 2941 3787 venit
2987 3726 3202 3789 addere
3248 3726 3346 3789 καὶ

730 3808 1062 3887 δεύτερον,
1129 3812 1232 3873 sed
1277 3816 1460 3873 etiam
1504 3813 1542 3871 l.
1585 3814 1666 3872 28
1715 3833 1905 3873 unum
1951 3809 2266 3887 ἐμαυτούε
2311 3814 2576 3893 fingitur,
2621 3835 2741 3875 non
2788 3809 3123 3899 εεαυτούε)
3173 3814 3343 3879 ευνέ-

730 3917 961 3963 τεινεν·
1010 3897 1172 3977 ὅπερ
1220 3896 1301 3977 ἦν
1349 3898 1429 3963 ἂν
1478 3897 1548 3963 ἐν
1595 3899 1794 3983 κακίᾳ,
1845 3897 1900 3963 εἰ
1948 3900 2323 3978 διηλέγχετο
2370 3900 2499 3966 ὑπὸ
2537 3904 2655 3965 τοῦ
2695 3900 3011 3979 ἐμαυτούε
3048 3902 3138 3968 ὼε
3175 3903 3344 3983 παρὰ

726 3988 804 4053 τὸ
851 3988 1201 4067 πρόςωπον
1246 3987 1710 4068 ἡμαρτημένον.
1787 3988 2246 4065 ἀνεξέλεγκτον
2293 3987 2412 4055 οὖν
2460 3991 2759 4056 καθεετὸε
2807 3988 3191 4071 ἀδεεετέραν
3232 3995 3343 4071 τήν

728 4077 1022 4143 εύνταξιν
1068 4076 1229 4143 κατὰ
1274 4081 1407 4141 τῶν
1454 4077 1821 4156 προεώπων
1869 4078 2231 4158 έποιήεατο.
2323 4083 2523 4160 Atque
2571 4085 2717 4145 adeo
2755 4105 2937 4161 quam
2972 4086 3344 4147 construendi

725 4171 1020 4232 rationem
1084 4171 1450 4248 improbavit
1512 4172 1859 4248 reiecitque‚
1924 4172 2131 4231 eadem
2194 4174 2321 4249 ipse
2375 4174 2567 4234 utitur
2626 4177 2779 4251 synt.
2834 4176 2983 4250 188,
3005 4178 3082 4235 21
3136 4172 3343 4251 φαμὲν

727 4256 1131 4322 ἑαυτοὺς...
1181 4255 1733 4336 ἀντονομάζοντεε
1763 4308 1774 4320 .
1806 4308 1846 4333 .,
1897 4264 1957 4322 et
2002 4261 2077 4320 ib.
2113 4263 2261 4337 256,
2284 4267 2316 4321 1
2370 4258 2449 4323 οὐ
2494 4260 3027 4339 προεκαλούμεθα
3075 4260 3342 4326 ἑαυτοῦ(

729 4344 1132 4521 ἓΒΒοΙωοίᾶθι·
1168 4350 1200 4409 I
1238 4342 1413 4432 473).
1487 4351 1700 4427 Itaque
1745 4350 1857 4412 hac
1896 4370 2130 4428 quoque
2176 4352 2241 4410 in
2275 4372 2340 4412 re
2387 4372 2586 4412 secum
2623 4354 2750 4431 ipse
2787 4357 3021 4433 pugnat
3057 4353 3342 4432 Dyscolus

758 4439 835 4498 ad
862 4458 1029 4517 pron.
1062 4441 1121 4515 3,
1145 4430 1454 4520 12-15),
1490 4440 1595 4516 qui
1633 4459 1766 4500 cum
1803 4458 1914 4500 usu
1951 4443 2207 4516 tyranno
2245 4442 2309 4499 in
2347 4445 2645 4503 certamen
2684 4445 2884 4503 venire
2922 4463 3041 4504 non
3079 4443 3340 4503 debebat.

728 4529 956 4589 Notum
1002 4528 1160 4587 enim
1208 4531 1298 4589 est
1344 4530 1709 4605 antiquiores
1755 4531 1878 4589 iam
1920 4530 2237 4607 scriptores
2276 4532 2491 4592 atticos
2527 4533 2822 4609 pluralem
2859 4534 2944 4594 sio
2991 4532 3343 4609 adhibuisse,

726 4617 1081 4679 recentiores
1121 4618 1334 4679 atticos
1372 4621 1433 4678 et
1467 4620 1823 4695 posteriores
1862 4621 2158 4697 quotquot
2193 4624 2334 4680 sunt
2373 4623 2557 4681 etiam
2594 4623 2884 4701 singulari
2920 4624 3009 4684 ita
3036 4641 3174 4684 usos
3205 4641 3340 4684 esse.

727 4709 1149 4768 Disseruerunt
1203 4708 1276 4767 de
1331 4709 1444 4769 hac
1495 4729 1560 4769 re
1606 4701 1794 4791 (artes
1856 4711 2279 4789 grammaticas
2333 4731 2454 4772 non
2509 4706 2813 4795 enumero)
2860 4713 3227 4775 Boissonade
3268 4711 3340 4774 ad

727 4798 1006 4858 Philostr.
1045 4799 1215 4875 epist
1257 4799 1369 4873 573
1425 4796 1785 4859 GFSchoem.
1824 4799 1967 4860 Red.
2012 4802 2135 4861 109
2168 4818 2282 4877 sq.;
2337 4799 2715 4862 OSchneider
2759 4802 2835 4864 ad
2880 4802 3057 4864 Isocr.
3096 4803 3338 4864 Demon.

732 4889 802 4947 5⁸
833 4889 943 4961 153
989 4886 1357 4964 Fr0bberger
1392 4888 1468 4947 ad
1505 4887 1641 4964 Lys.
1682 4908 1728 4947 c.
1758 4889 2061 4949 Eratosth.
2100 4888 2139 4965 ἓ
2171 4891 2288 4965 333
2337 4890 2574 4969 Sauppe
2623 4891 2699 4952 ad
2735 4892 2890 4954 Plat.
2919 4892 3081 4953 Prot.
3115 4895 3241 4954 312
3262 4892 3340 4965 Ας

728 4976 945 5036 Bonitz
994 4975 1070 5035 ad
1114 4976 1268 5036 Plat.
1307 4976 1467 5037 Prot.
1514 4997 1571 5054 p.
1617 4979 1727 5053 1ος
1773 4978 2077 5039 Miclosich
2123 4982 2308 5058 vergl.
2340 4979 2596 5040 Gramm.
2646 4982 2791 5042 slav.
2832 4982 2961 5060 Spr.
3000 4982 3089 5043 IV
3129 4985 3209 5045 99
3230 5001 3341 5058 sq.;
