3738 5530
736 324 819 389 78
909 323 1355 380 Commentarius
1383 323 1613 379 criticus
1642 323 1702 378 et
1726 322 2048 392 exegeticus
2074 322 2137 377 in
2164 320 2452 391 Apollonii
2477 321 2703 391 Dyscoli
2733 322 2945 393 scripta
2968 322 3201 378 minora.

911 486 976 576 β)
1023 492 1314 555 secundae
1356 510 1644 570 personae
1693 492 1796 570 51,
1819 492 2101 567 18—55,
2122 493 2178 551 6.

913 596 1005 661 (ύ
1049 618 1170 660 non
1211 601 1662 668 nominatim,
1706 599 1810 658 sed
1852 601 2179 658 vocativum
2224 615 2345 659 6336
2391 597 2625 673 Trypho
2656 601 2988 674 praecepit,
3032 600 3128 659 his
3170 617 3346 674 arqu-

731 693 941 750 mentis
991 706 1165 750 usus:
1227 683 1319 763 ‘a)
1364 689 1731 748 Nominativi
1772 689 1845 748 dc
1899 690 2097 763 aliquo
2139 691 2567 763 pronuntiant,·
2627 691 2934 758 vocativis,
2978 693 3046 748 ut
3090 683 3170 749 εύ
3206 707 3348 763 pro-

729 782 993 850 nomine,
1057 778 1433 853 cominatur
1495 778 1712 852 atiquis
1776 778 2181 853 51,19-2Ο.
2254 810 2330 820 -
2398 777 2460 852 b)
2510 777 3004 853 Quemadmodum
3050 772 3348 839 ἐκεῖνος

729 871 988 929 vocativo
1051 872 1237 937 caret,
1301 868 1456 942 quod
1517 867 1600 927 ad
1663 884 1734 927 ca
1785 870 2043 942 pertinet
2102 884 2253 942 quae
2303 868 2516 942 procul
2577 868 2820 938 absunt,
2893 870 3151 928 vocativo
3211 885 3349 928 vero

729 962 1012 1018 vocantur
1057 974 1208 1033 quae
1239 973 1431 1032 prope
1472 960 1638 1016 sunt:
1680 959 1768 1016 ita
1811 973 2025 1016 rursus
2069 951 2150 1017 εὐ
2193 959 2551 1016 nominativo
2597 961 2769 1027 caret,
2813 961 2883 1017 ut
2922 958 3077 1032 quod
3121 961 3349 1017 contra-

729 1050 889 1108 riam
930 1049 1052 1107 vim
1092 1047 1306 1106 habeat
1351 1047 1454 1122 51,
1477 1047 1754 1106 20—23.
1817 1078 1895 1088 -—
1964 1046 2021 1120 c)
2080 1045 2341 1106 Vocativi
2385 1063 2517 1105 eum
2558 1047 2829 1106 secundis
2871 1048 3177 1106 verborum
3208 1065 3349 1122 per-

727 1139 889 1196 sonis
932 1139 1379 1207 constnummm
1422 1152 1554 1195 cum
1592 1136 1801 1195 iisdem
1836 1136 2190 1195 construitur
2235 1131 2317 1195 εὐ
2366 1136 2773 1212 51,23.-25τ
2814 1168 2892 1177 -
2940 1136 3008 1211 d)
3044 1135 3183 1196 Non
3216 1137 3347 1196 ideo

732 1227 887 1301 quod
931 1221 1012 1286 εὐ
1058 1242 1190 1285 cum
1231 1226 1590 1284 nominativo
1636 1226 1894 1284 construi
1926 1228 2141 1299 potest,
2185 1225 2320 1284 ibico
2361 1227 2758 1285 nominativus
2802 1230 2916 1297 est,·
2974 1242 3119 1285 nam
3173 1228 3348 1285 etiam

731 1317 1035 1375 nominum
1078 1316 1326 1374 vocativi
1369 1331 1501 1374 cum
1544 1316 1921 1374 nominativis
1965 1317 2381 1374 construuntur
2428 1314 2834 1390 51,25-27.
2896 1346 2972 1356 -
3040 1314 3096 1389 6)
3141 1314 3347 1374 Etiam

729 1405 856 1464 alia
917 1404 1200 1464 vocabula
1260 1407 1401 1463 sunt
1461 1404 1672 1478 quibus
1731 1405 2129 1463 nominativus
2189 1405 2377 1476 deest‚·
2436 1405 2635 1478 itaque
2684 1405 3082 1464 nominativus
3137 1404 3220 1464 ad
3263 1400 3346 1464 εύ

728 1496 1055 1554 vocativum
1107 1494 1411 1567 pertinens
1469 1510 1591 1552 non
1640 1488 1992 1567 requiretur'
2054 1493 2462 1570 51,27—52,
2494 1496 2551 1552 2.
2645 1492 2735 1553 Cf.
2788 1497 2944 1570 synt.
2996 1494 3347 1568 214,17-

733 1583 1028 1659 218,19;
1090 1581 1271 1642 Prisc.
1309 1582 1458 1641 XIII
1507 1582 1587 1641 18
1633 1602 1691 1659 p.
1735 1584 1949 1658 12,17
1981 1601 2066 1658 sq.
2148 1581 2322 1642 XVII
2371 1584 2692 1643 190-91
2752 1603 2813 1660 p.
2852 1585 3000 1660 202,
3029 1583 3212 1659 8sq.;
3272 1581 3346 1642 de

729 1672 950 1732 Velsen
997 1671 1239 1749 'stypho
1287 1673 1389 1731 32.

912 1779 1015 1855 51,
1036 1781 1113 1837 21
1166 1773 1207 1853 ἡ
1246 1772 1490 1837 ἐκεῖνος
1535 1772 1654 1838 οὐκ
1699 1773 1830 1853 ἔχει
1868 1773 2195 1858 κλητικήν]
2241 1797 2407 1856 pron.
2451 1781 2553 1855 21,
2576 1781 2699 1839 7-
2710 1781 2820 1855 22,
2868 1780 3104 1860 33,14;
3152 1781 3255 1857 54,
3276 1784 3347 1857 1;

730 1869 886 1946 synt.
929 1825 1075 1944 21’5,
1099 1870 1168 1943 7,
1217 1869 1365 1941 219,
1385 1868 1442 1925 4

909 1970 1007 2036 co
1060 1976 1241 2050 igitur
1296 1990 1417 2033 6336
1474 1976 1797 2034 vocativum
1851 1977 2103 2047 constat;
2165 1991 2285 2035 esse
2349 1976 2521 2035 etiam
2576 1978 3026 2046 nominativum,
3091 1992 3346 2051 compro-

730 2066 988 2126 bandum
1025 2068 1119 2124 est.
1211 2063 1278 2137 a)
1328 2063 1715 2139 Quacumque
1740 2065 1968 2138 formae
1994 2065 2150 2124 vocis
2175 2080 2315 2125 sono
2339 2083 2460 2124 non
2486 2066 2943 2141 distinyuuntur‚
2981 2067 3347 2141 distinymm-

729 2158 827 2214 tur
880 2155 1327 2225 constructione;
1389 2155 1666 2227 quoniam
1718 2154 1901 2228 iyitur
1951 2153 2130 2214 verba
2181 2155 2546 2214 substantiva
2593 2158 2646 2213 et
2688 2155 2867 2215 verba
2911 2155 3251 2230 appellandi
3294 2159 3350 2215 et

730 2261 862 2303 cum
921 2245 1298 2303 nominativis
1354 2246 1408 2301 et
1460 2258 1591 2302 cum
1645 2257 1677 2303 c
1691 2238 1731 2302 ύ
1786 2246 2226 2312 construuntur,
2289 2246 2551 2318 sequitur
2593 2247 2660 2304 ut
2703 2260 2736 2305 c
2750 2239 2789 2304 ύ
2834 2247 2913 2304 sit
2952 2246 3349 2304 nominativus

735 2335 838 2408 52,
861 2334 1094 2392 4—14.
1147 2363 1223 2373 -
1276 2331 1337 2406 b)
1385 2331 1644 2391 Nomina
1676 2336 1919 2406 practer
1962 2334 2285 2392 vocativum
2326 2336 2529 2393 tertiae
2563 2336 2703 2392 swnt
2734 2350 3042 2409 personae,
3079 2337 3344 2409 praeter-

730 2440 908 2498 quam
967 2423 1071 2482 ubi
1130 2421 1308 2481 verba
1368 2421 1732 2480 substantiva
1793 2421 1885 2481 vel
1945 2422 2123 2481 verba
2185 2422 2523 2497 appellandi
2581 2440 2712 2482 cum
2766 2425 2849 2482 cis
2901 2427 3348 2495 construuntur,-

729 2515 927 2586 itaque
969 2514 1035 2571 in
1068 2514 1274 2586 prima
1320 2513 1374 2569 et
1414 2511 1672 2570 seomida
1695 2527 1959 2585 persona
1991 2514 2058 2571 in
2091 2513 2394 2571 nominum
2428 2511 2617 2571 locum
2650 2513 2967 2572 succedant
2988 2514 3349 2587 pronomina

732 2593 833 2683 (εύ
879 2601 1067 2678 igitur
1122 2600 1403 2677 quoniam
1456 2602 1528 2659 ut
1586 2600 1795 2660 ceteris
1851 2599 2085 2661 casibus
2138 2600 2227 2659 ita
2271 2601 2642 2660 nominativo
2689 2600 2754 2659 in
2798 2601 3107 2661 nominum
3150 2603 3347 2662 locum

728 2689 1010 2768 succedit,
1038 2690 1307 2768 sequitur
1333 2692 1404 2749 ut
1428 2689 1628 2767 ipsum
1656 2707 1891 2767 quoque
1918 2690 2321 2750 nominativus
2350 2683 2457 2774 sit)
2500 2692 2603 2767 52,
2627 2692 2794 2749 14-
2805 2692 2903 2749 24.
2944 2722 3020 2732 -
3063 2691 3120 2767 6)
3161 2691 3346 2767 Quae-

729 2798 956 2856 cumque
997 2780 1283 2841 vocabula
1326 2781 1448 2840 sive
1489 2779 1832 2854 copulativis
1865 2781 1989 2840 sive
2023 2781 2389 2841 disiunctivis
2425 2782 2922 2841 coniunctionibus
2959 2785 3345 2851 conectuntur,

730 2871 986 2931 eiusdem
1029 2887 1204 2930 casus
1249 2885 1369 2929 esse
1421 2868 1634 2941 solent,-
1690 2870 1855 2944 atqui
1900 2870 2094 2929 eodem
2136 2870 2304 2929 modo
2350 2866 2435 2930 εύ
2482 2887 2614 2929 cum
2656 2872 3031 2931 nominativis
3076 2873 3348 2946 coniwnyi

721 2963 939 3034 potest:
1003 2976 1135 3034 erqo
1187 2961 1384 3033 ipsum
1435 2974 1657 3032 quoque
1711 2960 2108 3019 nominativus
2152 2963 2236 3019 est
2281 2961 2384 3035 52,
2406 2961 2574 3019 24-
2583 2960 2685 3036 53,
2706 2961 2764 3020 8.
2836 2992 2912 3002 -
2979 2960 3046 3035 d)
3090 2959 3350 3020 Formae

729 3048 936 3109 duales
992 3052 1046 3108 et
1086 3048 1358 3123 plurales
1411 3039 1884 3130 (pronominum)
1939 3048 2123 3108 solent
2160 3065 2453 3124 personas
2508 3049 2762 3109 eiusdem
2806 3065 2979 3109 casus
3023 3050 3342 3124 conspicati,-

726 3139 924 3212 itaque
978 3141 1254 3212 quoniam
1312 3153 1374 3196 eo
1427 3137 1595 3196 modo
1645 3138 1993 3198 nominativi
2045 3154 2177 3198 cum
2222 3133 2311 3197 εὐ
2358 3139 2790 3208 consociantur,
2851 3134 2936 3199 (ύ
2982 3156 3204 3214 quoque
3243 3155 3346 3198 no-

728 3228 1079 3287 minativum
1125 3243 1244 3286 6336
1287 3229 1505 3301 oportet
1549 3225 1910 3302 53‚8—13.
1962 3258 2039 3268 --
2100 3226 2156 3301 6)
2201 3227 2562 3287 Pr0nomina
2595 3245 2711 3302 per
2753 3229 2993 3287 verbum
3034 3229 3349 3288 substanti-

733 3333 873 3376 vum
928 3333 1060 3376 cum
1112 3316 1446 3376 nominibus
1498 3316 1753 3375 eiusdem
1797 3332 1973 3376 casus
2017 3320 2462 3389 constrwuntur‚·
2526 3333 2589 3376 eo
2633 3320 2828 3377 autem
2870 3318 3038 3377 modo
3083 3312 3168 3377 εὐ
3215 3335 3349 3377 cum

732 3407 1110 3466 nominativis
1155 3406 1540 3477 construitur‚·
1588 3421 1718 3480 erqo
1761 3407 1958 3479 ipsum
2001 3423 2222 3482 quoque
2265 3408 2660 3467 nominativus
2697 3410 2780 3466 est
2825 3407 3339 3482 53,13—-16.—

731 3493 797 3568 f)
848 3494 1003 3571 Quia
1064 3496 1361 3555 vocativus
1410 3512 1526 3569 per
1586 3510 1650 3554 se
1699 3497 1962 3573 ponitur,
2023 3497 2481 3571 mmpumctione
2542 3496 2617 3555 ab
2684 3497 2766 3555 eis
2816 3513 2968 3571 quae
3026 3500 3348 3572 sequuntur

729 3585 1053 3654 seiunctus,
1110 3602 1242 3643 eum
1287 3583 1578 3644 encliticae
1619 3584 1891 3660 subsequi
1933 3601 2053 3645 non
2085 3588 2366 3660 possunt:
2428 3586 2857 3659 subsequuntur
2902 3601 2934 3645 c
2949 3580 2987 3645 ύ
3022 3602 3347 3660 pronomen

734 3673 837 3748 53,
864 3674 1032 3732 16—
1045 3675 1145 3733 21.
1191 3705 1267 3714 —
1311 3672 1380 3747 9)
1425 3670 1528 3733 Aa
1561 3675 2038 3749 interroqationes
2072 3675 2485 3748 respondenms
2517 3676 2906 3747 nominativ0‚·
2950 3677 3349 3734 nominativus

728 3763 911 3837 iyitur
957 3758 1042 3822 εὐ
1091 3763 1195 3837 53,
1217 3763 1384 3821 21-
1393 3763 1495 3822 23.
1548 3795 1623 3805 -
1672 3763 1739 3837 Ῑι)
1788 3763 1951 3840 Quae
1993 3780 2158 3823 voces
2200 3766 2526 3824 vocativum
2559 3764 2786 3833 habent,
2831 3767 3187 3825 nominativo
3224 3782 3347 3824 non

731 3855 963 3923 carent,·
1025 3854 1221 3926 itaque
1272 3854 1328 3911 si
1380 3847 1465 3912 εὐ
1519 3854 1816 3912 vocativus
1871 3856 1978 3921 est,
2040 3853 2196 3912 idem
2237 3855 2662 3913 nominativum
2707 3870 2827 3914 6336
2869 3857 3088 3929 oportet
3132 3854 3234 3930 53,
3259 3855 3343 3913 23

739 3941 931 4016 -54,
955 3942 1008 3999 2.
1064 3973 1141 3983 -
1189 3940 1241 4015 i)
1290 3942 1458 4002 Vocis
1499 3958 1640 4001 sono
1683 3943 2107 4002 nominativum
2152 3959 2283 4002 cum
2326 3945 2583 4002 vocativo
2628 3959 2942 4018 congruere
2973 3945 3191 4005 mirum
3222 3961 3345 4003 non

730 4033 844 4102 est,·
902 4030 1185 4105 permulti
1248 4033 1401 4091 enim
1460 4032 1806 4091 nominativi
1856 4047 2043 4105 pares
2101 4036 2243 4092 sunt
2299 4033 2577 4092 vocat-ivis
2638 4033 2740 4108 54,
2762 4034 2950 4091 2—3.
3045 4031 3131 4092 Cf.
3187 4035 3342 4109 synt.

734 4119 1335 4196 215,8—218,19;
1400 4118 1578 4181 Prisc.
1627 4119 1775 4179 XIII
1815 4121 2088 4180 18-21
2139 4141 2195 4198 p.
2239 4122 2643 4199 12,17—14‚
2666 4122 2722 4181 6.
2794 4121 2970 4182 XVII
3020 4123 3336 4183 190—91

736 4229 795 4286 p.
838 4210 984 4285 202,
1032 4209 1265 4269 8-25.
2152 4289 2161 4298 .

910 4314 981 4374 In
1025 4315 1138 4375 hac
1179 4335 1246 4376 re
1291 4315 1672 4376 diiudicanda
1705 4314 1819 4394 Ap.
1867 4316 1984 4376 sibi
2027 4336 2147 4377 non
2194 4319 2479 4379 constitit.
2571 4318 2730 4378 Nam
2775 4337 2909 4378 cum
2945 4319 3009 4377 in
3043 4318 3157 4378 hoc
3192 4318 3345 4380 libro

730 4405 1037 4482 'styphoni
1083 4404 1366 4466 concedat
1379 4451 1395 4481 ,
1460 4401 1532 4465 εύ
1578 4423 1703 4466 esse
1764 4407 2100 4467 vocativum
2115 4453 2132 4483 ‚
2188 4410 2610 4485 praeterquam
2663 4407 2767 4468 ubi
2820 4427 2955 4468 cum
3008 4409 3188 4469 verbo
3244 4409 3343 4468 vel

731 4495 1101 4556 substantiae
1156 4496 1251 4555 vel
1309 4494 1653 4572 appellandi
1707 4498 2115 4557 construatur:
2177 4498 2241 4555 in
2286 4497 2439 4558 libro
2485 4496 2556 4556 de
2603 4498 3040 4558 constructione
3083 4496 3345 4558 vocativi

728 4603 901 4644 usum
957 4584 1147 4644 multo
1203 4584 1523 4645 artioribus
1576 4583 1792 4645 finibus
1848 4586 2277 4646 circumscribit
2335 4589 2483 4662 215,
2505 4588 2584 4646 11
2643 4584 2892 4662 μᾶλλον
2953 4588 3340 4662 παρακινδυ-

731 4670 982 4735 νεύεται
1027 4669 1068 4748 ἡ
1118 4669 1190 4733 εὐ
1237 4667 1606 4748 ἀντωνυμία
1651 4670 1813 4735 κατὰ
1854 4671 1974 4750 τὴν
2010 4674 2124 4749 τῆς
2160 4673 2452 4750 κλητικῆε
2488 4671 2780 4738 (ύνταξιν
2818 4673 2906 4737 ὼε
2945 4672 3023 4738 οὐ
3061 4673 3344 4738 δεόντως

730 4759 1204 4838 παρειλημμένη
1259 4758 1423 4838 ἤπερ
1479 4758 1641 4823 κατὰ
1693 4760 1812 4837 τὴν
1867 4763 1981 4838 τῆς
2036 4760 2285 4825 εὐθείας
2344 4757 2579 4847 (eadem
2630 4765 2753 4825 fere
2797 4768 3149 4843 repetuntur
3196 4767 3344 4843 217,

736 4853 1017 4928 13—14,
1063 4851 1165 4910 ubi
1212 4870 1346 4911 cum
1391 4852 1684 4913 divellant
1729 4871 1881 4929 quae
1930 4853 2224 4913 artissime
2271 4853 2583 4914 cohaerent
2629 4850 2706 4915 τὸ
2753 4851 2824 4916 εὐ
2870 4851 3141 4932 γράφει(
3178 4851 3344 4918 ἐστὶν

735 4936 806 5006 ἐν
871 4939 1128 5025 κλητικῇ
1196 4937 1478 5009 ευντάξει
1535 4944 1596 5005 et
1641 4963 1694 5003 v.
1737 4944 1818 5004 15
1878 4937 2040 5025 ὅπερ
2103 4938 2456 5023 ἑνούμενον
2516 4938 2763 5009 εὐθείας
2822 4940 3015 5023 ἐςτίν,
3080 4944 3345 5009 eicienda
