3738 5530
758 321 887 387 192
959 319 1403 377 Commentarius
1431 321 1659 376 criticus
1687 325 1746 376 et
1771 321 2091 392 exegeticus
2119 323 2181 375 in
2206 320 2495 392 Apollonii
2523 320 2751 390 Dyscoli
2778 321 2990 391 scripta
3016 321 3247 377 minora.

750 511 871 552 non
925 491 1080 567 fieri3
1137 493 1200 550 et
1250 491 1315 550 id
1367 493 1564 568 ipsum
1622 493 1962 568 vituperare
2015 491 2420 567 Apollonium
2522 489 2653 560 Qua
2711 489 2782 549 de
2841 508 3020 549 eausa
3077 490 3368 550 Matthias

752 583 889 658 post
943 576 1137 640 πάλιν
1190 582 1401 640 inserit
1443 575 1648 659 (οὐκ)
1691 582 2016 656 vertitque:
2075 574 2162 638 ‘et
2213 598 2418 639 rursus
2473 583 2748 639 accentus
2803 580 2962 657 leges
3016 599 3135 640 non
3179 582 3368 657 respi-

752 663 958 729 ciunt?
1050 668 1167 728 Sed
1208 672 1485 746 primum,
1531 672 1602 728 ut
1643 672 1801 728 reete
1846 670 2049 729 monet
2095 668 2374 747 Egenolff
2410 668 2499 726 IV
2540 669 2644 744 48,
2691 669 3191 745 comprobandum
3237 673 3370 729 erat

754 754 1124 833 ἀντέχεεθαι
1182 776 1309 818 esse
1367 752 1703 835 ‘respicere’
1715 780 1732 834 3
1790 758 2002 817 deinde
2060 778 2180 817 non
2239 760 2544 836 vituperat
2602 756 2715 836 Ap.
2777 759 3148 818 adversarios
3207 758 3367 835 quod

753 851 1029 908 accentus
1072 849 1271 926 legum
1314 850 1676 907 mentionem
1719 868 1839 907 non
1884 848 2150 923 fecerint,
2193 848 2296 907 sed
2343 848 2521 924 quod,
2566 866 2702 906 311111
2738 842 3098 906 ‘teneantur'
3135 848 3366 925 legibus

750 937 990 1012 tonicis,
1066 937 1362 1014 quomodo
1424 937 1645 997 formas
1710 936 2032 997 defendant
2100 956 2221 996 non
2282 937 2540 997 habeant
2599 931 3003 1014 (ἐπηπόρουν
3067 933 3172 997 ἐπὶ
3230 937 3365 997 τῶν

752 1021 1134 1104 εχημάτων).
1206 1026 1366 1086 Nam
1403 1020 1828 1100 Οὔλυμπονδε
1865 1019 2123 1086 οἷκονδε
2169 1045 2304 1085 311111
2353 1026 2832 1086 adversariorum
2867 1028 3161 1086 sententia
3195 1021 3363 1099 ἡνω-

753 1112 912 1190 μένα
956 1116 1079 1174 sint
1123 1108 1189 1198 (l.
1232 1107 1329 1197 8),
1388 1118 1627 1175 acutum
1679 1117 1744 1174 in
1790 1118 2008 1193 quarta
2051 1114 2285 1192 syllaba
2331 1133 2369 1174 a
2412 1115 2553 1190 fine,
2613 1114 3048 1175 circumflexum
3091 1116 3158 1174 in
3202 1118 3364 1174 ante-

750 1206 1125 1282 paenultima
1177 1204 1489 1280 haberent,
1544 1207 1597 1264 si
1649 1205 1793 1263 ferri
1846 1207 2103 1281 possent.
2198 1204 2314 1264 Sed
2370 1205 2510 1264 fen-i
2563 1224 2681 1263 non
2736 1209 3002 1281 possunt.
3055 1237 3131 1245 —
3180 1204 3363 1264 Lehrs

750 1297 814 1353 in
860 1294 1014 1353 Ann.
1052 1294 1170 1353 litt.
1208 1293 1338 1355 Jen.
1383 1294 1552 1354 1879
1599 1314 1656 1371 p.
1698 1296 1826 1353 224
1873 1297 2159 1371 proponit
2212 1290 2543 1368 ἑνείχοντο
2596 1293 2733 1355 τοῖς
2792 1293 3069 1355 τονικοῖε
3114 1309 3360 1369 παραγ-

751 1380 1029 1459 γέλμαει.

928 1473 1471 1533 Demonstrabimue
1523 1476 1718 1532 autem
1762 1467 2175 1547 Οὔλυμπον
2231 1469 2311 1532 δέ
2367 1465 2586 1534 οἶκον
2641 1469 2723 1532 δέ
2775 1474 2903 1531 sim.
2951 1475 3206 1531 construi
3256 1473 3363 1531 illa

750 1563 984 1637 quidem
1026 1564 1199 1637 quasi
1241 1564 1361 1622 sint
1402 1563 1699 1630 adverbia,
1745 1562 1849 1621 sed
1892 1562 2174 1621 adverbia
2215 1579 2336 1620 non
2381 1578 2516 1621 3333.
2559 1595 2635 1603 -
2684 1558 2778 1620 Α3
2809 1564 3077 1636 primum
3118 1563 3363 1635 quidem,

749 1654 805 1711 31
857 1655 994 1711 eunt
1054 1648 1431 1726 ἡνωμένα,
1496 1652 1775 1726 quomodo
1838 1655 2076 1711 acutum
2134 1653 2202 1710 in
2253 1656 2468 1726 quarta
2526 1670 2564 1710 a
2619 1653 2738 1724 fine
2798 1651 3052 1725 syllaba,
3122 1653 3361 1710 circum-

749 1743 966 1815 flmmm
1008 1743 1075 1800 in
1118 1741 1611 1815 antepaemdtima
1653 1742 1864 1800 habere
1898 1742 2187 1815 possunt?
2238 1772 2314 1782 —
2365 1739 2461 1799 Ad
2507 1732 2575 1822 a)
2623 1734 2855 1799 Οἶκον
2900 1743 2965 1799 111
3020 1733 3236 1800 οἷκον
3283 1736 3364 1800 δέ

748 1848 871 1889 non
921 1831 1279 1890 immutabile
1319 1832 1659 1905 putandum
1712 1834 1819 1899 est,
1876 1831 1978 1888 sed
2021 1833 2389 1889 accusativus
2434 1834 2539 1898 est,
2593 1829 2790 1902 forma
2841 1832 3070 1903 integra
3113 1833 3364 1889 servata.

754 1921 1122 1996 0110111911οΜ
1157 1936 1227 1978 ex
1259 1920 1371 1979 hac
1404 1921 1635 1993 quidem
1668 1937 1750 1987 re,
1795 1922 1849 1978 31
1883 1919 2032 1978 nihil
2075 1921 2402 1993 arqummtz·
2446 1921 2749 1987 accederet,
2795 1919 2986 1993 3011191·
3018 1936 3137 1978 non
3172 1922 3368 1992 posset

752 2003 968 2070 οἷκον
1015 2005 1096 2069 δέ
1153 2024 1272 2067 esse
1315 2010 1469 2068 duas
1521 2011 1803 2068 orationis
1844 2011 2081 2082 partes:
2137 2026 2280 2067 nam
2331 2013 2399 2066 ut
2448 2024 2634 2081 supra
2689 2001 2867 2089 (120,
2892 2012 3014 2066 1-
2939 2000 3136 2089 -18)
3185 2012 3365 2066 osten-

752 2100 963 2167 dimus,
1008 2101 1217 2173 inteyri
1259 2100 1562 2157 nominum
1606 2114 1780 2156 casus
1823 2098 2218 2156 adverbialem
2261 2099 2381 2155 vim
2421 2099 2664 2156 induere
2697 2101 2950 2170 possunt
2994 2102 3046 2156 et
3087 2098 3366 2156 adverbia

752 2188 1142 2262 appellantur.
1216 2186 1333 2246 Sed
1372 2187 1628 2264 analoga
1664 2186 1862 2246 afferri
1906 2188 2173 2263 possunt.
2247 2187 2453 2245 Etiam
2498 2182 2571 2247 ἐξ
2618 2181 2835 2247 οἴκου
2881 2188 3034 2245 idem
3074 2189 3370 2261 significat

752 2278 906 2352 quod
951 2271 1291 2348 οἴκοθεν,
1339 2272 1421 2337 ἐν
1466 2271 1649 2357 οἴκῳ
1693 2278 1848 2335 idem
1884 2276 2038 2349 quod
2083 2270 2357 2336 οἴκοθι;
2403 2276 2506 2334 sed
2543 2293 2673 2335 cum
2708 2279 2762 2335 ct
2805 2270 2880 2336 ἐξ
2927 2270 3143 2336 οἴκου
3188 2279 3243 2335 et
3285 2271 3367 2335 ἐν

753 2360 936 2447 οἴκῳ
982 2367 1136 2425 duae
1179 2368 1298 2425 sint
1340 2368 1623 2426 orationis
1656 2369 1889 2440 partes,
1936 2368 1991 2424 et
2033 2359 2339 2424 οἴκοθεν
2385 2368 2440 2424 et
2484 2359 2732 2425 οἴκοθι
2777 2383 2904 2423 una
2950 2368 3046 2423 est.
3136 2365 3368 2423 Eadm

750 2458 905 2515 ratio
942 2456 1241 2515 intercedit
1272 2457 1423 2514 inter
1460 2449 1720 2515 οἴκαδε
1766 2459 1819 2514 et
1861 2448 2078 2514 οἷκον
2126 2449 2230 2523 δέ;
2280 2448 2501 2514 οἶκον
2548 2451 2628 2514 δέ
2665 2455 2820 2513 duae
2854 2456 3136 2513 oratiom's
3160 2456 3367 2527 partes

750 2548 905 2614 sumt,
950 2562 1204 2619 quamn
1246 2544 1434 2603 altera
1481 2548 1563 2603 est
1605 2540 1687 2604 δέ
1724 2546 2046 2602 coniunctio
2095 2544 2541 2618 181,11—23.

935 2635 1179 2709 181,11
1231 2628 1586 2712 πρόκειται]
1635 2633 1767 2693 adv.
1811 2634 1957 2707 180,
1982 2634 2080 2691 16.

935 2724 1079 2799 181,
1103 2724 1183 2783 15
1232 2718 1411 2798 Πρὸ(
1457 2716 1554 2783 οἶ(
1582 2753 1670 2764 -
1702 2724 1781 2783 19
1823 2717 2250 2801 καλουμένας]
2297 2725 2494 2782 totum
2539 2722 2695 2781 hunc
2741 2722 2935 2782 locum
2982 2722 3056 2781 ab
3097 2720 3211 2799 Ap.
3250 2740 3367 2782 non

753 2831 880 2873 esse
915 2813 1247 2890 profectum
1283 2812 1612 2872 arbimtur
1645 2812 1860 2871 Matth.
1889 2811 1921 2870 I
1960 2813 2060 2872 55.
2137 2811 2251 2871 Sed
2293 2814 2648 2893 argumenta
2685 2811 2810 2872 eius
2857 2812 3064 2871 afferre
3108 2812 3368 2871 alienum

754 2905 862 2977 est,
907 2903 1052 2979 quia
1093 2902 1586 2978 interpretatione
1630 2920 1764 2961 mea
1810 2903 1959 2962 satis
2003 2902 2268 2961 refutata
2312 2905 2467 2961 sunt

935 2992 1080 3067 181,
1105 2993 1184 3051 1⁷
1235 2986 1588 3070 ἐδείξαμεν]
1634 2991 1728 3051 his
1774 2991 1971 3051 locum
2014 2992 2159 3066 120,
2182 2994 2306 3050 1—
2318 2992 2397 3050 18
2443 2991 2659 3067 respici
2703 3009 2875 3067 posse
2912 2993 3094 3069 negat
3127 2990 3368 3050 Dronke

756 3073 879 3164 (III
926 3082 1049 3140 321
1075 3071 1251 3162 sqq.‚)
1296 3079 1398 3140 sed
1443 3080 1708 3156 fallitur3
1752 3101 1808 3141 v.
1846 3080 2059 3139 Matth.
2098 3080 2130 3139 Ι
2179 3083 2262 3140 10
2280 3098 2365 3157 sq.
2414 3082 2475 3139 et
2520 3081 2694 3155 epim.

929 3170 1136 3229 Etiam
1191 3188 1259 3229 ex
1315 3173 1554 3230 accentu
1612 3166 1695 3230 δέ
1753 3172 1993 3229 voculae
2049 3172 2314 3243 imposito
2374 3162 2808 3244 3011191101,δέ
2866 3170 3018 3229 illud
3073 3186 3194 3228 non
3251 3185 3370 3228 esse

751 3258 1041 3334 syllabam
1074 3261 1497 3334 parayoyicam
1533 3258 1691 3333 (eam
1726 3262 1881 3318 enim
1923 3275 2195 3333 respuere
2238 3262 2553 3326 accentum,
2600 3277 2669 3317 ex
2714 3253 3006 3328 οἴκαδε,
3054 3254 3368 3318 τοεόεδε

753 3349 891 3407 aliis
924 3349 1134 3422 forme
1168 3349 1461 3422 apparet),
1506 3350 1608 3408 sed
1645 3345 1725 3408 δέ
1763 3351 2233 3408 coniunctionem.
2302 3346 2604 3408 Consimili
2639 3349 2807 3407 modo
2843 3362 2915 3418 γε
2944 3350 3366 3422 1101090913οω

753 3439 950 3512 differt
992 3456 1032 3496 a
1077 3434 1159 3509 γέ
1206 3438 1857 3498 3011111113110113.Ηο33
1903 3439 2057 3496 enim
2102 3439 2362 3497 enclitica
2408 3441 2490 3496 est
2526 3441 2579 3495 et
2621 3437 2908 3511 syllabam
2952 3438 3367 3496 antecedentem

753 3530 937 3596 aow't,
994 3542 1067 3598 γε
1104 3530 1530 3602 1101090913οΜ
1571 3529 1639 3586 in
1683 3522 1924 3598 ἔγωγε
1973 3523 2233 3601 ἔμοιγε
2279 3543 2463 3586 cauea
2518 3529 2601 3585 est
2644 3543 2748 3585 cur
2791 3529 3061 3585 accentus
3102 3528 3170 3585 in
3214 3530 3365 3584 ante·

743 3617 1175 3690 paemcltimam
1217 3617 1578 3676 retrahatur:
1634 3621 1701 3676 ut
1743 3615 1819 3688 ’ῖέ
1852 3619 2281 3692 parayoyicum
2324 3634 2364 3675 a
2409 3612 2493 3687 γέ
2539 3618 2933 3675 coniunctione
2976 3616 3367 3689 distinyuatar

760 3706 906 3780 181,
927 3706 1207 3765 24—31.

939 3795 1084 3869 181,
1107 3796 1192 3854 30
1238 3794 1312 3854 of.
1349 3814 1516 3871 pron.
1555 3797 1660 3870 49,
1681 3795 1962 3869 30—50,
1985 3797 2040 3853 2.

936 3884 1031 3942 Ad
1079 3876 1140 3964 b)
1190 3886 1251 3943 et
1295 3875 1370 3965 c).
1460 3883 1831 3962 Argumenta
1878 3883 2092 3961 quibus
2139 3879 2212 3943 δέ
2256 3886 2320 3942 in
2367 3876 2624 3944 οἶκονδέ
2669 3902 2788 3942 11011
2838 3900 2963 3942 3333
3009 3881 3359 3942 coniunctio·

756 3992 893 4032 nem
948 3973 1351 4049 copulativam
1398 3973 1779 4049 comprobare
1825 3971 2096 4048 student,
2152 3972 2450 4050 superflua
2495 3975 2648 4033 sunt.
2741 3972 2897 4031 Nam
2950 3972 3063 4031 hoc
3107 3976 3361 4047 apertum

758 4066 855 4131 eet,
903 4065 1360 4122 coniunctionem
1405 4058 1485 4121 δέ
1532 4064 1769 4121 localem
1810 4065 2098 4121 notionem
2141 4064 2417 4122 induisse.
2507 4062 2623 4121 Sed
2667 4063 2944 4136 quomodo
2987 4064 3053 4120 id
3095 4064 3230 4135 fieri
3262 4077 3359 4135 po-

757 4152 909 4211 tuit?
960 4183 1036 4193 —
1089 4152 1586 4227 Quemadmodum
1626 4153 2160 4225 prospositionibue
2204 4153 2553 4226 quibusdam
2597 4155 2688 4210 vis
2732 4153 3197 4210 coniunctionum
3237 4150 3357 4209 sub-

755 4243 931 4302 icitur
985 4236 1120 4318 (διὰ
1166 4236 1243 4300 τὸ
1287 4236 1530 4315 ἡμέραν
1578 4234 1740 4300 εἶναι
1768 4266 1852 4288 =
1883 4235 1983 4300 ὅτι
2026 4236 2233 4316 ἡμέρα
2280 4238 2462 4318 ecto:
2526 4244 2612 4300 ita
2655 4257 2869 4300 rursus
2914 4237 2995 4300 δέ
3049 4240 3357 4300 coniunctio

755 4332 910 4390 idem
943 4331 1097 4404 quod
1144 4324 1253 4389 εἴ(
1287 4331 1647 4404 praepositio
1683 4332 1877 4390 valere
1911 4335 2113 4404 potest.
2190 4330 2439 4390 Omnino
2476 4327 2557 4390 δέ
2603 4331 2997 4389 coniunctione
3031 4347 3150 4388 non
3182 4329 3356 4388 solum

757 4421 1071 4479 sententiae
1129 4419 1501 4493 copulantur,
1561 4420 1662 4478 sed
1722 4421 1896 4478 etiam
1952 4437 2046 4478 res
2104 4421 2393 4493 quaedam
2449 4423 2744 4494 urgentur.
2846 4419 3121 4478 Localem
3176 4421 3354 4478 autem

749 4511 1087 4582 potestatem
1136 4511 1363 4582 partim
1420 4508 1496 4567 ab
1560 4503 1821 4568 οἴκαδε
1884 4502 2167 4582 ἄγραδε
2227 4510 2636 4569 adverbiorum
2696 4509 3075 4568 similitudine
3136 4508 3352 4580 accepit,

748 4601 974 4671 parum
1018 4599 1171 4674 quod
1213 4599 1383 4657 nulla
1426 4599 1552 4656 alia
1597 4600 1918 4657 coniunctio
1960 4599 2047 4656 ita
2090 4601 2376 4673 113111Ῥονὶ
2410 4601 2605 4672 potuit
2651 4599 2797 4672 181,
2818 4598 3143 4673 32—182,
3165 4598 3259 4655 20.

940 4688 1190 4763 181,33
1238 4688 1311 4747 of.
1349 4688 1497 4747 coni.
1539 4688 1685 4762 214,
1708 4687 1985 4747 24-25,

942 4777 1143 4853 182,9
1192 4778 1265 4836 of.
1303 4776 1443 4836 Her.
1482 4776 1514 4835 1
1558 4777 1708 4852 493,
1733 4778 1834 4836 20.

940 4867 1085 4941 182,
1111 4868 1190 4925 12
1237 4865 1421 4926 Lehrs
1468 4887 1523 4942 q.
1555 4884 1602 4924 e.
1641 4865 1812 4924 40**.

941 4956 1189 5031 182,13
1236 4954 1359 5015 ska
1400 4955 1465 5015 Π
1514 4956 1615 5015 27.
