3738 5530
582 352 663 415 76
1517 348 1694 398 ΠΕΡΙ
1730 344 2236 397 ΑΝΤΩΝΤΜΙΑΣ.

1456 453 2295 506 Ρ.9Ί(35Ἰ)Α3-99(859)041)

578 557 933 637 ςυνάρθρῳ.
1011 546 1141 632 Τὴν
1187 556 1300 630 μἐν
1348 551 1467 616 οὖν
1514 554 1732 628 χρῆςιν
1777 549 1939 626 παρ’
1969 547 2226 628 Ὁμήρῳ
2272 545 2391 608 οὐκ
2435 543 2590 607 ἐνὸν
2621 540 2948 622 εῦρὲςθαι,
2993 543 3167 619 παρὰ

580 658 797 737 μέντοι
843 657 1169 720 Ἀττικοῖς·
1229 655 1328 718 καὶ
1373 652 1581 733 <γὰρ>
1624 652 1905 716 Πλάτων
1953 649 2237 726 ςυνεχῶς
2279 646 2624 725 ἐχρήςατο,
2685 642 2749 707 οἵ
2791 662 2860 705 τε
2905 644 3167 722 κωμικοὶ

577 760 681 823 καὶ
722 757 1028 836 τραγικοί.
1119 758 1157 821 ὁ
1202 756 1418 836 μέντοι
1463 753 1835 833 Ζηνόδοτος
1881 751 1982 814 καὶ
2025 749 2187 831 <τὸ>

1297 857 1426 921 ἀπὸ
1474 856 1546 921 ἕο
1593 855 1751 934 χειρὶ
1794 853 2026 935 παχείῃ
2075 852 2159 933 (Υ
2202 848 2357 932 261)

505 982 537 1028 5
573 966 678 1028 διὰ
734 967 845 1041 τῆς
898 968 981 1027 δῦ
1046 962 1345 1039 ἔγραφεν.
1446 958 1609 1037 ὅπερ
1664 954 2205 1034 παραπεμπτέον,
2265 952 2385 1032 οὐχ
2443 951 2532 1017 ὡς
2589 953 2668 1030 μὴ
2713 952 3166 1029 πρωτότυπον,

554 1066 718 1129 ’ἀλλ’
775 1065 865 1129 ὼς
923 1066 1002 1143 μὴ
1063 1063 1354 1140 ςύνηθες·
1414 1066 1489 1141 τῇ
1547 1061 1671 1136 γὰρ
1727 1058 1817 1123 εἰς
1860 1061 1944 1123 ’δῦ
2001 1057 2332 1134 καταλήξει
2386 1059 2609 1133 χρῆται
2668 1053 2705 1117 ὁ
2749 1055 3017 1131 ποιητής
3063 1053 3166 1116 ἐπὶ
3201 1062 3246 1114 Β

564 1168 770 1246 ’μόνης
829 1169 1145 1244 κτητικῆς,
1207 1169 1282 1248 τῇ
1341 1165 1410 1227 δὲ
1468 1163 1617 1241 ἐμεῦ
1673 1163 1776 1225 καὶ
1828 1164 1963 1225 ταῖς
2021 1159 2308 1233 ςυζύγοις
2353 1156 2496 1222 ἀντὶ
2539 1160 2671 1221 τῶν
2715 1154 3166 1235 πρωτοτύπων

572 1269 810 1346 μόνων,

822 1371 1067 1447 πατρὸς
1114 1369 1269 1448 ἐμοῦ
1316 1367 1501 1432 κλέος
1547 1366 1701 1444 εὐρὺ
1745 1365 2126 1443 μετέρχομαι
2172 1361 2239 1443 (γ
2284 1360 2423 1444 83)·

474 1489 533 1538 10
574 1471 680 1536 ἐπὶ
725 1473 794 1535 δέ
840 1474 951 1550 τῆς
994 1471 1428 1550 πρωτοτύπου

1232 1573 1381 1651 ἐμεῦ
1427 1572 1482 1636 δ’
1529 1570 1713 1634 ἕλετο
1758 1568 1960 1647 μέγαν
2006 1566 2205 1657 ὅρκον
2254 1568 2323 1650 (δ
2370 1565 2534 1644 746).

737 1675 810 1740 Ἡ
858 1674 941 1739 εὗ
989 1675 1121 1740 ἀπὸ
1165 1678 1276 1752 τῆς
1322 1677 1460 1755 ςεῦ,
1506 1673 1576 1737 ἐν
1622 1671 1906 1751 ἐγκλίςει,

823 1776 882 1840 εἴ
925 1778 1063 1841 πώς
1109 1775 1181 1841 εὑ
1227 1775 1563 1855 πεφίδοιτο
1612 1775 1697 1855 (Υ
1742 1770 1895 1855 464)
1947 1822 1960 1836 .
2008 1821 2021 1835 .
2068 1822 2084 1838 .
2134 1820 2146 1833 .

569 1878 825 1943 κάκεῖνο
872 1880 944 1943 δέ
989 1898 1154 1942 τινες
1199 1878 1618 1956 ὀρθοτονοῦςι
1664 1874 2160 1953 προςπνέοντες,

470 1994 531 2041 15
822 1980 1047 2061 φρίξας
1094 1978 1165 2044 εὖ
1213 1980 1450 2059 λοφιήν
1495 1977 1558 2063 (τ
1600 1977 1789 2060 446)·

567 2080 711 2146 ἀντὶ
753 2086 870 2147 τοῦ
915 2085 1029 2162 τὴν
1075 2082 1293 2146 αὑτοῦ.
2213 2071 2226 2084 ’
3202 2078 3242 2131 C

736 2183 808 2247 Ἡ
857 2184 940 2250 ἕο
987 2185 1131 2249 κατ’
1176 2184 1468 2261 ἔγκλιςιν,
2339 2193 2342 2196 ”

1229 2286 1366 2350 ἐπεί
1411 2284 1482 2348 ἑο
1531 2284 1757 2362 κήδετο
1807 2282 1946 2361 λίην
1995 2284 2050 2363 (ξ
2094 2280 2279 2360 461)·

568 2391 670 2452 καὶ
715 2390 856 2453 κατ’
902 2390 1106 2469 ὀρθὸν
1151 2387 1368 2464 τόνον,

463 2506 527 2551 ιιι)
1234 2488 1367 2553 ἀπὸ
1414 2488 1485 2552 ἕο
1533 2488 1695 2566 χειρὶ
1739 2488 1968 2570 παχείῃ
2016 2487 2102 2569 (Υ
2146 2484 2323 2571 261).

567 2591 819 2671 Εἴρηται
863 2595 935 2658 δὲ
978 2593 1123 2670 περὶ
1167 2595 1278 2668 τῆς
1324 2589 1477 2666 εἷο,
1529 2590 1617 2654 ὡς
1663 2589 1879 2667 μόνως
1927 2588 2389 2667 ὀρθοτονεῖται.

735 2695 806 2758 Ἡ
855 2695 1033 2760 ἕθεν
1080 2692 1520 2774 ὀρθοτονεῑται
1564 2692 1713 2773 μέν,
1761 2691 1849 2754 ὡς
1895 2691 1997 2754 ἐπὶ
2041 2695 2158 2756 τοῦ

1223 2777 1358 2860 ’ἀπὸ
1405 2795 1551 2860 ἕθεν
1598 2794 1709 2874 ἧκε
1756 2796 1992 2873 χαμᾶζε
2039 2795 2131 2874 (Μ
2177 2792 2352 2877 205),

567 2899 920 2974 ἐγκλίνεται
964 2899 1068 2981 δέ,
1116 2899 1206 2963 ως
1251 2898 1355 2961 ἐπὶ
1399 2899 1517 2960 τοῦ
3199 2894 3331 2946 98Α

464 3013 529 3059 ‘25
1227 2999 1362 3064 ἐπεὶ
1407 2997 1486 3062 οὔ
1532 2997 1677 3062 ἑθέν
1722 2997 1848 3061 ἑςτι
1894 2996 2159 3076 χερείων
2206 2997 2282 3080 (Α
2334 2996 2497 3081 114).

565 3101 659 3166 Οὐ
715 3101 870 3184 γάρ,
928 3101 1018 3165 ὡς
1076 3100 1267 3179 ἔνιοι,
1328 3102 1447 3180 χρὴ
1493 3100 1705 3178 μόνως
1752 3098 2167 3179 ὀρθοτονεῖν,
2225 3099 2321 3164 ὅτι
2367 3100 2466 3163 καὶ
2509 3100 2584 3163 τὸ
2631 3105 2894 3176 πρῶτον
2941 3097 3040 3161 καὶ
3082 3099 3159 3162 τὸ

564 3201 870 3281 δεύτερον
928 3201 1371 3282 ὀρθοτονεῑται
1427 3202 1670 3280 μόνως·
1726 3201 1864 3265 ἰδοὺ
1922 3202 2044 3279 γὰρ
2100 3202 2200 3265 καὶ
2244 3202 2347 3265 ἐπὶ
2390 3207 2520 3265 τῶν
2568 3205 2834 3280 δυῑκῶν,
2893 3197 3160 3278 ὀρθοτο-

564 3304 903 3381 νουμένων
947 3310 1078 3369 τῶν
1124 3305 1402 3383 πρώτων
1450 3305 1552 3368 καὶ
1593 3307 1727 3368 τῶν
1774 3303 2126 3380 δευτέρων,
2172 3303 2251 3366 τὰ
2294 3302 2467 3380 τρίτα
2513 3301 2877 3377 ἐγκλίνεται.
2948 3299 3162 3366 ἄλλως

563 3426 631 3470 τε
684 3406 757 3469 τὸ
816 3405 927 3471 ἔτι
986 3408 1216 3485 μεθὲν
1273 3405 1313 3471 ἁ
1371 3407 1652 3485 καρδία
1707 3409 1909 3488 παδῇ
1958 3401 2339 3486 (Sophronis
2382 3403 2462 3465 fr.
2507 3403 2590 3466 46
2652 3402 2928 3485 Ahrens)
2986 3402 3159 3479 ἐγκέ-

463 3525 533 3572 30
569 3512 782 3571 κλιται.
884 3509 1003 3573 οὐκ
1059 3509 1278 3587 ἐπειδὴ
1337 3509 1458 3574 οὖν
1504 3510 1663 3573 κατὰ
1706 3510 1904 3587 τύχην
1950 3497 2116 3585 παρ”
2163 3505 2422 3588 Ὁμήρῳ
2479 3506 2558 3569 τὰ
2614 3510 2840 3584 πρῶτα
2884 3505 3157 3582 ὠρθοτο·

564 3609 756 3686 νήθη,
805 3608 1047 3675 εὐθέως
1090 3611 1191 3674 καὶ
1233 3611 1311 3675 τὰ
1355 3610 1550 3689 τρίτα.

733 3713 943 3792 (αφές
987 3713 1084 3778 ὅτι
1131 3713 1234 3776 καὶ
1276 3713 1352 3777 τὸ
1381 3711 1679 3777 Αἰολικὸν
1723 3710 1997 3792 δίγαμμα
2041 3714 2177 3777 ταῖς
2222 3711 2379 3775 κατὰ
2423 3710 2498 3774 τὸ
2542 3706 2759 3787 τρίτον
2804 3709 3156 3786 πρόςωπον
3193 3710 3237 3763 Β

702 3949 919 4004 Αιιονιι.
1007 3955 1029 4000 1
1080 3949 1163 4002 Οῦ
1209 3946 1503 4016 personale
1550 3963 1662 4001 non
1708 3949 1795 4001 est
1839 3949 1993 4017 apud
2030 3946 2362 4013 Homerum,
2410 3946 2506 4014 qui
2541 3951 2608 3999 ὀῡ
2643 3942 3042 3998 terminatione
3079 3944 3163 3996 ita

566 4033 773 4098 utitur,
820 4035 886 4088 ut
922 4033 1362 4102 possessivorum
1398 4032 1498 4096 sit,
1547 4049 1836 4100 nunquam
1873 4031 2272 4101 personalium.
2309 4064 2370 4070 ---
2412 4032 2645 4085 Ceterae
2682 4030 2895 4083 formae
2932 4044 3159 4081 enume-

564 4119 777 4171 rantur.
820 4149 877 4156 —-
918 4125 981 4170 22
1019 4119 1185 4173 Ἕθεν
1221 4116 1453 4183 quidam
1490 4120 1703 4187 negant
1734 4117 2020 4179 inclinari,
2069 4117 2222 4182 quod
2267 4134 2338 4170 ne
2386 4115 2781 4180 ἐμέθενςέθεν
2819 4113 3046 4180 quidem
3083 4114 3162 4166 in-

565 4201 862 4255 clinentur.
946 4204 1020 4256 At
1064 4202 1234 4255 tertia
1278 4201 1382 4256 hac
1418 4202 1475 4256 in
1513 4219 1573 4255 re
1610 4202 1824 4270 primae
1873 4204 1932 4256 et
1967 4202 2244 4256 secundae
2284 4200 2602 4269 analogiam
2639 4215 2749 4253 non
2786 4197 3056 4264 sequitur.
3095 4228 3158 4235 —-

566 4291 633 4337 32
672 4285 972 4353 Digamma
1005 4286 1279 4341 aeolicum
1317 4290 1404 4341 est
1438 4286 1536 4339 ubi
1572 4286 1919 4356 praefigatur
1953 4286 2338 4354 personalibus
2374 4284 2576 4339 tertiae
2611 4299 2901 4353 personae.

700 4506 890 4562 D1scs.
936 4526 1137 4561 scum.
1206 4512 1254 4561 2.
1295 4510 1386 4561 καὶ
1420 4508 1527 4574 γὰρ
1562 4507 1628 4573 b,
1667 4523 1755 4559 και
1780 4507 1823 4560 Α
1857 4507 1866 4573 Ι
1897 4514 1946 4563 3.
1985 4509 2076 4559 καὶ
2112 4508 2182 4560 τὸ
2219 4506 2286 4574 b,
2325 4524 2415 4561 και
2451 4508 2494 4561 Α
2527 4509 2535 4570 Ι
2566 4503 2854 4573 inscriptio
2893 4519 3021 4570 περι
3057 4519 3158 4569 της

562 4593 626 4646 εῦ
661 4592 891 4647 maiusc.
930 4594 973 4647 Α
1041 4596 1049 4656 1
1114 4599 1162 4646 5.
1200 4591 1447 4646 ‘Excidit
1482 4589 1804 4660 exemplum
1840 4589 1982 4643 recti
2017 4590 2250 4644 tenoris’
2290 4591 2324 4643 b
2361 4588 2418 4642 in
2456 4605 2567 4642 var.
2609 4590 2739 4642 lect.
2804 4593 2813 4654 Ι
2884 4594 2958 4640 14.
2996 4591 3156 4653 ορθο-

563 4694 823 4731 τονουςιν
860 4678 903 4731 Α
970 4681 979 4743 Ι
1050 4683 1126 4731 17.
1175 4675 1465 4744 inscriptio
1513 4693 1640 4743 περι
1682 4693 1786 4742 της
1825 4692 1887 4729 εο
1925 4674 2151 4729 maiusc.
2193 4677 2235 4728 Α
2302 4678 2311 4742 Ι
2377 4680 2456 4729 18.
2496 4675 2618 4728 ἐπεί
2657 4675 2716 4726 ἕο
2753 4673 2788 4726 b
2825 4671 3161 4741 typothetae

564 4763 786 4826 errore!
823 4767 905 4815 21.
945 4762 1198 4829 Εἴρηται]
1236 4759 1332 4814 sol.
1381 4767 1475 4815 173
1501 4778 1543 4814 r.
1574 4760 1584 4830 Ι
1614 4766 1695 4813 23.
1734 4758 2027 4830 inscriptio
2064 4774 2191 4826 περι
2226 4776 2330 4828 της
2368 4761 2498 4814 έθεν
2533 4758 2763 4811 maiusc.
2790 4759 2831 4811 Α
2865 4760 2874 4824 Ι
2905 4763 2984 4810 23.
3027 4770 3163 4822 ηκεν

569 4847 611 4902 Α
645 4846 654 4915 Ι
686 4850 767 4897 26.
806 4862 954 4898 εςτιν
991 4847 1033 4902 Α
