3738 5530
612 365 696 427 92
1544 367 1723 419 ΠΕΡΙ
1760 366 2267 420 ΑΝΤΩΝΤΜΙΑΣ.

1450 487 1494 524 p.
1534 477 1605 515 ιιι
1632 475 1745 524 (377)
1772 478 1811 517 Β
1837 476 1863 516 5
1897 497 1934 504 -
1970 479 2045 517 119
2071 477 2184 527 (379)
2215 477 2248 518 c
2275 478 2301 516 3
2329 479 2358 517 b

611 571 1005 650 πρωτότυπα
1062 569 1390 649 ὑπάρχειν.
1490 569 1617 636 ἔςτι
1662 571 1785 650 γὰρ
1830 571 2045 654 μυρία,
2103 572 2266 650 ἅπερ
2314 572 2394 638 οὒ
2439 575 2781 652 παρῆκται,
2837 577 2954 637 τοῦ
3001 571 3203 648 λόγου

612 670 1069 749 ἀπαιτοῦντος,
1140 671 1352 751 ὥςπερ
1416 673 1519 737 καί
1575 694 1717 738 τινα
1774 676 2329 753 ςυνεξειλκυςμὲνα
2387 675 2506 738 τιςὶ
2570 678 3020 756 παραγωγαῖς,
3087 679 3202 740 τοῦ

614 774 815 849 λόγου
874 774 991 838 οὐκ
1047 774 1523 854 ἐπιτρέποντος.
1623 775 1764 839 ἐπεὶ
1818 775 1919 840 καὶ
1971 775 2010 853 ἡ
2065 778 2185 840 τοῦ
2240 779 2534 853 κτητικοῦ
2578 774 2864 856 ἔλλειψις
2909 775 3201 859 εὔλογος,

613 875 745 952 εἴγε
805 879 975 939 πᾶςα
1040 875 1429 954 παράγωγος
1504 877 1871 956 ἀντωνυμία
1942 876 2074 943 ἀπὸ
2148 876 2705 957 ὀρθοτονουμένης
2769 878 3201 958 πρωτοτύπου
3238 890 3278 946 C

544 997 576 1046 ⁶
612 979 1077 1059 ςχηματίζεται,
1123 976 1215 1043 ὡς
1257 978 1328 1043 ἐν
1371 980 1507 1044 τοῖς
1551 979 1700 1060 πρὶν
1746 979 2012 1058 εἴρηται,
2057 978 2097 1056 ἡ
2143 981 2214 1043 δὲ
2259 979 2472 1058 μόνως
2516 979 2886 1055 ἐγκλίνεται.

780 1080 987 1144 Παντί
1029 1100 1122 1164 τῳ
1165 1082 1401 1163 δῆλον,
1449 1079 1539 1146 ὡς
1582 1080 1622 1158 ἡ
1665 1082 1845 1161 δυῖκὴ
1875 1086 1992 1145 τοῦ
2023 1081 2298 1164 ἐκεῖνος,
2345 1078 2538 1145 οὗτος
2569 1080 2878 1160 ἐκείνω,
2923 1081 3199 1146 τούτω.

612 1182 758 1261 περὶ
800 1182 923 1262 γὰρ
965 1186 1084 1247 τοῦ

1169 1287 1338 1351 τώδε
1383 1285 1455 1349 δὲ
1499 1288 1618 1349 νῶι
1664 1282 1747 1368 (Θ
1797 1282 1949 1369 109)

612 1388 915 1467 ἐζητεῖτο.
1017 1387 1235 1452 «ἕνεκα
1290 1386 1475 1465 γάρ»,
1533 1406 1717 1467 φαςι,
1779 1392 1920 1464 «τῆς
1975 1386 2181 1466 ἑνικῆς
2237 1390 2489 1465 δοτικῆς
2545 1386 3071 1467 ὁξυτονηθήςεται
3125 1389 3202 1452 τὸ

515 1506 575 1553 ιο
610 1490 728 1565 τώ,
782 1488 892 1554 ἵνα
947 1489 1023 1553 τὸ
1079 1489 1300 1554 δυϊκὸν
1345 1490 1677 1566 διαςτολῆς
1719 1488 1931 1573 τύχῃ».
2019 1489 2188 1554 Ἀλλ’
2232 1489 2286 1554 εἰ
2332 1489 2518 1554 ἕνεκα
2559 1489 2828 1566 τούτου,
2885 1491 3201 1568 ληρῶδες·

610 1589 841 1670 ἄπειρα
902 1591 1025 1669 γὰρ
1087 1592 1170 1655 τὰ
1233 1590 1759 1669 ςυνεμπίπτοντα.
1861 1591 2021 1655 «Ἔτι
2079 1591 2330 1671 βαρείας
2382 1591 2484 1654 καὶ
2538 1590 2834 1671 βραχείας
2898 1590 3200 1672 ἐπιφερο-
3242 1605 3404 1657 118A

611 1692 802 1770 μένης
860 1691 1183 1759 ἀδύνατον
1241 1691 1458 1757 ὀξεῖαν
1515 1691 1801 1770 εὑρέςθαι
1854 1694 2012 1771 μετὰ
2054 1695 2313 1771 μακρᾶς.
2417 1693 2518 1757 διὸ
2561 1693 2638 1757 τὸ
2682 1696 2850 1757 τῶδε
2892 1712 3200 1772 προπερι-

611 1793 975 1859 ςπαςτέον.»
1083 1792 1156 1858 Τί
1214 1792 1334 1857 οὖν
1387 1795 1463 1858 τό
1523 1792 1685 1868 εἴθε,
1752 1792 1922 1876 αἴθε,
1989 1793 2187 1873 ναίχι;
2256 1794 2403 1872 οὐχὶ
2456 1793 2616 1858 καθὸ
2673 1793 3022 1872 ἐπέκταςις,
3089 1797 3201 1871 τῆς

611 1893 830 1974 ἀρτίου
875 1893 1305 1976 ὑπερεχούςης
1347 1897 1463 1974 τὴν
1507 1895 2070 1977 ἐπεκτεινομένην;
2114 1895 2259 1974 οὐχὶ
2303 1894 2423 1960 οὖν
2468 1896 2572 1959 καὶ
2611 1896 2689 1959 τὸ

512 2010 574 2060 15
1488 1998 1656 2062 τώδε
1703 1999 1773 2061 δὲ
1817 2000 1938 2061 νῶι
1985 1996 2069 2078 (Θ
2119 1995 2266 2077 109)

609 2103 740 2163 τῶν
786 2097 1334 2180 ἐπεκτεταμένωνς
1381 2097 1462 2162 τὰ
1507 2096 1627 2164 οὖν
1673 2099 1855 2163 δυῖκὰ
1900 2097 1986 2163 εἰς
2032 2102 2086 2162 ὦ
2131 2099 2415 2176 λήγοντα
2446 2097 2762 2162 οὐδέποτε
2792 2103 3195 2176 περιςπᾶται·

574 2199 767 2264 ὀὐδὲ
823 2200 945 2279 γὰρ
1000 2199 1170 2264 θέλει
1219 2200 1295 2264 τὸ
1351 2201 1671 2265 πτωτικὸν
1730 2202 1782 2262 ὦ
1828 2202 2239 2278 περιςπᾶςθαι
2288 2199 2392 2262 ἐπὶ
2448 2200 2694 2265 τέλους.
2783 2199 2880 2265 ὅτι
2924 2203 3047 2279 γὰρ
3093 2201 3198 2266 ἐπὶ
3234 2213 3277 2266 Β

607 2301 836 2366 τέλους
905 2301 1097 2377 ἐςτίν,
1160 2299 1257 2364 ὅτι
1321 2300 1754 2383 ἑπεκτέταται,
1828 2304 2066 2383 δῆλον,
2137 2302 2226 2365 ῶς
2290 2301 2329 2379 ἡ
2400 2301 2585 2366 κλίςις
2651 2302 2870 2384 ἐντός,
2940 2307 3198 2380 τοῦδε,

609 2405 908 2485 τοῖνδε,
954 2402 1164 2479 οἵδε,
1208 2405 1494 2486 τῶνδε,
1540 2405 1840 2478 τοῖςδε,
1886 2402 2187 2467 τούςδε.

511 2520 578 2568 20
780 2504 856 2569 Αἱ
884 2504 1293 2583 πληθυντικαὶ
1326 2504 1484 2588 [καὶ]
1511 2506 2066 2570 κοινολεκτοῦνται
2096 2503 2238 2569 κατ’
2267 2504 2521 2569 εὐθεῖαν
2550 2505 2713 2583 πρός
2742 2525 2810 2570 τε
2834 2505 3069 2570 Ἰώνων
3100 2506 3202 2569 καὶ

615 2644 701 2652 ---
796 2644 1015 2651 --—..—..--

744 2707 961 2761 Azan.
1030 2713 1061 2761 6
1096 2707 1259 2761 Τώδε
1294 2705 1478 2760 dualis
1512 2723 1612 2761 cur
1646 2707 1812 2761 acuto
1842 2707 2095 2775 notetur,
2131 2706 2364 2776 quidam
2388 2705 2532 2760 hanc
2558 2722 2675 2760 esee
2701 2722 2926 2761 causam
2952 2709 3199 2777 censent,

611 2791 764 2860 qnod
789 2808 825 2845 a.
847 2791 1038 2846 dativo
1075 2792 1374 2862 singularis
1397 2792 1762 2847 discernatur.
1820 2792 1899 2846 At
1920 2793 2053 2846 nunt
2074 2792 2333 2858 centena,
2357 2807 2521 2860 quac,
2548 2808 2677 2846 cum
2701 2791 2940 2847 eandem
2962 2792 3200 2848 formam

611 2876 872 2942 habeant,
912 2876 1153 2931 induant
1186 2877 1433 2931 diversas
1468 2877 1741 2934 notiones.
1801 2876 1916 2930 Alii
1951 2876 2124 2945 leges,
2159 2893 2306 2945 quae
2333 2877 2403 2931 de
2428 2877 2754 2931 accentibus
2777 2877 2987 2945 valent,
3023 2878 3201 2932 secuti

566 2942 589 2966 ⁰
610 2962 761 3016 τῶδε
797 2960 1069 3016 scribunt.
1153 2961 1303 3028 Quoe
1338 2960 1487 3032 fugit
1519 2961 1729 3015 formas
1764 2961 2135 3030 amplificatas
2172 2961 2416 3015 eundem
2453 2963 2744 3016 accenirum
2782 2961 2993 3018 habere
3029 2964 3200 3032 atque

609 3044 848 3104 nativas.
896 3079 959 3089 —
1007 3048 1074 3100 20
1107 3045 1361 3101 pluralis.
1431 3044 1668 3101 Formae
1704 3047 1865 3113 ἡμεῖς
1901 3047 2059 3112 ὑμεῖς
2095 3051 2252 3114 ςφεῖς
2288 3061 2402 3101 non
2437 3046 2616 3101 solum
2651 3046 2858 3102 atticae
2893 3046 2993 3101 sed
3028 3048 3199 3101 etiam

609 3130 830 3185 ionicae
866 3131 1012 3185 sunt.

745 3317 971 3371 Tum-m.
1017 3323 1051 3372 8
1071 3317 1267 3373 Choer.
1292 3324 1412 3385 441,
1438 3324 1519 3373 23.
1549 3316 1745 3386 [Bekk.
1764 3318 1872 3375 An.
1889 3317 2066 3388 1248}
2086 3347 2150 3356 —
2174 3324 2236 3372 13
2257 3317 2455 3372 Choer.
2475 3322 2593 3384 427,
2611 3323 2678 3372 28
2700 3316 2898 3387 [Bekk.
2915 3318 3023 3377 An.
3044 3319 3197 3387 1236]

612 3405 718 3457 ναί
737 3397 848 3473 γὰρ
873 3391 947 3469 ἦν
972 3402 1072 3457 καὶ
1097 3405 1160 3457 εἴ
1174 3398 1485 3470 ὀξυτόνως,
1510 3404 1611 3458 καὶ
1634 3395 1767 3457 κατ’
1795 3396 2103 3457 ἐπέκτασιν
2128 3403 2406 3472 γινόμενα
2424 3404 2587 3472 vulga
2603 3402 2705 3457 καὶ
2725 3404 2858 3458 εἴθε
2876 3401 2985 3471 τήν
3003 3396 3202 3470 ὀξεῖαν

609 3485 776 3542 τάσιν
811 3481 1114 3557 ἐφύλαξαν
1139 3483 1202 3542 ἐν
1238 3489 1305 3558 τῇ
1342 3481 1491 3557 αὐτῇ
1519 3486 1791 3558 συλλαβῇ.
1847 3481 2186 3555 πρόσκειται
2211 3485 2276 3542 δὲ
2304 3482 2405 3556 ’μὴ
2431 3482 2874 3557 ἐπεκτεινομόνη
2900 3485 3002 3542 διὰ
3027 3490 3130 3543 τοῦ
3151 3476 3202 3542 5

611 3576 732 3640 (scr.
760 3559 818 3639 3)
844 3572 945 3627 καὶ
979 3576 1015 3628 ἶ
1050 3568 1111 3627 ἐν
1149 3578 1273 3635 τοῖς
1310 3574 1555 3634 δυϊιιοῖς’
1594 3567 1696 3627 διὰ
1732 3567 1798 3627 τό
1835 3569 2038 3627 τοιοίδε
2073 3571 2175 3626 καὶ
2210 3572 2425 3628 τοσοόδε
2463 3567 2662 3627 δυϊκά·
2700 3571 2880 3626 ταῦτα
2916 3569 3027 3641 γὰρ
3060 3592 3202 3641 παρ-

609 3657 916 3727 οξύνονται
952 3656 1051 3711 καὶ
1089 3651 1157 3711 οὖ
1194 3658 1695 3757 προπερισπῶνται
1731 3653 1836 3711 διὰ
1875 3649 1976 3710 τὸν
2014 3655 2351 3725 χαρακτῆρα
2386 3657 2499 3712 τῶν
2537 3656 2787 3713 δυϊιιῶν·
2824 3654 2890 3712 τὰ
2926 3676 3036 3727 γαρ
3072 3662 3116 3712 ὦ
3140 3654 3202 3713 ἐν

610 3750 733 3807 τοῖς
781 3745 1007 3804 δυϊιιοῖς
1054 3734 1484 3810 ἀποστρέφεται
1529 3738 1636 3811 τὴν
1680 3737 2123 3810 περισπωμένην
2157 3738 2357 3809 τάσιν,
2404 3739 2529 3796 οἷον
2564 3739 2643 3796 τώ
2679 3738 2865 3812 σοφαί,
2913 3738 2991 3798 τὼ
3027 3738 3201 3810 καλώ,

612 3824 689 3881 w}
728 3822 953 3896 α’γαθω.
999 3819 1129 3880 ἐπεὶ
1167 3817 1273 3881 οὖν
1319 3823 1383 3880 τὸ
1420 3822 1628 3881 τοιοίδε
1662 3827 1763 3881 καὶ
1800 3821 2015 3880 τοσοίδε
2052 3820 2358 3880 ἐπέκτασιν
2406 3824 2599 3895 ἔχουσι
2644 3828 2748 3896 τῆς
2785 3829 2853 3881 δε
2893 3828 3201 3896 συλλαβῆς,

614 3908 825 4011 τούτου
867 3907 1063 3980 χάριν,
1103 3904 1179 3973 ὥς
1217 3909 1425 3979 σχεδόν
1462 3906 1524 3965 ἐν
1558 3911 1627 3980 τῇ
1664 3912 1971 3984 τελευταίᾳ
2008 3897 2264 3981 συλλαβῇ
2304 3908 2509 3979 ἔχοντα
2542 3905 2607 3965 τὸ
2634 3929 2704 3980 ω,
2742 3905 3204 3983 ἀποστρέφονται

609 3992 718 4066 τὴν
751 3995 1198 4068 mammonam
1233 3992 1414 4050 τάσιν.

746 4184 929 4237 Dmcn.
973 4199 1172 4236 solum.
1246 4189 1291 4241 1.
1329 4183 1681 4250 πρωτότυπα
1717 4182 1783 4251 b,
1821 4199 2025 4251 πρωτα
2063 4184 2106 4236 Α
2174 4184 2185 4248 Ι
2249 4199 2398 4238 εςτιν
2437 4183 2479 4236 Α
2545 4183 2555 4250 Ι
2617 4187 2667 4235 2.
2703 4199 2849 4237 τιςιν
2874 4185 2917 4238 Α
2979 4183 2989 4251 Ι
3051 4189 3100 4241 6.
3123 4183 3205 4236 in·

612 4267 846 4337 scriptio
881 4283 1009 4334 περι
1043 4285 1148 4321 του
1183 4269 1333 4322 τωδε
1370 4269 1561 4323 δυικου
1595 4285 1684 4321 οτι
1718 4271 1973 4323 οξυνεται
2007 4267 2234 4325 maiano.
2261 4269 2304 4322 Α
2336 4268 2346 4333 Ι
2374 4271 2425 4321 8.
2450 4269 2600 4321 τωδε
2637 4266 2776 4324 νῶιν
2800 4271 2843 4323 Α
2874 4270 2885 4333 Ι
2914 4274 2965 4324 9.
2998 4284 3165 4335 φαςιν
3197 4269 3202 4332 Ι

616 4358 850 4409 12-13.
906 4354 1428 4420 προπεριςπαςτέον
1471 4351 1537 4419 b,
1593 4369 2003 4420 περιςπαςτεον
2049 4356 2092 4408 Α
2157 4356 2169 4421 Ι
2235 4358 2314 4407 13.
2351 4352 2639 4407 ἑπέκταςις
2676 4354 2800 4420 ΑΙ),
2856 4352 2974 4406 ‘vel
3015 4351 3206 4422 potius

613 4436 959 4494 ἐπεκτάςεις’
997 4434 1365 4489 Rsskrzeczka.
1406 4437 1416 4504 Ι
1459 4441 1538 4492 14.
1576 4438 2050 4506 ἑπεκτεινομὲνην
2084 4438 2121 4490 b
2158 4437 2218 4491 in
2253 4455 2371 4495 var.
2410 4437 2564 4505 lech,
2604 4454 2697 4492 επι
2733 4453 3124 4505 εκφερομενην
3159 4439 3204 4493 Α

612 4524 673 4577 et
704 4523 741 4577 b
779 4522 839 4575 in
875 4521 1052 4587 textu,
1089 4522 1559 4589 ἐπεκφερομένην
1593 4520 1818 4576 KLehrs
1881 4526 1891 4589 Ι
1959 4528 2036 4576 15.
2074 4527 2219 4578 νωιν
2256 4525 2299 4578 Α
2352 4524 2362 4591 Ι
2416 4527 2497 4577 18.
2537 4523 2624 4578 ὅτι
2657 4537 2770 4576 non
2807 4523 2960 4577 recte
2995 4522 3204 4577 habere

614 4607 839 4660 videtur
873 4603 1180 4671 KLehrsiO,
1214 4604 1288 4672 <6
1323 4606 1551 4674 τόνος),
1590 4608 1678 4660 ὅτι
1713 4604 2075 4661 RSchneider
2112 4609 2121 4675 Ι
2159 4609 2248 4663 ὅτι
2282 4609 2653 4663 ἐπεκτέταται
2698 4605 3047 4677 superfluum
3084 4623 3204 4661 esse

613 4693 807 4745 censet
839 4687 1190 4759 Jouttentag
1218 4692 1228 4755 Ι
1258 4691 1351 4745 ἐπὶ
1382 4691 1584 4745 τέλους
1618 4691 1767 4748 ἑςτίν
1802 4693 1892 4746 ὅτι
1916 4691 2073 4747 delet
2099 4692 2326 4763 GUhlig
2355 4697 2364 4757 Ι
2395 4693 2475 4749 ὡς
2499 4691 2801 4747 addubitat
2821 4690 3202 4757 RSkrzeczka,

614 4776 804 4829 καθὼς
840 4773 1199 4829 scribendum
1235 4789 1353 4828 cese
1389 4776 1557 4843 putant
1588 4773 1941 4846 JGuttentag
1969 4778 1979 4845 Ι
2008 4783 2092 4833 20.
2130 4776 2419 4847 inscriptio
2454 4793 2584 4845 περι
2619 4780 3025 4846 πληθυντικῶν
3052 4792 3203 4844 πρω

614 4875 886 4914 τοτυπων
922 4857 1151 4915 maium.
1189 4860 1232 4913 Α
1263 4867 1273 4924 Ι
1304 4862 1397 4914 καὶ
1433 4858 1647 4915 delevit
1678 4857 2046 4916 RSkrzeczka
