3738 5530
669 413 786 478 158
1572 414 1752 465 ΠΕΡΙ
1788 412 2349 469 ΕΠῙΡΡΗΜΑΤΩΝ.

1689 523 2208 572 ρ.668,1-570,1δ

662 621 880 700 (παρὰ
924 620 998 684 τὸ
1044 620 1158 701 ὅς)
1218 620 1288 686 ἐν
1342 617 1815 702 μονοςυλλαβίᾳ
1871 618 2149 698 ἐφύλαξε
2195 618 2313 696 τὴν
2372 618 2761 699 βραχύτητα,
2818 616 3258 700 λεγόμε<νον>

661 721 769 786 ὁτὲ
814 723 929 800 μὲν
974 724 1131 800 μετὰ
1174 723 1554 802 ςυνδέςμου,

1318 824 1429 889 ἅτε
1475 822 1795 902 παρθένος
1844 821 1920 900 (Χ
1976 821 2154 906 127),

660 924 770 990 ὁτὲ
816 927 886 990 δὲ
932 928 1090 1006 μετὰ
1132 926 1527 1005 προθέςεως,
1576 925 1801 1005 καθά,
1848 924 2236 1006 καθάπερ,
2282 924 2496 988 καθότι
2537 926 2639 989 καὶ
2680 925 2756 988 τὸ
2803 923 3256 1006 ἰςοδυναμοῦν,
3308 942 3334 980 ⁵

921 1026 1081 1093 ὥςτε
1128 1028 1297 1092 λέων
1342 1028 1537 1107 ἐχάρη
1586 1027 1657 1106 (Γ
1702 1025 1847 1106 23),

660 1132 868 1194 καθώ
887 1150 935 1193 ς.
986 1167 1058 1176 --
1108 1128 1273 1194 ἔςτιν
1320 1129 1439 1194 οὖν
1481 1130 1555 1194 ἐν
1602 1129 1907 1210 ἀποκοπῇ
1952 1131 2068 1192 τοῦ
2116 1128 2266 1208 βάλε
2323 1127 2449 1212 (ὅτι
2495 1129 2565 1192 δὲ
2612 1128 2714 1192 καὶ
2760 1127 2880 1192 δύο
2920 1128 3255 1207 ςυλλαβῶν

659 1230 960 1309 ἀποκοπή
1007 1230 1274 1306 γίνεται,
1323 1230 1602 1295 ἐντελῶς
1646 1229 1716 1294 ἐν
1762 1236 1853 1312 τῷ
1900 1232 2045 1308 περὶ
2089 1233 2318 1294 παθῶν
2363 1228 2888 1312 παρεςτήςαμεν).
2957 1228 3255 1294 ἐντεῦθεν

656 1334 779 1412 γὰρ
825 1332 905 1398 ἂν
950 1333 1051 1396 καὶ
1095 1332 1470 1412 τεκμήραιτό
1515 1353 1636 1406 τις,
1686 1330 1774 1396 ὡς
1821 1330 1975 1395 οὐδ’
2020 1332 2271 1396 ἐντελές
2317 1330 2442 1395 ἐςτι
2487 1332 2562 1396 τὸ
2609 1332 2796 1412 βάλε,
3308 1349 3358 1388 ιο

912 1434 1063 1514 βάλε
1110 1435 1217 1512 δή,
1266 1434 1418 1514 βάλε
1463 1432 1738 1512 κηρύλος
1784 1431 1922 1511 εἴην
1967 1431 2205 1517 (Alcm.
2254 1431 2333 1494 fr.
2380 1431 2463 1494 526
2512 1430 2816 1516 Bergk⁸)‚

558 1549 620 1596 10
657 1537 895 1617 [καθώς
937 1556 1104 1601 τινες
1149 1535 1473 1617 ᾠήθηςαν]
1531 1534 1693 1612 ὅπερ
1753 1533 1956 1616 <οὐκ>
2013 1533 2402 1599 ἐπλεόναςεν
2448 1534 2518 1598 ἐν
2562 1541 2654 1618 τῷ
2711 1533 2942 1613 ἄβαλε,
3001 1535 3253 1615 (καθώς

656 1657 821 1702 τινες
869 1637 1225 1720 ᾠήθηςαν,>
1272 1637 1431 1700 καθὸ
1481 1635 1797 1702 οὐδέποτε
1841 1636 2245 1716 πλεοναςμὸς
2290 1637 2521 1701 λέξεως
2568 1634 2845 1699 λείπεται
2891 1636 2980 1699 εἰς
3024 1638 3113 1704 τὰ
3144 1641 3251 1715 δη-

658 1739 975 1816 λούμενον
1020 1740 1131 1815 τῆς
1178 1737 1427 1802 λέξεως.
1502 1737 1654 1801 οὐδὲ
1698 1739 1821 1816 γὰρ
1866 1739 1941 1803 τὸ
1989 1737 2254 1817 ἀςταφίς
2301 1738 2388 1801 εἰς
2434 1739 2510 1801 τὸ
2554 1741 2598 1800 ἃ
2643 1738 2801 1801 ποτε
2844 1739 3252 1817 μεταληφθὲν
3308 1754 3355 1793 ¹5

656 1839 933 1916 ςημαίνει
990 1840 1065 1904 τὸ
1122 1838 1310 1921 αὐτό,
1370 1838 1522 1904 οὐδὲ
1579 1840 1654 1904 τὸ
1711 1838 1883 1904 ἔειπε
1937 1844 2029 1922 τῷ
2086 1842 2136 1903 ε’.
2209 1840 2288 1902 τὰ
2342 1839 2558 1915 μέντοι
2615 1837 2839 1915 ἐντελῆ
2899 1837 3089 1919 ὄντα,
3151 1840 3253 1903 καὶ

654 1939 1155 2020 ἀποκοπτόμενα
1218 1941 1316 2004 καὶ
1374 1939 1851 2020 ἀφαιρούμενα,
1918 1939 2225 2020 φυλάςςει
2288 1940 2364 2004 τὸ
2431 1940 2868 2018 δηλούμενον·
2936 1946 3069 2005 τῶν
3125 1942 3249 2019 γὰρ

561 2054 624 2101 ιδ
659 2046 908 2121 φωνῶν
953 2042 1033 2105 τὰ
1076 2041 1265 2121 πάθη,
1312 2043 1414 2106 καὶ
1457 2041 1537 2107 οὐ
1583 2048 1713 2108 τῶν
1758 2042 2259 2121 ςημαινομένων.
2333 2040 2671 2106 ἀποκοπέν
2715 2040 2790 2105 τὸ
2835 2044 2928 2104 δῶ
2971 2043 3252 2120 ςημαίνει

651 2142 727 2207 τὸ
782 2146 995 2219 δῶμα·
1055 2142 1404 2222 ἀφαιρεθὲν
1459 2145 1535 2207 τὸ
1590 2143 1792 2207 ἐθέλω
1836 2146 1955 2207 τοῦ
2000 2147 2034 2207 ἒ
2077 2144 2151 2208 τὸ
2197 2143 2355 2206 αὐτὸ
2401 2143 2710 2222 ςημαίνει,
2767 2143 2844 2207 τὸ
2889 2142 3091 2222 θέλω,
3147 2145 3250 2208 καὶ
3302 2160 3354 2200 20

653 2243 743 2308 ἔτι
807 2245 1324 2323 προςαφαιρεθέν
1391 2244 1462 2310 ἐν
1526 2251 1622 2328 τῷ
1687 2247 1796 2309 λῶ.
1862 2281 1945 2336 -5
2018 2242 2057 2308 ὁ
2117 2243 2314 2319 λόγος
2372 2243 2736 2326 καθολικός,
2795 2244 2989 2322 χωρὶς
3047 2244 3101 2309 εἰ
3167 2248 3247 2324 μὴ

658 2346 765 2411 ὑπ’
796 2344 1185 2425 ἀμφιβολίαν
1232 2346 1412 2410 πέςοι
1442 2368 1534 2422 τι,
1581 2345 1656 2424 ἧς
1699 2346 1800 2411 καὶ
1828 2347 1909 2410 τὰ
1941 2347 2135 2410 λοιπὰ
2165 2353 2296 2410 τῶν
2329 2346 2567 2411 λέξεων
2601 2345 2952 2410 ἀπολύεται
2983 2348 3087 2410 διὰ
3116 2353 3249 2412 τῶν

655 2448 1179 2528 ςυμφερομένων.
1228 2487 1299 2495 -
1349 2448 1425 2512 τὸ
1471 2447 1596 2526 ἄρα
1641 2446 1682 2511 ἆ
1725 2446 2017 2525 ἀπεκόπη
2072 2448 2177 2512 διὰ
2219 2447 2295 2511 τὸ
2342 2447 2412 2511 ἐν
2458 2447 2631 2531 αὐτῷ
2676 2448 3100 2530 δηλούμενον,
3146 2451 3248 2513 καὶ

547 2561 614 2610 20
649 2550 724 2613 τὸ
771 2550 924 2629 βάλε
970 2549 1297 2630 ἀφαίρεςις
1343 2551 1448 2614 διὰ
1489 2552 1566 2615 τὸ
1613 2550 1682 2615 ἐν
1730 2552 1933 2632 λεκτῷ
1978 2548 2549 2627 καταλιμπάνεςθαι
2591 2549 2667 2613 τὸ
2714 2551 2770 2612 ἆ.
3136 2633 3147 2642 „
3298 2569 3350 2608 25

818 2754 913 2819 Τὰ
974 2752 1062 2819 εἰς
1127 2758 1210 2818 ἂν
1278 2756 1560 2833 λήγοντα
1625 2753 2018 2833 ἐπιρρήματα
2072 2752 2143 2818 ἐν
2200 2759 2417 2836 μακρῷ
2474 2752 2600 2818 ἐςτὶ
2652 2758 2744 2837 τῷ
2801 2756 2878 2830 ἇ,
2944 2753 3116 2820 τάςει
3174 2755 3252 2819 δὲ·

650 2856 901 2939 βαρείᾳ,
962 2855 1053 2920 ὡς
1097 2856 1229 2936 ἔχει
1272 2857 1347 2920 τὸ
1394 2857 1599 2937 λίᾱν,
1646 2856 1883 2938 ἄγᾶν,
1934 2855 2209 2934 πέρᾶν.
2260 2891 2335 2900 -
2394 2856 2733 2921 δεδείξεται
2775 2858 2899 2933 γὰρ
2943 2856 3019 2920 τὸ
3066 2855 3244 2938 ὅτᾶν,

652 2956 750 3020 ὅτι
795 2957 916 3020 δύο
963 2958 1116 3036 μέρη
1165 2957 1367 3035 λόγου
1412 2958 1603 3034 ἐςτίν,
1659 2957 1729 3021 ἔκ
1770 2977 1840 3021 τε
1885 2960 2004 3021 τοῦ
2049 2955 2157 3020 ὅτε
2205 2956 2631 3034 ἐπιρρήματος
2673 2956 2773 3019 καὶ
2818 2961 2934 3021 τοῦ
2979 2956 3060 3022 ἄν
3106 2978 3244 3024 ςυν-

652 3058 918 3139 δέςμου,
976 3059 1047 3123 ἐν
1094 3060 1147 3142 ᾧ
1196 3061 1565 3137 δεδείξεται,
1622 3058 1720 3123 ὅτι
1763 3061 1868 3123 καὶ
1921 3058 2412 3141 ἀνταποδοτικῷ
2469 3061 2691 3136 χρῆται
2737 3057 2775 3121 ὁ
2829 3062 3094 3139 ποιητὴς
3149 3067 3241 3144 τῷ
3294 3077 3347 3117 ao

544 3172 611 3220 25
645 3159 876 3241 τόταν,
935 3160 1034 3224 καὶ
1078 3160 1235 3225 πότε
1281 3160 1669 3243 <περιςςῶς>
1726 3159 1999 3236 ἔγκειται
2045 3158 2082 3222 ὁ
2130 3158 2210 3224 ἄν
2258 3159 2634 3239 ςύνδεςμος,
2694 3159 2863 3235 λέγω
2920 3160 2992 3226 ἐν
3036 3180 3239 3240 παρα-

645 3262 1141 3343 πληρωματικῷ,
1201 3263 1303 3325 καὶ
1345 3263 1504 3326 πότε
1550 3261 1651 3326 οὔ.
1700 3299 1781 3309 -
1838 3261 2018 3325 Ἀλλ’
2062 3260 2218 3325 οὐδὲ
2274 3262 2348 3325 τὸ
2393 3261 2659 3340 πάμπᾶν
2714 3261 2960 3337 ἄλογον
3016 3262 3096 3328 ἂν
3141 3262 3238 3343 εἴη

646 3362 751 3426 διὰ
795 3364 910 3441 τὴν
958 3365 1267 3442 ςυςτολὴν
1312 3369 1431 3428 τοῦ
1477 3369 1545 3428 ἇ·
1590 3362 1843 3429 ἅπαντα
1885 3363 2008 3442 γὰρ
2039 3364 2118 3427 τὰ
2147 3362 2214 3427 ἐξ
2247 3362 2593 3440 ὀνομάτων
2633 3364 3239 3445 μεταλαμβανόμενα
3276 3381 3377 3431 569

783 3547 999 3603 Anava.
1057 3553 1089 3601 6
1113 3547 1194 3601 Ex
1232 3550 1403 3614 ἄβαλε
1439 3565 1542 3619 per
1577 3563 1866 3618 apocopen
1905 3549 1969 3614 ἃ,
2006 3564 2108 3616 per
2144 3547 2476 3616 aphaeresin
2502 3549 2633 3612 βάλε
2658 3548 2921 3602 nascitur.
2946 3580 3011 3589 -
3035 3557 3067 3604 9
3092 3550 3237 3606 Nam

651 3632 699 3683 εἰ
735 3636 770 3684 ἆ
807 3630 863 3684 in
900 3633 1072 3698 ἄβαλε
1109 3632 1478 3698 redundaret,
1527 3650 1629 3701 per
1673 3650 1731 3687 se
1774 3633 1959 3700 ipsum
2007 3631 2148 3685 nihil
2184 3631 2417 3685 valeret.
2496 3632 2795 3700 Nunquam
2834 3634 2985 3688 enim
3020 3635 3241 3703 syllaba

645 3715 969 3770 redundans
1003 3716 1155 3770 idem
1195 3722 1365 3785 atque
1403 3733 1509 3771 vox
1547 3718 1771 3785 integra
1804 3716 2098 3785 significat.
2136 3746 2197 3754 —
2237 3722 2299 3768 21
2336 3718 2382 3783 2)
2417 3717 2706 3771 Adverbia
2737 3719 2792 3771 in
2831 3726 2901 3772 αν·
2937 3719 3164 3790 longam
3202 3726 3237 3775 ἃ

641 3800 856 3855 habent
899 3802 958 3855 et
1002 3802 1277 3870 barytona
1319 3804 1463 3855 sunt.
1549 3800 1674 3855 Non
1720 3803 2002 3870 repugnat
2037 3802 2240 3865 ὄτ-ᾶνς
2286 3817 2472 3867 neque
2519 3802 2791 3856 absonum
2831 3806 3107 3868 πάμ·πᾰν
3142 3805 3236 3859 ad-

641 3885 930 3953 verbium,
976 3903 1107 3940 nam
1155 3886 1327 3940 etiam
1372 3886 1429 3939 in
1477 3887 1701 3953 ςύμπαν
1750 3888 1983 3954 πρόπαν
2034 3885 2248 3939 neutris
2291 3885 2327 3938 ’ἀ
2372 3886 2700 3956 corripitur;
2744 3887 2998 3955 itemque
3045 3890 3103 3944 in
3140 3891 3237 3943 ad-

641 3971 836 4024 verbio
873 3974 1124 4038 πάμπαν.

777 4141 967 4195 Βιεοιι.
1011 4160 1211 4195 scam.
1271 4149 1316 4195 1.
1355 4142 1614 4195 lacunam
1651 4140 1798 4211 expl.
1829 4140 2109 4195 GDronke
2140 4141 2150 4208 Ι
2179 4140 2437 4194 lacunam
2475 4141 2620 4211 expl.
2645 4142 2682 4195 b
2713 4143 2722 4210 Ι
2756 4149 2833 4196 10.
2863 4147 3049 4198 καθώς
3085 4162 3234 4199 τινες

641 4228 907 4296 ᾡήθηςαν
942 4226 1287 4296 transposuit
1322 4224 1547 4296 GUhlig
1610 4233 1618 4290 Ι
1683 4228 1786 4281 οὐκ
1823 4227 1951 4284 add.
1990 4224 2211 4295 GUhlig
2262 4228 2272 4291 Ι
2327 4231 2409 4283 12.
2453 4229 2524 4279 τὸ
2560 4228 2798 4294 ἀςταφίς
2834 4228 2912 4283 εἰς
2948 4232 3016 4283 τὸ
3052 4234 3087 4283 ἃ
3137 4232 3237 4284 aut

636 4315 744 4365 τοῦ
782 4312 1018 4380 ἀςταφίς
1054 4315 1124 4366 τὸ
1159 4317 1196 4365 ἃ
1232 4311 1268 4365 b
1305 4311 1364 4364 in
1402 4327 1516 4365 var.
1551 4310 1667 4365 leet
1700 4353 1714 4378 ,
1751 4317 1854 4366 τοῦ
1894 4326 2130 4378 αςταφις
2166 4311 2246 4366 εἰς
2281 4312 2351 4363 τὸ
2376 4317 2412 4364 ἃ
2438 4312 2529 4366 Ab
2554 4311 2610 4365 in
2636 4313 2797 4365 textu
2830 4316 2838 4378 Ι
2874 4320 2953 4371 13.
2977 4317 3047 4368 τὸ
3072 4317 3233 4380 αὐτό,

637 4398 771 4451 οὐδὲ
804 4399 875 4450 τὸ
912 4395 1220 4462 GDronke‚
1253 4399 1325 4450 τὸ
1359 4402 1655 4463 τοιοῦτον,
1692 4398 1825 4451 οὐδὲ
1859 4403 1947 4465 τῷ
1984 4397 2078 4452 Ab
2145 4400 2154 4463 Ι
2216 4398 2286 4450 τὸ
2323 4399 2476 4450 ἔειπε
2516 4397 2592 4451 εἰς
2630 4401 2699 4452 τὸ
2736 4403 2769 4451 ’ἐ
2805 4400 2905 4451 aut
2938 4405 3043 4454 τοῦ
3081 4402 3232 4454 ἔειπε

636 4484 706 4535 τὸ
730 4487 766 4536 ἐ’
787 4480 826 4534 b
851 4482 908 4535 in
934 4499 1055 4537 var.
1082 4481 1211 4536 lect.
1243 4487 1252 4547 Ι
1286 4487 1364 4535 16.
1400 4497 1622 4534 comma
1644 4483 1772 4549 post
1794 4485 1827 4535 ἒ
1855 4480 2071 4535 delevit·
2104 4481 2164 4534 et
2185 4482 2316 4549 post
2338 4482 2590 4549 ςημαίνει
2615 4483 2806 4551 posuit
2829 4481 3197 4539 RSkrzeezka
3222 4488 3227 4497 ‘

635 4570 705 4621 τὸ
739 4570 895 4623 θέλω
932 4567 1053 4635 Ab,
1091 4568 1236 4634 (ἐν)
1273 4573 1357 4634 τῷ
1393 4568 1546 4621 θέλω
1584 4565 1863 4620 GDronke
1917 4569 1928 4632 Ι
1981 4572 2062 4624 17.
2099 4568 2161 4620 ἐν
2196 4571 2280 4633 τῷ
2318 4570 2403 4621 λῶ
2440 4566 2562 4633 Ab,
2599 4570 2746 4632 (τοῦ
2783 4556 2888 4637 δε)
2924 4569 2986 4622 ἐν
3022 4575 3108 4638 τῷ
3146 4572 3230 4623 λῶ

638 4640 1082 4706 GFSehoemann
1130 4654 1139 4719 Ι
1192 4657 1269 4705 18.
1304 4668 1383 4716 τι,
1422 4653 1490 4717 ἧς
1527 4648 1834 4717 GDronke‚
1873 4651 1944 4704 δι’
1976 4650 2049 4717 ἦν
2088 4649 2180 4705 Ab
2228 4653 2238 4718 Ι
2285 4657 2366 4704 19.
2403 4651 2439 4705 ἃ
2475 4650 2853 4718 RSchneider,
2891 4655 3049 4720 ἄλφα
3084 4654 3178 4708 ΑΙ)
3220 4656 3227 4721 Ι

636 4737 903 4805 ἀποκοπή
930 4753 1031 4806 pro
1056 4737 1320 4803 ἀπεκόπη
1346 4734 1571 4804 GUhlig
1599 4738 1608 4802 Ι
1638 4742 1720 4789 20.
1750 4735 2038 4802 ἀφαίρεςις
2064 4733 2453 4802 RSkrzeczka,
2491 4738 2784 4805 ἀφαίρεςιν
2812 4741 2853 4792 Α
2870 4737 2933 4804 b,
2971 4740 3231 4807 ἀφῃρέθη

636 4820 915 4875 GDronke
966 4827 974 4888 Ι
1021 4828 1103 4875 24.
1140 4823 1227 4875 ὅτι
1267 4819 1513 4886 ΚΙιοΙιτε,
1551 4822 1692 4875 πότε
1729 4820 1823 4874 Ab
1872 4822 1881 4886 Ι
1928 4822 2382 4874 ανταποδωτικω
2418 4821 2462 4874 Α
2495 4825 2505 4890 Ι
2544 4820 2625 4876 25‘.
2664 4825 2865 4877 ετόταν
2900 4822 2994 4876 vel
3030 4825 3096 4876 ut
3130 4839 3233 4877 nos

634 4907 770 4962 τότ’
802 4906 896 4960 ἄν’
932 4904 1175 4973 KLehm,
1209 4907 1344 4962 τότε
1384 4908 1425 4961 Α
1468 4930 1476 4977 Ι
1516 4912 1786 4976 περιςςῶς
1821 4904 1952 4962 add.
1992 4903 2216 4959 KLehrn
