3738 5530
608 412 619 423 ι
704 331 790 395 60
876 331 1318 386 Commentarius
1346 332 1571 387 criticus
1601 334 1659 387 et
1685 333 2006 400 exegeticus
2035 332 2094 387 in
2123 332 2408 403 Apollonii
2438 332 2666 402 Dyscoli
2695 333 2908 403 scripta
2933 331 3164 388 minora.

700 519 821 561 non
853 504 1060 576 potuit.
1152 502 1284 561 Hoc
1336 521 1519 562 unum
1571 506 1704 576 fieri
1736 507 1928 578 potest
1970 508 2036 563 ut
2081 521 2201 563 esse
2235 505 2470 578 primae
2515 504 2870 564 secundaeve
2903 505 3171 578 patrima
3213 520 3313 562 ne-

696 595 881 666 getur,
928 594 1082 652 velut
1123 595 1393 651 nentrum
1435 593 1658 652 indicat
1698 610 1804 653 nec
1845 594 2237 653 masculinum
2281 612 2385 653 nec
2426 594 2774 667 femlnimcm
2821 611 2972 664 esse,-
3016 594 3098 653 ad
3132 610 3310 667 quam

701 699 825 741 rem
859 682 1310 757 siqniftcandam
1347 676 1812 753 ἀλλοδαπός,
1858 687 1925 741 ut
1949 684 2334 756 indefinitum,
2383 687 2508 742 erat
2543 686 2745 757 aptum
2784 684 2886 758 32,
2909 683 3309 756 22—33,12.

705 769 790 831 cf.
837 774 992 848 synt.
1044 773 1190 845 190,
1209 772 1489 846 8—193,
1513 774 1611 832 10.
1702 769 1810 832 Ao
1857 772 1890 831 1
1927 774 2031 846 45,
2053 774 2287 832 8—34.

883 862 1032 936 33,1
1088 859 1460 939 JGuttentag
1502 863 1567 921 in
1612 862 1830 922 litteris
1878 862 1954 921 ad
1999 882 2093 922 me
2139 862 2297 921 datis
2344 856 2760 940 ‘Diejenigen',
2805 864 3021 938 inquit,
3068 856 3312 922 ‘welche

703 950 799 1010 die
843 949 1118 1027 Ansicht,
1174 950 1303 1010 dass
1348 945 1678 1025 ἡμεδαπός
1724 952 1820 1011 ein
1868 951 2249 1030 abgeleitetes
2296 951 2471 1012 Wort
2515 951 2638 1010 und
2683 971 3006 1028 pronomen
3053 954 3165 1024 sei,
3207 950 3308 1009 be·

701 1040 1034 1116 kampften,
1097 1040 1371 1100 scheinen
1431 1043 1575 1099 zwei
1622 1039 1926 1100 Einwfirfe
1973 1041 2248 1119 gemacht
2291 1061 2364 1100 zu
2409 1041 2627 1101 haben:
2697 1034 2780 1123 1)·
2811 1041 2943 1101 dass
2990 1040 3147 1100 dann
3196 1034 3306 1100 ἄλ-

702 1128 840 1201 λος,
904 1150 1021 1190 von
1084 1130 1218 1190 dem
1281 1124 1654 1190 ἀλλοδαπός
1709 1130 1796 1190 als
1853 1130 2035 1190 dritte
2079 1128 2411 1209 Ableitung
2469 1150 2545 1191 an
2592 1127 2767 1206 ἡμεδ.
2817 1131 2937 1189 und
2984 1126 3156 1204 ὑμεδ.
3204 1149 3307 1188 an·

700 1219 929 1297 gereiht
979 1220 1215 1279 werden
1274 1224 1468 1280 mfisse
1485 1264 1499 1293 ,
1565 1219 1717 1278 auch
1770 1221 1865 1280 ein
1921 1240 2243 1297 pronomen
2298 1229 2453 1280 ware
2469 1267 2484 1297 ,
2549 1220 2670 1279 und
2738 1212 2805 1300 2)
2854 1220 2984 1280 dass
3038 1219 3308 1279 flberdies

701 1303 1071 1370 ἀλλοδαπός
1128 1310 1215 1368 als
1272 1309 1483 1369 drittes
1538 1329 1609 1368 zu
1655 1305 1831 1384 ἡμεδ.
1879 1310 2002 1369 und
2048 1306 2223 1385 ὑμεδ.
2272 1311 2581 1388 angereiht
2626 1309 2954 1369 auffallend
3001 1312 3111 1383 sei,
3159 1309 3313 1367 denn

700 1394 1031 1474 ςφεδαπός
1078 1399 1250 1458 sollte
1295 1418 1433 1458 man
1481 1393 1813 1459 erwarten'.
1906 1398 2100 1469 Quare
2147 1402 2286 1459 ante
2332 1399 2493 1475 χρῆν
2539 1395 2663 1474 γὰρ
2710 1402 3086 1459 enuntiatum
3129 1401 3310 1457 inter·

701 1487 910 1548 cidisse
975 1491 1186 1548 censet.
1279 1487 1394 1547 Sed
1460 1508 1591 1547 cum
1657 1489 1806 1548 alios
1871 1492 2186 1566 scriptores
2251 1492 2380 1549 tum
2426 1489 2539 1566 Ap.
2596 1491 2736 1548 ante
2799 1484 2922 1564 γάρ
2988 1483 3127 1548 ἐπεί
3181 1488 3308 1546 sim.

698 1580 935 1656 integra.
996 1579 1306 1637 enuntiata
1361 1580 1632 1637 omittere
1696 1577 1773 1637 ad
1823 1581 1925 1653 14,
1949 1581 2027 1639 13
2075 1581 2424 1639 monuimus.
2498 1612 2573 1620 -—·
2645 1577 2916 1638 Ceterum
2963 1579 3067 1655 qui
3113 1570 3310 1637 ἄλλος

700 1686 1020 1743 pronomen
1067 1685 1192 1727 esse
1238 1666 1625 1742 contendunt,
1689 1687 1807 1727 non
1853 1672 1994 1728 sunt
2039 1667 2216 1728 iidem
2263 1668 2516 1745 putandi
2562 1672 2665 1745 qui
2710 1665 2885 1743 ἡμεδ.
2933 1662 3108 1740 ὑμεδ.
3156 1666 3306 1725 deri·

700 1759 907 1816 vativa
950 1774 1075 1817 esse
1118 1757 1445 1834 negabant3
1490 1759 1671 1817 immo
1716 1758 1853 1818 illos
1899 1761 1988 1818 ita
2032 1758 2339 1834 loquentes
2384 1759 2531 1818 facit
2576 1757 2708 1834 Ap.,
2752 1761 2821 1816 ut
2866 1775 3019 1833 quae
3063 1759 3190 1832 ipse
3234 1755 3307 1814 de

699 1841 875 1920 ἡμεδ.
923 1841 1098 1920 ὑμεδ.
1143 1847 1448 1923 praecepit
1491 1850 1555 1906 in
1600 1865 1772 1907 suum
1819 1866 1990 1907 usum
2036 1850 2399 1908 convertant.

882 1936 986 2010 33,
1006 1937 1043 1995 3
1094 1931 1398 2008 ἐπάγεται
1443 1935 1582 1997 ταῖς
1629 1930 1794 2016 ἀντ.]
1844 1932 1930 1996 ‘in
1976 1939 2393 2015 pronominum
2436 1938 2633 1997 locum
2679 1929 3113 2011 substituitur'3
3156 1934 3312 1994 idem

703 2028 794 2083 est
841 2020 1249 2101 ἐπιφέρεςθαι
1295 2026 1333 2084 l.
1373 2027 1429 2084 4.

884 2115 1227 2189 33,5-10
1273 2115 1344 2174 cf.
1393 2114 1572 2175 Prisc.
1620 2115 1768 2174 XIII
1809 2116 1892 2176 35
1939 2136 1995 2193 p.
2040 2118 2141 2192 22,
2164 2117 2439 2176 23—25.

883 2204 985 2279 33,
1007 2205 1044 2264 5
1112 2199 1243 2264 ‘hat
1304 2201 1743 2280 ὑποκειμένων
1796 2207 2010 2266 keinen
2057 2205 2232 2265 Sinn:
2296 2224 2356 2265 es
2411 2207 2493 2266 ist
2543 2206 2658 2264 mit
2702 2203 3142 2283 Vergleichung
3195 2221 3311 2261 von

702 2293 885 2353 Prisc.
914 2293 1061 2352 XIII
1101 2295 1182 2354 35
1216 2293 1272 2352 S.
1307 2296 1408 2369 22,
1431 2296 1510 2353 25
1552 2287 1720 2375 (ergo
1756 2315 1865 2355 nec
1900 2315 2223 2372 pronomen
2259 2294 2373 2355 hoc
2409 2313 2532 2355 esse
2570 2297 2796 2354 certum
2833 2296 2938 2367 est,
2975 2312 3094 2353 non
3123 2293 3313 2352 solum

704 2387 861 2442 enim
916 2403 1034 2443 non
1088 2383 1222 2443 finit
1275 2401 1583 2460 personae,
1646 2384 1749 2444 sed
1797 2388 1980 2445 etiam
2025 2385 2476 2464 abnegationem
2524 2383 2705 2443 habet
2748 2373 3084 2462 finitarum)
3131 2378 3312 2456 ὼρις-

707 2469 920 2547 μένων
967 2493 1037 2532 zu
1083 2474 1262 2547 lesen,
1306 2492 1429 2533 was
1477 2474 1628 2533 auch
1674 2473 1860 2534 durch
1906 2476 2029 2534 cod.
2069 2474 2253 2535 Paris.
2297 2475 2423 2534 387
2471 2473 2572 2532 fol.
2617 2475 2769 2533 219lr
2811 2475 2876 2532 in
2914 2472 3016 2532 der
3053 2470 3314 2531 Vorrede

702 2583 774 2621 zu
810 2561 919 2622 AO
957 2562 987 2621 I
1023 2582 1065 2623 s.
1105 2562 1194 2621 VI
1236 2563 1523 2641 beststigt
1566 2564 1742 2623 wird:
1788 2561 1865 2624 τὸ
1914 2559 2111 2624 ἄλλος
2158 2560 2558 2639 ἀναιρετικόν
2607 2559 2733 2622 ἑςτι
2778 2562 2910 2622 τῶν
2949 2557 3316 2636 ὼριςμένων

704 2648 1098 2727 προςώπων,
1164 2652 1282 2730 vgl.
1332 2652 1481 2712 auch
1528 2673 1572 2711 z.
1626 2648 1733 2713 25⁹
1779 2653 2060 2732 Egenolff
2098 2654 2126 2711 I
2168 2655 2311 2713 840.
2412 2652 2605 2713 Valde
2667 2652 2876 2712 dubito
2941 2652 3093 2711 sitne
3153 2646 3313 2709 ὑπο·

703 2737 994 2816 κείμενον
1039 2742 1461 2822 respuendum
1506 2738 1582 2803 τὸ
1629 2738 2070 2818 ὑποκείμενον,
2118 2743 2189 2803 de
2237 2762 2354 2820 quo
2402 2761 2591 2805 sermo
2638 2745 2730 2803 est
2773 2742 2868 2803 vel
2915 2743 3062 2816 erat,
3105 2743 3317 2800 notum

706 2834 786 2891 sit
848 2850 1081 2892 necesse
1145 2835 1267 2907 est3
1330 2837 1508 2909 atque
1572 2833 1683 2893 hoc
1744 2836 1876 2910 ipso
1940 2829 2412 2908 γινωςκόμενον
2475 2833 2763 2893 vocabulo
2832 2834 3023 2891 utitur
3075 2831 3186 2908 Ap.
3243 2829 3318 2889 de

708 2921 915 2980 eadem
970 2941 1034 2980 re
1091 2920 1401 2998 disputans
1457 2924 1612 2999 synt.
1664 2923 2001 2998 193,1—-5
2052 2919 2156 2984 ἐπὶ
2201 2919 2324 2998 γὰρ
2371 2919 2587 2998 τρίτον
2633 2916 3156 2996 γινωςκόμενα
3201 2916 3317 2993 μὲν

705 3005 785 3069 τὰ
832 3005 985 3084 ἔθνη
1033 3008 1599 3087 παραληφθήςεται
1646 3007 1865 3073 αὐτοῖς
1902 3013 2039 3074 τοῖς
2076 3008 2358 3087 ὀνόμαςι,
2405 3008 2616 3072 καθὼς
2653 3007 2920 3087 ἔφαμεν,
2968 3006 3060 3071 οὐ
3099 3005 3318 3084 μέντοι

706 3096 1229 3173 γινωςκόμενα
1291 3091 1697 3176 παραγωγὴν
1756 3096 2131 3165 ἀναδέξεται
2197 3098 2262 3164 ἐξ
2327 3096 2648 3177 ὀνόματος
2711 3099 2828 3161 τοῦ
2894 3095 3319 3174 ἀναιροῦντος

707 3185 837 3249 τὰς
901 3184 1142 3250 θέςεις
1208 3189 1357 3251 τῶν
1418 3185 1845 3265 ὀνομάτων,
1911 3187 2081 3263 λέγω
2137 3191 2254 3252 τοῦ
2303 3185 2538 3251 ἄλλων.
2630 3186 2708 3249 τὸ
2763 3185 2886 3263 γὰρ
2944 3182 3319 3249 ἀλλοδαπός

706 3273 1066 3353 ἀποφάςκει
1113 3275 1190 3338 τὸ
1236 3275 1360 3353 οὐχ
1404 3276 1731 3354 ἡμεδαπός
1778 3276 1962 3352 ἐςτιν,
2010 3277 2132 3355 οὐχ
2178 3276 2523 3354 ὑμεδαπός,
2571 3275 2689 3340 οὐκ
2733 3273 3090 3352 Ἀθηναίων
3135 3271 3315 3337 πολί-

707 3383 835 3441 της.
901 3363 1035 3428 κατ’
1082 3364 1321 3430 οὐδένα
1385 3365 1585 3440 λόγον
1651 3364 1776 3446 ἄρα
1839 3369 1975 3431 τοῖς
2041 3365 2503 3445 ἀντωνυμικοῖς
2559 3366 2809 3439 ςυζυγεῖ
2867 3363 2942 3427 τὸ
3010 3359 3146 3448 (scr.
3194 3357 3317 3446 τῷ)

704 3452 1033 3531 ἡμεδαπός
1079 3454 1182 3518 καὶ
1225 3453 1575 3534 ὑμεδαπός,
1640 3454 1802 3520 κατὰ
1848 3458 1921 3520 δὲ
1968 3455 2288 3534 ἀναίρεςίν
2353 3451 2512 3539 (add.
2563 3448 2716 3539 ἐςτι)
2772 3455 2905 3517 τῶν
2951 3470 3311 3530 προειρη-

709 3542 956 3620 μένων
1003 3543 1117 3624 (=-
1157 3543 1624 3625 ὑποκειμένων)
1675 3544 1898 3609 ἐθνῶν.

772 3693 779 3700 .
887 3636 1087 3711 33‚11
1143 3638 1214 3697 cf.
1261 3634 1369 3697 Ao
1417 3636 1448 3695 1
1486 3639 1591 3713 45,
1614 3640 1713 3696 24.

883 3719 1153 3787 Ἄλλος
1187 3743 1514 3801 pronomen
1559 3745 1702 3796 esse,
1762 3744 1881 3786 non
1923 3730 2115 3801 potest
2158 3745 2226 3787 ex
2272 3744 2341 3786 ea
2384 3744 2449 3785 re
2493 3726 2682 3800 colliyi
2745 3725 2811 3798 a)
2859 3724 3011 3798 quod
3056 3725 3311 3783 vocativo

707 3818 879 3874 caret.
969 3815 1132 3874 Nam
1178 3810 1409 3876 ἄλλος
1455 3833 1650 3876 omnes
1684 3834 1976 3890 personas
2021 3817 2222 3876 tollens
2267 3818 2440 3876 etiam
2482 3816 2799 3874 secundam
2841 3817 3112 3881 removet,
3169 3829 3319 3887 quae

704 3906 840 3978 ipsa
880 3908 1133 3964 vocativo
1170 3906 1544 3980 compellatur
1572 3907 1676 3980 33,
1699 3907 1976 3965 13-16,
2013 3939 2088 3947 —
2141 3905 2204 3980 b)
2242 3900 2556 3964 ‘Neutrum
2598 3907 2712 3963 exit
2745 3907 2810 3963 in
2845 3900 2904 3972 ὃ,
2951 3906 3018 3962 ut
3049 3906 3322 3962 neutrum

708 3988 937 4053 αὐτός
994 3990 1288 4056 ἐκεῖνος
1334 3990 1789 4069 pronominum’.
1880 3994 1997 4055 Sed
2039 3996 2144 4055 hoc
2189 3999 2272 4054 est
2315 3998 2519 4054 vitium
2568 3997 2746 4062 vocis,
2794 3993 2947 4068 qnod
2988 3993 3058 4051 in
3101 4007 3321 4065 compo-

706 4085 837 4142 sitis
889 4084 1108 4143 tollitur
1164 4085 1566 4158 33,17—19.
1639 4117 1713 4125 ——-
1784 4083 1839 4158 c)
1890 4079 2231 4145 ‘Genetiws
2275 4085 2536 4158 pluralis
2589 4086 2743 4144 vocis
2800 4076 3032 4142 ἄλλος
3079 4084 3320 4140 circ-mur

706 4174 954 4244 flectitur
990 4190 1030 4231 a
1063 4173 1467 4243 Don‘enslbus,
1515 4175 1668 4248 quod
1714 4177 1888 4234 etiam
1921 4177 2340 4249 pronominum
2385 4167 2612 4234 οὗτος
2661 4177 2712 4232 et
2754 4171 2985 4246 τῆνος
3021 4173 3321 4245 ρεηειὶυιιε
3390 4188 3398 4196 ·

696 4262 860 4336 plur.
908 4259 1411 4336 cirmaectitur’.
1502 4263 1616 4324 Secl
1678 4266 1733 4323 st
1786 4266 1928 4339 quid
1989 4267 2056 4324 in
2117 4264 2378 4324 dialectis
2442 4281 2574 4323 cwm
2618 4263 2836 4338 leyibus
2882 4277 3032 4335 qaae
3076 4261 3148 4318 de
3193 4263 3322 4318 tono

706 4352 903 4412 valent
935 4357 1185 4427 mnat,
1231 4354 1335 4413 hoc
1378 4371 1497 4413 non
1539 4356 1735 4428 ipsam
1778 4355 2116 4428 qualitatem
2162 4346 2252 4435 (et
2285 4343 2656 4432 merismum)
2700 4353 2863 4410 illius
2899 4352 3055 4409 vocis
3089 4348 3325 4409 sustulit

709 4432 835 4522 (vel
879 4434 1183 4525 mutavit).
1275 4443 1556 4503 Fortasse
1611 4446 1783 4503 etiam
1835 4445 1990 4518 quod
2045 4446 2110 4502 in
2152 4445 2507 4502 nominativo
2552 4444 2699 4515 siny.
2745 4457 3019 4499 mancum
3066 4441 3192 4498 erat
3232 4454 3322 4496 re-

707 4531 970 4604 fecerunt
1002 4532 1336 4603 Dorienses,
1385 4551 1516 4592 oum
1548 4536 1812 4615 penetivo
1848 4534 2080 4608 plurali
2125 4534 2557 4604 circwmtleaeum
2590 4531 2978 4604 imponebant,
3025 4531 3324 4601 tamqnam

707 4623 761 4678 si
806 4623 1200 4682 nominativus
1244 4624 1565 4697 sinyularc's
1602 4627 1837 4682 acutum
1867 4626 2088 4696 gereret
2135 4622 2237 4697 33,
2262 4622 2539 4681 13-24,
2618 4619 2701 4679 cf.
2732 4621 2886 4696 synt.
2922 4617 3318 4693 76,20—23.

889 4711 1273 4784 33,14—-16
1322 4713 1392 4770 cf.
1441 4711 1620 4773 Prisc.
1668 4711 1815 4770 ΧΠ]
1854 4712 1936 4770 35
1985 4730 2040 4787 p.
2085 4711 2484 4785 22,21-—23.

891 4801 994 4873 33,
1019 4803 1097 4859 19
1155 4797 1712 4877 προςλαμβάνοντι
1759 4800 2029 4859 Schmidt
2074 4800 2255 4860 Beitr.
2308 4802 2464 4875 1053
2523 4797 2682 4875 quod
2726 4797 3006 4874 probavit
3051 4794 3331 4874 Egenolff

710 4888 742 4947 I
781 4889 939 4963 839,
1001 4890 1104 4949 sed
1168 4893 1401 4950 iniuria.
1509 4885 1876 4965 Ἁμάρτημα
1921 4890 2078 4948 enim
2124 4888 2350 4965 φωνῆς
2396 4892 2487 4949 est
2530 4889 2749 4948 vitiata
2805 4887 3109 4964 analogia,
3172 4902 3325 4960 quae

710 4978 1159 5053 κατορθοῦται,
1220 4980 1598 5054 emendatur,
1652 4980 1755 5038 ubi
1808 4981 2104 5058 integram
2152 4980 2404 5038 formam
2449 4980 2512 5037 in
2558 4980 2839 5054 promptu
2883 4974 3078 5034 habet.
3174 4972 3325 5033 Con·
