<?xml version="1.0" encoding="UTF-8"?>
<!DOCTYPE html PUBLIC "-//W3C//DTD XHTML 1.0 Transitional//EN"
    "http://www.w3.org/TR/xhtml1/DTD/xhtml1-transitional.dtd">
<html xmlns="http://www.w3.org/1999/xhtml" xml:lang="en" lang="en">
 <head>
  <title>
</title>
<meta http-equiv="Content-Type" content="text/html;charset=utf-8" />
  <meta name='ocr-system' content='tesseract 3.04.00' />
  <meta name='ocr-capabilities' content='ocr_page ocr_carea ocr_par ocr_line ocrx_word'/>
</head>
<body>
  <div class='ocr_page' id='page_1' title='image "./grammaticigraec00unkngoog_0396.png"; bbox 0 0 3738 5530; ppageno 0'>
   <div class='ocr_carea' id='block_1_1' title="bbox 767 363 3281 436">
    <p class='ocr_par' dir='ltr' id='par_1_1' title="bbox 767 363 3281 436">
     <span class='ocr_line' id='line_1_1' title="bbox 767 363 3281 436; baseline -0.001 -13"><span class='ocrx_word' id='word_1_1' title='bbox 767 365 893 432; x_wconf 88' lang='lat'><strong>108</strong></span> <span class='ocrx_word' id='word_1_2' title='bbox 978 364 1422 422; x_wconf 84' lang='lat' dir='ltr'><strong>Commentarius</strong></span> <span class='ocrx_word' id='word_1_3' title='bbox 1451 365 1678 422; x_wconf 89' lang='lat' dir='ltr'><strong>criticus</strong></span> <span class='ocrx_word' id='word_1_4' title='bbox 1708 367 1767 421; x_wconf 84' lang='lat' dir='ltr'><strong>et</strong></span> <span class='ocrx_word' id='word_1_5' title='bbox 1794 364 2117 436; x_wconf 72' lang='lat' dir='ltr'><strong>exegeticus</strong></span> <span class='ocrx_word' id='word_1_6' title='bbox 2146 365 2207 420; x_wconf 86' lang='lat' dir='ltr'><strong>in</strong></span> <span class='ocrx_word' id='word_1_7' title='bbox 2236 364 2522 436; x_wconf 88' lang='lat' dir='ltr'><strong>Apollonii</strong></span> <span class='ocrx_word' id='word_1_8' title='bbox 2550 364 2782 435; x_wconf 76' lang='lat' dir='ltr'><strong>Dyscoli</strong></span> <span class='ocrx_word' id='word_1_9' title='bbox 2809 364 3022 435; x_wconf 84' lang='lat' dir='ltr'><strong>scripta</strong></span> <span class='ocrx_word' id='word_1_10' title='bbox 3046 363 3281 422; x_wconf 84' lang='lat' dir='ltr'><strong>minora.</strong></span> 
     </span>
    </p>
   </div>
   <div class='ocr_carea' id='block_1_2' title="bbox 746 529 3379 5093">
    <p class='ocr_par' dir='ltr' id='par_1_2' title="bbox 751 529 3379 2137">
     <span class='ocr_line' id='line_1_2' title="bbox 766 529 3379 612; baseline -0.001 -15"><span class='ocrx_word' id='word_1_11' title='bbox 766 532 1029 598; x_wconf 81' lang='grc' dir='ltr'>δέδοται</span> <span class='ocrx_word' id='word_1_12' title='bbox 1073 533 1392 612; x_wconf 80' lang='grc' dir='ltr'>πολεμήϊα</span> <span class='ocrx_word' id='word_1_13' title='bbox 1437 530 1659 611; x_wconf 84' lang='grc' dir='ltr'>ἔργα”.</span> <span class='ocrx_word' id='word_1_14' title='bbox 1753 530 1914 597; x_wconf 85' lang='grc' dir='ltr'>ἔςτι</span> <span class='ocrx_word' id='word_1_15' title='bbox 1970 530 2137 611; x_wconf 83' lang='grc' dir='ltr'>γάρ’,</span> <span class='ocrx_word' id='word_1_16' title='bbox 2184 551 2360 611; x_wconf 89' lang='grc' dir='ltr'>φηςι,</span> <span class='ocrx_word' id='word_1_17' title='bbox 2417 529 2776 609; x_wconf 83' lang='grc' dir='ltr'>διαςτολή</span> <span class='ocrx_word' id='word_1_18' title='bbox 2840 529 2893 596; x_wconf 90' lang='grc' dir='ltr'><strong>εἰ</strong></span> <span class='ocrx_word' id='word_1_19' title='bbox 2940 532 3012 596; x_wconf 81' lang='grc' dir='ltr'><strong>δὲ</strong></span> <span class='ocrx_word' id='word_1_20' title='bbox 3059 531 3379 608; x_wconf 81' lang='grc' dir='ltr'>διαςτολή,</span> 
     </span>
     <span class='ocr_line' id='line_1_3' title="bbox 761 619 3379 702; baseline -0.002 -15"><span class='ocrx_word' id='word_1_21' title='bbox 761 622 1261 702; x_wconf 84' lang='grc' dir='ltr'>ὀρθοτονητέον·</span> <span class='ocrx_word' id='word_1_22' title='bbox 1325 621 1425 686; x_wconf 86' lang='grc' dir='ltr'><strong>ὅτι</strong></span> <span class='ocrx_word' id='word_1_23' title='bbox 1489 622 1562 686; x_wconf 80' lang='grc' dir='ltr'><strong>δὲ</strong></span> <span class='ocrx_word' id='word_1_24' title='bbox 1617 623 1943 700; x_wconf 84' lang='grc' dir='ltr'>διαςτολή,</span> <span class='ocrx_word' id='word_1_25' title='bbox 2010 624 2211 701; x_wconf 85' lang='grc' dir='ltr'>δῆλον</span> <span class='ocrx_word' id='word_1_26' title='bbox 2267 621 2337 685; x_wconf 83' lang='grc' dir='ltr'><strong>ἐκ</strong></span> <span class='ocrx_word' id='word_1_27' title='bbox 2391 624 2507 685; x_wconf 85' lang='grc' dir='ltr'><strong>τοῦ</strong></span> <span class='ocrx_word' id='word_1_28' title='bbox 2571 619 3089 700; x_wconf 57' lang='grc' dir='ltr'>ἐπιφερομένουῆ</span> <span class='ocrx_word' id='word_1_29' title='bbox 3181 619 3379 684; x_wconf 86' lang='grc' dir='ltr'>Ἀλλὰ</span> 
     </span>
     <span class='ocr_line' id='line_1_4' title="bbox 759 709 3376 793; baseline -0.002 -17"><span class='ocrx_word' id='word_1_30' title='bbox 759 716 1024 792; x_wconf 83' lang='grc' dir='ltr'>πρῶτον</span> <span class='ocrx_word' id='word_1_31' title='bbox 1072 713 1186 790; x_wconf 83' lang='grc' dir='ltr'>μὲν</span> <span class='ocrx_word' id='word_1_32' title='bbox 1225 712 1303 778; x_wconf 81' lang='grc' dir='ltr'><strong>οὐ</strong></span> <span class='ocrx_word' id='word_1_33' title='bbox 1341 711 1596 776; x_wconf 82' lang='grc' dir='ltr'>δίδωςιν</span> <span class='ocrx_word' id='word_1_34' title='bbox 1640 710 1994 787; x_wconf 82' lang='grc' dir='ltr'>ἐγκλιτικὸν</span> <span class='ocrx_word' id='word_1_35' title='bbox 2014 712 2259 790; x_wconf 75' lang='grc' dir='ltr'>-μόριον</span> <span class='ocrx_word' id='word_1_36' title='bbox 2297 710 2527 776; x_wconf 81' lang='grc' dir='ltr'>ἐνθάδε</span> <span class='ocrx_word' id='word_1_37' title='bbox 2573 710 2654 793; x_wconf 80' lang='grc' dir='ltr'><strong>(ἡ</strong></span> <span class='ocrx_word' id='word_1_38' title='bbox 2693 711 2911 790; x_wconf 86' lang='grc' dir='ltr'>γραφή</span> <span class='ocrx_word' id='word_1_39' title='bbox 2953 713 3086 775; x_wconf 86' lang='lat' dir='ltr'><strong>add.</strong></span> <span class='ocrx_word' id='word_1_40' title='bbox 3124 709 3376 791; x_wconf 85' lang='lat' dir='ltr'><strong>Lentz&gt;·</strong></span> 
     </span>
     <span class='ocr_line' id='line_1_5' title="bbox 761 797 3374 881; baseline -0.002 -15"><span class='ocrx_word' id='word_1_41' title='bbox 761 801 801 879; x_wconf 90' lang='grc' dir='ltr'>ἡ</span> <span class='ocrx_word' id='word_1_42' title='bbox 851 800 970 866; x_wconf 84' lang='grc' dir='ltr'><strong>οὖν</strong></span> <span class='ocrx_word' id='word_1_43' title='bbox 1016 801 1253 881; x_wconf 85' lang='grc' dir='ltr'>γραφή,</span> <span class='ocrx_word' id='word_1_44' title='bbox 1302 800 1355 867; x_wconf 81' lang='grc' dir='ltr'><strong>εἰ</strong></span> <span class='ocrx_word' id='word_1_45' title='bbox 1402 802 1505 865; x_wconf 83' lang='grc' dir='ltr'><strong>καὶ</strong></span> <span class='ocrx_word' id='word_1_46' title='bbox 1552 801 1849 879; x_wconf 81' lang='grc' dir='ltr'>διαςτολή</span> <span class='ocrx_word' id='word_1_47' title='bbox 1900 800 2042 877; x_wconf 83' lang='grc' dir='ltr'>ἑςτι,</span> <span class='ocrx_word' id='word_1_48' title='bbox 2089 800 2321 866; x_wconf 86' lang='grc' dir='ltr'>κωλύει</span> <span class='ocrx_word' id='word_1_49' title='bbox 2368 799 2745 879; x_wconf 86' lang='grc' dir='ltr'>ὀρθοτονεῑν</span> <span class='ocrx_word' id='word_1_50' title='bbox 2792 801 2909 878; x_wconf 85' lang='grc' dir='ltr'><strong>τὴν</strong></span> <span class='ocrx_word' id='word_1_51' title='bbox 2948 797 3374 878; x_wconf 90' lang='grc' dir='ltr'>ἀντωνυμίαν.</span> 
     </span>
     <span class='ocr_line' id='line_1_6' title="bbox 760 888 3374 970; baseline -0.001 -15"><span class='ocrx_word' id='word_1_52' title='bbox 760 888 815 955; x_wconf 91' lang='grc' dir='ltr'><strong>εἰ</strong></span> <span class='ocrx_word' id='word_1_53' title='bbox 871 893 944 956; x_wconf 78' lang='grc' dir='ltr'><strong>δὲ</strong></span> <span class='ocrx_word' id='word_1_54' title='bbox 999 891 1095 956; x_wconf 93' lang='grc' dir='ltr'><strong>ςοί</strong></span> <span class='ocrx_word' id='word_1_55' title='bbox 1149 889 1255 969; x_wconf 86' lang='grc' dir='ltr'><strong>ἦν,</strong></span> <span class='ocrx_word' id='word_1_56' title='bbox 1321 890 1799 969; x_wconf 85' lang='grc' dir='ltr'>ὀρθοτονεῑςθαι</span> <span class='ocrx_word' id='word_1_57' title='bbox 1853 890 2139 969; x_wconf 82' lang='grc' dir='ltr'>ἠδύνατο</span> <span class='ocrx_word' id='word_1_58' title='bbox 2194 889 2501 968; x_wconf 85' lang='grc' dir='ltr'>δευτέρου</span> <span class='ocrx_word' id='word_1_59' title='bbox 2561 888 2721 955; x_wconf 84' lang='grc' dir='ltr'>οὗςα</span> <span class='ocrx_word' id='word_1_60' title='bbox 2778 889 3149 970; x_wconf 84' lang='grc' dir='ltr'>προςώπου.</span> <span class='ocrx_word' id='word_1_61' title='bbox 3212 888 3252 966; x_wconf 90' lang='grc' dir='ltr'>ἡ</span> <span class='ocrx_word' id='word_1_62' title='bbox 3298 890 3374 953; x_wconf 81' lang='grc' dir='ltr'><strong>δὲ</strong></span> 
     </span>
     <span class='ocr_line' id='line_1_7' title="bbox 760 977 3375 1059; baseline -0.001 -14"><span class='ocrx_word' id='word_1_63' title='bbox 760 980 862 1045; x_wconf 90' lang='grc' dir='ltr'><strong>τοί</strong></span> <span class='ocrx_word' id='word_1_64' title='bbox 910 980 1124 1058; x_wconf 90' lang='grc' dir='ltr'>μόνως</span> <span class='ocrx_word' id='word_1_65' title='bbox 1169 979 1501 1058; x_wconf 82' lang='grc' dir='ltr'>ἐγκλιτική.</span> <span class='ocrx_word' id='word_1_66' title='bbox 1578 980 1886 1059; x_wconf 82' lang='grc' dir='ltr'>δεύτερον</span> <span class='ocrx_word' id='word_1_67' title='bbox 1933 981 2006 1045; x_wconf 79' lang='grc' dir='ltr'><strong>δὲ</strong></span> <span class='ocrx_word' id='word_1_68' title='bbox 2044 980 2199 1045; x_wconf 79' lang='grc' dir='ltr'>οὐδὲ</span> <span class='ocrx_word' id='word_1_69' title='bbox 2237 978 2402 1045; x_wconf 82' lang='grc' dir='ltr'>ἔςτιν</span> <span class='ocrx_word' id='word_1_70' title='bbox 2442 979 2512 1043; x_wconf 83' lang='grc' dir='ltr'><strong>ἐκ</strong></span> <span class='ocrx_word' id='word_1_71' title='bbox 2548 983 2661 1058; x_wconf 87' lang='grc' dir='ltr'><strong>τῆς</strong></span> <span class='ocrx_word' id='word_1_72' title='bbox 2698 977 3104 1058; x_wconf 74' lang='grc' dir='ltr'>ἀντωνυμία(</span> <span class='ocrx_word' id='word_1_73' title='bbox 3140 978 3375 1058; x_wconf 89' lang='grc' dir='ltr'>ταύτης</span> 
     </span>
     <span class='ocr_line' id='line_1_8' title="bbox 760 1064 3371 1155; baseline -0.002 -20"><span class='ocrx_word' id='word_1_74' title='bbox 760 1070 1077 1148; x_wconf 81' lang='grc' dir='ltr'>διαςτολή.</span> <span class='ocrx_word' id='word_1_75' title='bbox 1153 1070 1229 1134; x_wconf 87' lang='grc' dir='ltr'><strong>τὸ</strong></span> <span class='ocrx_word' id='word_1_76' title='bbox 1275 1070 1398 1149; x_wconf 85' lang='grc' dir='ltr'><strong>γὰρ</strong></span> <span class='ocrx_word' id='word_1_77' title='bbox 1447 1067 1699 1134; x_wconf 74' lang='lat' dir='ltr'><strong>“rafim</strong></span> <span class='ocrx_word' id='word_1_78' title='bbox 1744 1068 1801 1134; x_wconf 82' lang='grc' dir='ltr'><strong>δ’</strong></span> <span class='ocrx_word' id='word_1_79' title='bbox 1846 1068 2033 1149; x_wconf 84' lang='grc' dir='ltr'>’Άρηῖ</span> <span class='ocrx_word' id='word_1_80' title='bbox 2078 1068 2262 1154; x_wconf 81' lang='grc' dir='ltr'>θοῷ”</span> <span class='ocrx_word' id='word_1_81' title='bbox 2312 1066 2385 1155; x_wconf 86' lang='grc' dir='ltr'><strong>(Ε</strong></span> <span class='ocrx_word' id='word_1_82' title='bbox 2422 1064 2583 1155; x_wconf 86' lang='grc'>430)</span> <span class='ocrx_word' id='word_1_83' title='bbox 2638 1069 2802 1148; x_wconf 87' lang='grc' dir='ltr'>πρὸς</span> <span class='ocrx_word' id='word_1_84' title='bbox 2847 1068 2923 1133; x_wconf 89' lang='grc' dir='ltr'><strong>τὸ</strong></span> <span class='ocrx_word' id='word_1_85' title='bbox 2970 1066 3189 1132; x_wconf 78' lang='grc' dir='ltr'>“ἀλλά</span> <span class='ocrx_word' id='word_1_86' title='bbox 3232 1066 3371 1143; x_wconf 85' lang='grc' dir='ltr'><strong>ςύγ’</strong></span> 
     </span>
     <span class='ocr_line' id='line_1_9' title="bbox 755 1154 3367 1245; baseline -0.002 -20"><span class='ocrx_word' id='word_1_87' title='bbox 755 1160 1094 1239; x_wconf 80' lang='grc' dir='ltr'>ἱμερόεντα</span> <span class='ocrx_word' id='word_1_88' title='bbox 1148 1159 1454 1239; x_wconf 87' lang='grc' dir='ltr'>μετέρχεο</span> <span class='ocrx_word' id='word_1_89' title='bbox 1510 1158 1669 1238; x_wconf 85' lang='grc' dir='ltr'>ἔργα</span> <span class='ocrx_word' id='word_1_90' title='bbox 1724 1157 2006 1238; x_wconf 85' lang='grc' dir='ltr'>γάμο10”</span> <span class='ocrx_word' id='word_1_91' title='bbox 2054 1155 2127 1245; x_wconf 88' lang='grc' dir='ltr'><strong>(Ε</strong></span> <span class='ocrx_word' id='word_1_92' title='bbox 2164 1154 2341 1245; x_wconf 87' lang='grc'>429).</span> <span class='ocrx_word' id='word_1_93' title='bbox 2417 1157 2584 1223; x_wconf 86' lang='grc' dir='ltr'>ἀλλὰ</span> <span class='ocrx_word' id='word_1_94' title='bbox 2638 1158 2742 1222; x_wconf 85' lang='grc' dir='ltr'><strong>καὶ</strong></span> <span class='ocrx_word' id='word_1_95' title='bbox 2797 1155 3089 1236; x_wconf 83' lang='grc' dir='ltr'>ἀλλαχοῦ</span> <span class='ocrx_word' id='word_1_96' title='bbox 3145 1159 3217 1222; x_wconf 81' lang='grc' dir='ltr'><strong>δὲ</strong></span> <span class='ocrx_word' id='word_1_97' title='bbox 3263 1157 3367 1235; x_wconf 83' lang='grc' dir='ltr'>ἐμ-</span> 
     </span>
     <span class='ocr_line' id='line_1_10' title="bbox 758 1243 3368 1333; baseline -0.002 -19"><span class='ocrx_word' id='word_1_98' title='bbox 758 1249 1015 1328; x_wconf 86' lang='grc' dir='ltr'>φάςεως</span> <span class='ocrx_word' id='word_1_99' title='bbox 1063 1247 1253 1327; x_wconf 86' lang='grc' dir='ltr'>οὔςης</span> <span class='ocrx_word' id='word_1_100' title='bbox 1300 1249 1403 1313; x_wconf 81' lang='grc' dir='ltr'><strong>καὶ</strong></span> <span class='ocrx_word' id='word_1_101' title='bbox 1448 1252 1783 1327; x_wconf 84' lang='grc' dir='ltr'>διαςτολῆς</span> <span class='ocrx_word' id='word_1_102' title='bbox 1829 1247 2124 1328; x_wconf 83' lang='grc' dir='ltr'>ἄντικρυς</span> <span class='ocrx_word' id='word_1_103' title='bbox 2171 1247 2534 1323; x_wconf 83' lang='grc' dir='ltr'>ἑγκλιτικῶς</span> <span class='ocrx_word' id='word_1_104' title='bbox 2572 1246 2945 1325; x_wconf 83' lang='grc' dir='ltr'>ἀνέγνωμεν</span> <span class='ocrx_word' id='word_1_105' title='bbox 2991 1244 3110 1333; x_wconf 80' lang='grc' dir='ltr'><strong>“(ρ</strong></span> <span class='ocrx_word' id='word_1_106' title='bbox 3147 1243 3368 1332; x_wconf 85' lang='grc'>253)”.</span> 
     </span>
     <span class='ocr_line' id='line_1_11' title="bbox 758 1334 3369 1424; baseline -0 -22"><span class='ocrx_word' id='word_1_107' title='bbox 758 1337 1251 1404; x_wconf 84' lang='grc' dir='ltr'>ἀντιδιαςτέλλει</span> <span class='ocrx_word' id='word_1_108' title='bbox 1297 1338 1423 1419; x_wconf 86' lang='grc' dir='ltr'><strong>γὰρ</strong></span> <span class='ocrx_word' id='word_1_109' title='bbox 1470 1335 1622 1423; x_wconf 88' lang='lat' dir='ltr'><strong>(scil.</strong></span> <span class='ocrx_word' id='word_1_110' title='bbox 1667 1359 1766 1403; x_wconf 91' lang='grc' dir='ltr'><strong>τοι</strong></span> <span class='ocrx_word' id='word_1_111' title='bbox 1814 1334 1964 1424; x_wconf 84' lang='grc' dir='ltr'>οἴῳ)</span> <span class='ocrx_word' id='word_1_112' title='bbox 2011 1338 2175 1417; x_wconf 87' lang='grc' dir='ltr'>πρὸς</span> <span class='ocrx_word' id='word_1_113' title='bbox 2221 1338 2375 1402; x_wconf 84' lang='grc' dir='ltr'>τοὺς</span> <span class='ocrx_word' id='word_1_114' title='bbox 2422 1336 2686 1402; x_wconf 83' lang='grc' dir='ltr'>ἄλλους·</span> <span class='ocrx_word' id='word_1_115' title='bbox 2734 1338 2836 1402; x_wconf 83' lang='grc' dir='ltr'><strong>καὶ</strong></span> <span class='ocrx_word' id='word_1_116' title='bbox 2882 1336 3049 1401; x_wconf 84' lang='grc' dir='ltr'>ἔςτιν</span> <span class='ocrx_word' id='word_1_117' title='bbox 3096 1336 3369 1402; x_wconf 85' lang='grc' dir='ltr'>ἐπίταςις</span> 
     </span>
     <span class='ocr_line' id='line_1_12' title="bbox 759 1424 3368 1512; baseline -0.001 -19"><span class='ocrx_word' id='word_1_118' title='bbox 759 1428 829 1493; x_wconf 82' lang='grc' dir='ltr'><strong>ἐκ</strong></span> <span class='ocrx_word' id='word_1_119' title='bbox 874 1431 992 1494; x_wconf 85' lang='grc' dir='ltr'><strong>τοῦ</strong></span> <span class='ocrx_word' id='word_1_120' title='bbox 1040 1427 1252 1504; x_wconf 83' lang='grc' dir='ltr'>λέγειν</span> <span class='ocrx_word' id='word_1_121' title='bbox 1299 1426 1448 1493; x_wconf 72' lang='lat' dir='ltr'><strong>“rot</strong></span> <span class='ocrx_word' id='word_1_122' title='bbox 1487 1425 1673 1512; x_wconf 84' lang='grc' dir='ltr'>οἷῳ”.</span> <span class='ocrx_word' id='word_1_123' title='bbox 1766 1426 1935 1493; x_wconf 85' lang='grc' dir='ltr'>ἀλλὰ</span> <span class='ocrx_word' id='word_1_124' title='bbox 1980 1426 2176 1492; x_wconf 87' lang='grc' dir='ltr'>πάλιν</span> <span class='ocrx_word' id='word_1_125' title='bbox 2221 1427 2328 1491; x_wconf 85' lang='grc' dir='ltr'><strong>διὰ</strong></span> <span class='ocrx_word' id='word_1_126' title='bbox 2363 1428 2482 1505; x_wconf 85' lang='grc' dir='ltr'><strong>τὴν</strong></span> <span class='ocrx_word' id='word_1_127' title='bbox 2519 1427 2781 1507; x_wconf 85' lang='grc' dir='ltr'>γραφὴν</span> <span class='ocrx_word' id='word_1_128' title='bbox 2817 1429 2930 1504; x_wconf 87' lang='grc' dir='ltr'><strong>τῆς</strong></span> <span class='ocrx_word' id='word_1_129' title='bbox 2968 1424 3368 1505; x_wconf 77' lang='grc' dir='ltr'>ἀντωνυμία(</span> 
     </span>
     <span class='ocr_line' id='line_1_13' title="bbox 754 1515 3368 1598; baseline -0.002 -16"><span class='ocrx_word' id='word_1_130' title='bbox 754 1518 831 1582; x_wconf 84' lang='grc' dir='ltr'><strong>τὸ</strong></span> <span class='ocrx_word' id='word_1_131' title='bbox 894 1517 1247 1593; x_wconf 82' lang='grc' dir='ltr'>ἐγκλιτικόν</span> <span class='ocrx_word' id='word_1_132' title='bbox 1304 1515 1746 1597; x_wconf 81' lang='grc' dir='ltr'>ἑπεκράτηςεν.</span> <span class='ocrx_word' id='word_1_133' title='bbox 1842 1519 1928 1581; x_wconf 85' lang='lat' dir='ltr'><strong>Cf.</strong></span> <span class='ocrx_word' id='word_1_134' title='bbox 1975 1521 2047 1579; x_wconf 88' lang='lat'><strong>11.</strong></span> <span class='ocrx_word' id='word_1_135' title='bbox 2093 1520 2258 1582; x_wconf 87' lang='lat' dir='ltr'><strong>Pros.</strong></span> <span class='ocrx_word' id='word_1_136' title='bbox 2305 1520 2360 1580; x_wconf 88' lang='lat' dir='ltr'>A</span> <span class='ocrx_word' id='word_1_137' title='bbox 2402 1523 2546 1582; x_wconf 85' lang='lat'>294.</span> <span class='ocrx_word' id='word_1_138' title='bbox 2638 1520 2710 1579; x_wconf 93' lang='lat' dir='ltr'><strong>In</strong></span> <span class='ocrx_word' id='word_1_139' title='bbox 2773 1519 3123 1598; x_wconf 86' lang='lat' dir='ltr'><strong>explicando</strong></span> <span class='ocrx_word' id='word_1_140' title='bbox 3187 1522 3368 1598; x_wconf 83' lang='lat' dir='ltr'><strong>igitur</strong></span> 
     </span>
     <span class='ocr_line' id='line_1_14' title="bbox 754 1606 3365 1689; baseline -0.001 -18"><span class='ocrx_word' id='word_1_141' title='bbox 754 1612 811 1671; x_wconf 90' lang='lat' dir='ltr'><strong>h.</strong></span> <span class='ocrx_word' id='word_1_142' title='bbox 850 1612 889 1670; x_wconf 94' lang='lat' dir='ltr'><strong>l.</strong></span> <span class='ocrx_word' id='word_1_143' title='bbox 929 1612 1041 1689; x_wconf 85' lang='lat' dir='ltr'><strong>Ap.</strong></span> <span class='ocrx_word' id='word_1_144' title='bbox 1090 1614 1152 1671; x_wconf 87' lang='lat' dir='ltr'><strong>et</strong></span> <span class='ocrx_word' id='word_1_145' title='bbox 1195 1611 1570 1672; x_wconf 88' lang='lat' dir='ltr'><strong>Herodianus</strong></span> <span class='ocrx_word' id='word_1_146' title='bbox 1621 1614 1861 1672; x_wconf 77' lang='lat' dir='ltr'><strong>censent</strong></span> <span class='ocrx_word' id='word_1_147' title='bbox 1905 1613 2064 1672; x_wconf 84' lang='lat' dir='ltr'><strong>tanti</strong></span> <span class='ocrx_word' id='word_1_148' title='bbox 2108 1613 2394 1672; x_wconf 79' lang='lat' dir='ltr'><strong>momenti</strong></span> <span class='ocrx_word' id='word_1_149' title='bbox 2440 1613 2502 1670; x_wconf 90' lang='lat' dir='ltr'><strong>et</strong></span> <span class='ocrx_word' id='word_1_150' title='bbox 2545 1610 2823 1688; x_wconf 89' lang='lat' dir='ltr'><strong>ponderis</strong></span> <span class='ocrx_word' id='word_1_151' title='bbox 2869 1628 2994 1670; x_wconf 86' lang='lat' dir='ltr'><strong>esse</strong></span> <span class='ocrx_word' id='word_1_152' title='bbox 3041 1608 3221 1669; x_wconf 85' lang='lat' dir='ltr'><strong>verba</strong></span> <span class='ocrx_word' id='word_1_153' title='bbox 3265 1606 3365 1668; x_wconf 79' lang='grc' dir='ltr'><strong>δὲ-</strong></span> 
     </span>
     <span class='ocr_line' id='line_1_15' title="bbox 755 1695 3368 1778; baseline -0.002 -16"><span class='ocrx_word' id='word_1_154' title='bbox 755 1702 939 1762; x_wconf 81' lang='grc' dir='ltr'>δοται</span> <span class='ocrx_word' id='word_1_155' title='bbox 984 1698 1303 1777; x_wconf 80' lang='grc' dir='ltr'>πολεμήϊα</span> <span class='ocrx_word' id='word_1_156' title='bbox 1349 1696 1506 1776; x_wconf 83' lang='grc' dir='ltr'>ἔργα</span> <span class='ocrx_word' id='word_1_157' title='bbox 1552 1703 1613 1761; x_wconf 89' lang='lat' dir='ltr'><strong>et</strong></span> <span class='ocrx_word' id='word_1_158' title='bbox 1658 1696 2065 1778; x_wconf 83' lang='grc' dir='ltr'>μετέρχεςθαι</span> <span class='ocrx_word' id='word_1_159' title='bbox 2102 1697 2183 1761; x_wconf 88' lang='grc' dir='ltr'><strong>τὰ</strong></span> <span class='ocrx_word' id='word_1_160' title='bbox 2221 1695 2380 1775; x_wconf 84' lang='grc' dir='ltr'>ἔργα</span> <span class='ocrx_word' id='word_1_161' title='bbox 2414 1699 2533 1760; x_wconf 84' lang='grc' dir='ltr'><strong>τοῦ</strong></span> <span class='ocrx_word' id='word_1_162' title='bbox 2570 1695 2796 1774; x_wconf 85' lang='grc' dir='ltr'>γάμου,</span> <span class='ocrx_word' id='word_1_163' title='bbox 2841 1701 2915 1758; x_wconf 86' lang='grc'><strong>111</strong></span> <span class='ocrx_word' id='word_1_164' title='bbox 2950 1700 3368 1759; x_wconf 75' lang='lat' dir='ltr'><strong>obliviscamur</strong></span> 
     </span>
     <span class='ocr_line' id='line_1_16' title="bbox 755 1785 3364 1868; baseline -0.002 -17"><span class='ocrx_word' id='word_1_165' title='bbox 755 1793 938 1852; x_wconf 84' lang='lat' dir='ltr'><strong>etiam</strong></span> <span class='ocrx_word' id='word_1_166' title='bbox 983 1786 1184 1866; x_wconf 88' lang='grc' dir='ltr'>Ἄρην</span> <span class='ocrx_word' id='word_1_167' title='bbox 1240 1792 1301 1850; x_wconf 89' lang='lat' dir='ltr'><strong>et</strong></span> <span class='ocrx_word' id='word_1_168' title='bbox 1360 1785 1433 1851; x_wconf 84' lang='grc' dir='ltr'><strong>ςύ</strong></span> <span class='ocrx_word' id='word_1_169' title='bbox 1477 1792 1636 1850; x_wconf 83' lang='grc'>111101·</span> <span class='ocrx_word' id='word_1_170' title='bbox 1681 1809 1742 1851; x_wconf 89' lang='lat' dir='ltr'><strong>se</strong></span> <span class='ocrx_word' id='word_1_171' title='bbox 1789 1792 2027 1868; x_wconf 90' lang='lat' dir='ltr'><strong>opponi.</strong></span> <span class='ocrx_word' id='word_1_172' title='bbox 2119 1788 2315 1859; x_wconf 83' lang='lat' dir='ltr'><strong>Qua-re</strong></span> <span class='ocrx_word' id='word_1_173' title='bbox 2360 1792 2627 1867; x_wconf 86' lang='lat' dir='ltr'><strong>suspicor</strong></span> <span class='ocrx_word' id='word_1_174' title='bbox 2672 1790 2711 1848; x_wconf 88' lang='lat' dir='ltr'><strong>l.</strong></span> <span class='ocrx_word' id='word_1_175' title='bbox 2752 1790 2835 1848; x_wconf 85' lang='lat'><strong>34</strong></span> <span class='ocrx_word' id='word_1_176' title='bbox 2882 1788 3201 1867; x_wconf 86' lang='lat' dir='ltr'><strong>legendum</strong></span> <span class='ocrx_word' id='word_1_177' title='bbox 3244 1806 3364 1848; x_wconf 88' lang='lat' dir='ltr'><strong>esse</strong></span> 
     </span>
     <span class='ocr_line' id='line_1_17' title="bbox 751 1873 3363 1957; baseline -0.001 -18"><span class='ocrx_word' id='word_1_178' title='bbox 751 1875 861 1940; x_wconf 82' lang='grc' dir='ltr'><strong>ἵνα</strong></span> <span class='ocrx_word' id='word_1_179' title='bbox 904 1873 1074 1957; x_wconf 81' lang='grc' dir='ltr'>(μὴ)</span> <span class='ocrx_word' id='word_1_180' title='bbox 1119 1876 1284 1955; x_wconf 86' lang='grc' dir='ltr'>πρὸς</span> <span class='ocrx_word' id='word_1_181' title='bbox 1329 1875 1446 1940; x_wconf 89' lang='grc' dir='ltr'><strong>τὸν</strong></span> <span class='ocrx_word' id='word_1_182' title='bbox 1481 1875 1682 1954; x_wconf 90' lang='grc' dir='ltr'>Ἄρην</span> <span class='ocrx_word' id='word_1_183' title='bbox 1725 1876 1766 1954; x_wconf 87' lang='grc' dir='ltr'>ἡ</span> <span class='ocrx_word' id='word_1_184' title='bbox 1807 1875 1879 1940; x_wconf 91' lang='grc' dir='ltr'><strong>ςύ</strong></span> <span class='ocrx_word' id='word_1_185' title='bbox 1918 1876 2372 1955; x_wconf 80' lang='grc' dir='ltr'>διαςτέλληται.</span> <span class='ocrx_word' id='word_1_186' title='bbox 2457 1878 2679 1939; x_wconf 77' lang='lat' dir='ltr'><strong>Contra</strong></span> <span class='ocrx_word' id='word_1_187' title='bbox 2724 1878 2954 1938; x_wconf 86' lang='lat' dir='ltr'><strong>Lehrsii</strong></span> <span class='ocrx_word' id='word_1_188' title='bbox 3001 1878 3363 1938; x_wconf 84' lang='lat' dir='ltr'><strong>additamen-</strong></span> 
     </span>
     <span class='ocr_line' id='line_1_18' title="bbox 753 1967 3361 2048; baseline -0 -20"><span class='ocrx_word' id='word_1_189' title='bbox 753 1971 884 2028; x_wconf 91' lang='lat' dir='ltr'><strong>tum</strong></span> <span class='ocrx_word' id='word_1_190' title='bbox 928 1969 1290 2047; x_wconf 89' lang='lat' dir='ltr'><strong>superfluum</strong></span> <span class='ocrx_word' id='word_1_191' title='bbox 1337 1986 1461 2029; x_wconf 88' lang='lat' dir='ltr'><strong>esse</strong></span> <span class='ocrx_word' id='word_1_192' title='bbox 1504 1971 1671 2046; x_wconf 75' lang='lat' dir='ltr'><strong>puto,</strong></span> <span class='ocrx_word' id='word_1_193' title='bbox 1718 1972 1861 2047; x_wconf 90' lang='lat' dir='ltr'><strong>quia</strong></span> <span class='ocrx_word' id='word_1_194' title='bbox 1901 1968 2015 2048; x_wconf 88' lang='lat' dir='ltr'><strong>Ap.</strong></span> <span class='ocrx_word' id='word_1_195' title='bbox 2063 1972 2299 2046; x_wconf 87' lang='lat' dir='ltr'><strong>saepius</strong></span> <span class='ocrx_word' id='word_1_196' title='bbox 2344 1987 2464 2028; x_wconf 94' lang='lat' dir='ltr'><strong>non</strong></span> <span class='ocrx_word' id='word_1_197' title='bbox 2509 1972 2644 2047; x_wconf 87' lang='lat' dir='ltr'><strong>ipsa</strong></span> <span class='ocrx_word' id='word_1_198' title='bbox 2679 1970 2984 2047; x_wconf 83' lang='lat' dir='ltr'><strong>scriptoris</strong></span> <span class='ocrx_word' id='word_1_199' title='bbox 3022 1967 3220 2043; x_wconf 82' lang='lat' dir='ltr'><strong>verba,</strong></span> <span class='ocrx_word' id='word_1_200' title='bbox 3263 1967 3361 2028; x_wconf 88' lang='lat' dir='ltr'><strong>sed</strong></span> 
     </span>
     <span class='ocr_line' id='line_1_19' title="bbox 754 2053 2801 2137; baseline -0.001 -18"><span class='ocrx_word' id='word_1_201' title='bbox 754 2053 1184 2135; x_wconf 80' lang='grc' dir='ltr'>μεταφράζων</span> <span class='ocrx_word' id='word_1_202' title='bbox 1228 2059 1563 2137; x_wconf 77' lang='lat' dir='ltr'><strong>paullulum</strong></span> <span class='ocrx_word' id='word_1_203' title='bbox 1608 2061 1844 2120; x_wconf 87' lang='lat' dir='ltr'><strong>mutata</strong></span> <span class='ocrx_word' id='word_1_204' title='bbox 1890 2058 2077 2134; x_wconf 80' lang='lat' dir='ltr'><strong>affert,</strong></span> <span class='ocrx_word' id='word_1_205' title='bbox 2124 2062 2194 2118; x_wconf 91' lang='lat' dir='ltr'><strong>ut</strong></span> <span class='ocrx_word' id='word_1_206' title='bbox 2236 2077 2404 2136; x_wconf 89' lang='lat' dir='ltr'><strong>pron.</strong></span> <span class='ocrx_word' id='word_1_207' title='bbox 2456 2059 2601 2133; x_wconf 88' lang='lat'>108,</span> <span class='ocrx_word' id='word_1_208' title='bbox 2625 2060 2661 2117; x_wconf 87' lang='grc'><strong>6</strong></span> <span class='ocrx_word' id='word_1_209' title='bbox 2701 2059 2801 2117; x_wconf 88' lang='lat' dir='ltr'><strong>all.</strong></span> 
     </span>
    </p>

    <p class='ocr_par' dir='ltr' id='par_1_3' title="bbox 751 2142 3362 2317">
     <span class='ocr_line' id='line_1_20' title="bbox 934 2142 3362 2226; baseline 0 -19"><span class='ocrx_word' id='word_1_210' title='bbox 934 2149 1036 2224; x_wconf 91' lang='grc'><strong>82,</strong></span> <span class='ocrx_word' id='word_1_211' title='bbox 1060 2149 1228 2208; x_wconf 86' lang='grc'><strong>1-2</strong></span> <span class='ocrx_word' id='word_1_212' title='bbox 1268 2149 1340 2208; x_wconf 81' lang='lat' dir='ltr'><strong>cf.</strong></span> <span class='ocrx_word' id='word_1_213' title='bbox 1371 2148 1514 2208; x_wconf 87' lang='lat' dir='ltr'><strong>Ahr.</strong></span> <span class='ocrx_word' id='word_1_214' title='bbox 1544 2148 1706 2209; x_wconf 82' lang='lat' dir='ltr'><strong>diali.</strong></span> <span class='ocrx_word' id='word_1_215' title='bbox 1734 2148 1796 2208; x_wconf 90' lang='lat' dir='ltr'><strong>H</strong></span> <span class='ocrx_word' id='word_1_216' title='bbox 1828 2149 1956 2208; x_wconf 90' lang='grc'><strong>252</strong></span> <span class='ocrx_word' id='word_1_217' title='bbox 1994 2142 2227 2226; x_wconf 66' lang='lat' dir='ltr'><strong>‘Neque</strong></span> <span class='ocrx_word' id='word_1_218' title='bbox 2263 2151 2464 2210; x_wconf 85' lang='lat' dir='ltr'><strong>tamen</strong></span> <span class='ocrx_word' id='word_1_219' title='bbox 2501 2148 2774 2209; x_wconf 88' lang='lat' dir='ltr'><strong>dubitare</strong></span> <span class='ocrx_word' id='word_1_220' title='bbox 2810 2148 2966 2224; x_wconf 59' lang='lat' dir='ltr'><strong>licet,</strong></span> <span class='ocrx_word' id='word_1_221' title='bbox 3004 2149 3150 2225; x_wconf 88' lang='lat' dir='ltr'><strong>quin</strong></span> <span class='ocrx_word' id='word_1_222' title='bbox 3187 2149 3362 2208; x_wconf 84' lang='lat' dir='ltr'><strong>etiam</strong></span> 
     </span>
     <span class='ocr_line' id='line_1_21' title="bbox 751 2232 2253 2317; baseline 0 -21"><span class='ocrx_word' id='word_1_223' title='bbox 751 2239 815 2296; x_wconf 92' lang='lat' dir='ltr'><strong>in</strong></span> <span class='ocrx_word' id='word_1_224' title='bbox 860 2237 1083 2298; x_wconf 79' lang='lat' dir='ltr'><strong>Doride</strong></span> <span class='ocrx_word' id='word_1_225' title='bbox 1129 2233 1286 2317; x_wconf 90' lang='grc' dir='ltr'>(τοί)</span> <span class='ocrx_word' id='word_1_226' title='bbox 1334 2256 1508 2316; x_wconf 86' lang='lat' dir='ltr'><strong>saepe</strong></span> <span class='ocrx_word' id='word_1_227' title='bbox 1555 2239 1800 2299; x_wconf 85' lang='lat' dir='ltr'><strong>enclisin</strong></span> <span class='ocrx_word' id='word_1_228' title='bbox 1843 2256 2087 2316; x_wconf 84' lang='lat' dir='ltr'><strong>passum</strong></span> <span class='ocrx_word' id='word_1_229' title='bbox 2132 2232 2253 2297; x_wconf 90' lang='lat' dir='ltr'><strong>sit&#39;.</strong></span> 
     </span>
    </p>

    <p class='ocr_par' dir='ltr' id='par_1_4' title="bbox 936 2327 2315 2407">
     <span class='ocr_line' id='line_1_22' title="bbox 936 2327 2315 2407; baseline -0.001 -20"><span class='ocrx_word' id='word_1_230' title='bbox 936 2328 1099 2404; x_wconf 81' lang='lat'><strong>82,3</strong></span> <span class='ocrx_word' id='word_1_231' title='bbox 1148 2329 1220 2387; x_wconf 88' lang='lat' dir='ltr'><strong>cf.</strong></span> <span class='ocrx_word' id='word_1_232' title='bbox 1265 2327 1571 2389; x_wconf 71' lang='lat' dir='ltr'><strong>Maittaire</strong></span> <span class='ocrx_word' id='word_1_233' title='bbox 1616 2328 1689 2388; x_wconf 91' lang='lat' dir='ltr'><strong>de</strong></span> <span class='ocrx_word' id='word_1_234' title='bbox 1735 2348 1820 2407; x_wconf 85' lang='lat' dir='ltr'><strong>gr.</strong></span> <span class='ocrx_word' id='word_1_235' title='bbox 1868 2329 1907 2388; x_wconf 93' lang='grc'><strong>1.</strong></span> <span class='ocrx_word' id='word_1_236' title='bbox 1955 2327 2118 2389; x_wconf 76' lang='lat' dir='ltr'><strong>dian.</strong></span> <span class='ocrx_word' id='word_1_237' title='bbox 2170 2327 2315 2387; x_wconf 84' lang='lat'>555.</span> 
     </span>
    </p>

    <p class='ocr_par' dir='ltr' id='par_1_5' title="bbox 749 2412 3363 2672">
     <span class='ocr_line' id='line_1_23' title="bbox 930 2412 3361 2491; baseline -0 -15"><span class='ocrx_word' id='word_1_238' title='bbox 930 2417 1025 2477; x_wconf 85' lang='lat' dir='ltr'><strong>De</strong></span> <span class='ocrx_word' id='word_1_239' title='bbox 1075 2418 1284 2491; x_wconf 79' lang='lat' dir='ltr'><strong>formis</strong></span> <span class='ocrx_word' id='word_1_240' title='bbox 1338 2413 1452 2479; x_wconf 92' lang='grc' dir='ltr'><strong>τίν</strong></span> <span class='ocrx_word' id='word_1_241' title='bbox 1508 2422 1561 2477; x_wconf 77' lang='lat' dir='ltr'><strong>et</strong></span> <span class='ocrx_word' id='word_1_242' title='bbox 1612 2414 1788 2479; x_wconf 88' lang='grc' dir='ltr'>τεῖν.</span> <span class='ocrx_word' id='word_1_243' title='bbox 1881 2412 2012 2478; x_wconf 89' lang='grc' dir='ltr'><strong>Τίν</strong></span> <span class='ocrx_word' id='word_1_244' title='bbox 2059 2422 2144 2477; x_wconf 77' lang='lat' dir='ltr'><strong>est</strong></span> <span class='ocrx_word' id='word_1_245' title='bbox 2184 2418 2288 2477; x_wconf 76' lang='lat' dir='ltr'><strong>ubi</strong></span> <span class='ocrx_word' id='word_1_246' title='bbox 2333 2419 2506 2476; x_wconf 76' lang='lat' dir='ltr'><strong>etiam</strong></span> <span class='ocrx_word' id='word_1_247' title='bbox 2559 2419 2879 2477; x_wconf 57' lang='lat' dir='ltr'><strong>accusativi</strong></span> <span class='ocrx_word' id='word_1_248' title='bbox 2932 2416 3122 2476; x_wconf 80' lang='lat' dir='ltr'><strong>locum</strong></span> <span class='ocrx_word' id='word_1_249' title='bbox 3165 2419 3361 2475; x_wconf 79' lang='lat' dir='ltr'><strong>teneat.</strong></span> 
     </span>
     <span class='ocr_line' id='line_1_24' title="bbox 755 2501 3363 2582; baseline -0.001 -15"><span class='ocrx_word' id='word_1_250' title='bbox 755 2507 1008 2582; x_wconf 77' lang='lat' dir='ltr'><strong>Quidam</strong></span> <span class='ocrx_word' id='word_1_251' title='bbox 1051 2502 1168 2567; x_wconf 92' lang='grc' dir='ltr'><strong>τίν</strong></span> <span class='ocrx_word' id='word_1_252' title='bbox 1211 2507 1438 2581; x_wconf 70' lang='lat' dir='ltr'><strong>somnae</strong></span> <span class='ocrx_word' id='word_1_253' title='bbox 1482 2508 1718 2582; x_wconf 69' lang='lat' dir='ltr'><strong>lonyum</strong></span> <span class='ocrx_word' id='word_1_254' title='bbox 1760 2505 1782 2568; x_wconf 89' lang='grc' dir='ltr'><strong>ῐ</strong></span> <span class='ocrx_word' id='word_1_255' title='bbox 1830 2508 2121 2576; x_wconf 66' lang='lat' dir='ltr'><strong>tribuunt,</strong></span> <span class='ocrx_word' id='word_1_256' title='bbox 2167 2507 2271 2567; x_wconf 79' lang='lat' dir='ltr'><strong>sed</strong></span> <span class='ocrx_word' id='word_1_257' title='bbox 2311 2507 2620 2581; x_wconf 68' lang='lat' dir='ltr'><strong>falluntur.</strong></span> <span class='ocrx_word' id='word_1_258' title='bbox 2716 2505 2970 2566; x_wconf 82' lang='lat' dir='ltr'><strong><em>Formae</em></strong></span> <span class='ocrx_word' id='word_1_259' title='bbox 3016 2501 3230 2580; x_wconf 85' lang='grc' dir='ltr'>ἐμίνη</span> <span class='ocrx_word' id='word_1_260' title='bbox 3270 2523 3363 2580; x_wconf 74' lang='grc'><strong>90-</strong></span> 
     </span>
     <span class='ocr_line' id='line_1_25' title="bbox 749 2592 1659 2672; baseline -0.001 -16"><span class='ocrx_word' id='word_1_261' title='bbox 749 2599 916 2656; x_wconf 77' lang='lat' dir='ltr'><strong>mina</strong></span> <span class='ocrx_word' id='word_1_262' title='bbox 961 2599 1044 2655; x_wconf 77' lang='lat' dir='ltr'><strong>est</strong></span> <span class='ocrx_word' id='word_1_263' title='bbox 1086 2592 1250 2670; x_wconf 89' lang='grc' dir='ltr'>τίνη</span> <span class='ocrx_word' id='word_1_264' title='bbox 1300 2597 1659 2672; x_wconf 89' lang='grc'>82,4--12.</span> 
     </span>
    </p>

    <p class='ocr_par' dir='ltr' id='par_1_6' title="bbox 933 2683 2049 2764">
     <span class='ocr_line' id='line_1_26' title="bbox 933 2683 2049 2764; baseline -0.001 -20"><span class='ocrx_word' id='word_1_265' title='bbox 933 2686 1097 2762; x_wconf 89' lang='grc'>82,4</span> <span class='ocrx_word' id='word_1_266' title='bbox 1143 2685 1329 2746; x_wconf 87' lang='lat' dir='ltr'><strong>Koen.</strong></span> <span class='ocrx_word' id='word_1_267' title='bbox 1378 2686 1453 2745; x_wconf 84' lang='lat' dir='ltr'><strong>ad</strong></span> <span class='ocrx_word' id='word_1_268' title='bbox 1499 2684 1673 2764; x_wconf 84' lang='lat' dir='ltr'><strong>Greg.</strong></span> <span class='ocrx_word' id='word_1_269' title='bbox 1722 2683 1852 2747; x_wconf 82' lang='lat' dir='ltr'><strong>Gor.</strong></span> <span class='ocrx_word' id='word_1_270' title='bbox 1905 2686 2049 2746; x_wconf 82' lang='lat'><strong>123.</strong></span> 
     </span>
    </p>

    <p class='ocr_par' dir='ltr' id='par_1_7' title="bbox 749 2770 3362 3216">
     <span class='ocr_line' id='line_1_27' title="bbox 931 2770 3360 2855; baseline -0 -20"><span class='ocrx_word' id='word_1_271' title='bbox 931 2777 1034 2852; x_wconf 97' lang='grc'><strong>82,</strong></span> <span class='ocrx_word' id='word_1_272' title='bbox 1054 2778 1094 2835; x_wconf 88' lang='lat'>4</span> <span class='ocrx_word' id='word_1_273' title='bbox 1142 2771 1268 2855; x_wconf 90' lang='grc' dir='ltr'>τίν]</span> <span class='ocrx_word' id='word_1_274' title='bbox 1316 2794 1483 2854; x_wconf 91' lang='lat' dir='ltr'><strong>pron.</strong></span> <span class='ocrx_word' id='word_1_275' title='bbox 1534 2777 1636 2852; x_wconf 89' lang='grc'><strong>55,</strong></span> <span class='ocrx_word' id='word_1_276' title='bbox 1659 2777 1727 2850; x_wconf 81' lang='lat'><strong>53</strong></span> <span class='ocrx_word' id='word_1_277' title='bbox 1790 2779 1945 2853; x_wconf 80' lang='lat' dir='ltr'><strong>synt.</strong></span> <span class='ocrx_word' id='word_1_278' title='bbox 1998 2777 2145 2851; x_wconf 83' lang='lat'><strong>159,</strong></span> <span class='ocrx_word' id='word_1_279' title='bbox 2167 2779 2280 2851; x_wconf 81' lang='lat'><strong>213</strong></span> <span class='ocrx_word' id='word_1_280' title='bbox 2344 2776 2486 2835; x_wconf 89' lang='lat' dir='ltr'><strong>Ahr</strong></span> <span class='ocrx_word' id='word_1_281' title='bbox 2533 2775 2597 2834; x_wconf 94' lang='grc' dir='ltr'>Π</span> <span class='ocrx_word' id='word_1_282' title='bbox 2637 2777 2781 2835; x_wconf 89' lang='grc'>251.</span> <span class='ocrx_word' id='word_1_283' title='bbox 2844 2807 2919 2817; x_wconf 90' lang='grc'>-</span> <span class='ocrx_word' id='word_1_284' title='bbox 2984 2770 3162 2853; x_wconf 81' lang='grc' dir='ltr'>Τεῖν]</span> <span class='ocrx_word' id='word_1_285' title='bbox 3210 2776 3360 2850; x_wconf 77' lang='lat' dir='ltr'><strong>synt.</strong></span> 
     </span>
     <span class='ocr_line' id='line_1_28' title="bbox 755 2859 3362 2944; baseline -0.001 -19"><span class='ocrx_word' id='word_1_286' title='bbox 755 2870 787 2925; x_wconf 96' lang='lat'><strong>1</strong></span> <span class='ocrx_word' id='word_1_287' title='bbox 801 2866 902 2941; x_wconf 90' lang='grc'><strong>59,</strong></span> <span class='ocrx_word' id='word_1_288' title='bbox 935 2867 1047 2941; x_wconf 87' lang='grc'><strong>21,</strong></span> <span class='ocrx_word' id='word_1_289' title='bbox 1111 2859 1371 2944; x_wconf 79' lang='lat' dir='ltr'><strong>‘saepius</strong></span> <span class='ocrx_word' id='word_1_290' title='bbox 1441 2866 1706 2926; x_wconf 90' lang='lat' dir='ltr'><strong>doricum</strong></span> <span class='ocrx_word' id='word_1_291' title='bbox 1769 2867 2020 2942; x_wconf 90' lang='lat' dir='ltr'><strong>dicitur,</strong></span> <span class='ocrx_word' id='word_1_292' title='bbox 2085 2865 2186 2926; x_wconf 88' lang='lat' dir='ltr'><strong>sed</strong></span> <span class='ocrx_word' id='word_1_293' title='bbox 2250 2883 2556 2943; x_wconf 88' lang='lat' dir='ltr'><strong>nunquam</strong></span> <span class='ocrx_word' id='word_1_294' title='bbox 2619 2865 2842 2943; x_wconf 88' lang='lat' dir='ltr'><strong>legitur</strong></span> <span class='ocrx_word' id='word_1_295' title='bbox 2902 2867 2966 2924; x_wconf 93' lang='lat' dir='ltr'><strong>in</strong></span> <span class='ocrx_word' id='word_1_296' title='bbox 3029 2863 3362 2942; x_wconf 89' lang='lat' dir='ltr'><strong>purioribus</strong></span> 
     </span>
     <span class='ocr_line' id='line_1_29' title="bbox 752 2912 3360 3033; baseline 0 -20"><span class='ocrx_word' id='word_1_297' title='bbox 752 2912 993 3015; x_wconf 78' lang='lat' dir='ltr'>Doridis</span> <span class='ocrx_word' id='word_1_298' title='bbox 1039 2954 1324 3031; x_wconf 85' lang='lat' dir='ltr'><strong>fontibus,</strong></span> <span class='ocrx_word' id='word_1_299' title='bbox 1370 2975 1444 3017; x_wconf 90' lang='lat' dir='ltr'><strong>ne</strong></span> <span class='ocrx_word' id='word_1_300' title='bbox 1491 2955 1651 3033; x_wconf 90' lang='lat' dir='ltr'><strong>apud</strong></span> <span class='ocrx_word' id='word_1_301' title='bbox 1695 2955 2023 3015; x_wconf 77' lang='lat' dir='ltr'><strong>Pindarum</strong></span> <span class='ocrx_word' id='word_1_302' title='bbox 2068 2955 2309 3032; x_wconf 90' lang='lat' dir='ltr'><strong>quidem</strong></span> <span class='ocrx_word' id='word_1_303' title='bbox 2354 2956 2449 3016; x_wconf 81' lang='lat' dir='ltr'><strong>vel</strong></span> <span class='ocrx_word' id='word_1_304' title='bbox 2495 2955 2894 3029; x_wconf 76' lang='lat' dir='ltr'><strong>Theocritum,</strong></span> <span class='ocrx_word' id='word_1_305' title='bbox 2941 2973 3125 3032; x_wconf 87' lang='lat' dir='ltr'><strong>quare</strong></span> <span class='ocrx_word' id='word_1_306' title='bbox 3170 2972 3360 3033; x_wconf 88' lang='lat' dir='ltr'><strong>gram-</strong></span> 
     </span>
     <span class='ocr_line' id='line_1_30' title="bbox 749 3040 3361 3107; baseline -0 -4"><span class='ocrx_word' id='word_1_307' title='bbox 749 3045 955 3104; x_wconf 88' lang='lat' dir='ltr'><strong>matici</strong></span> <span class='ocrx_word' id='word_1_308' title='bbox 1013 3043 1395 3105; x_wconf 85' lang='lat' dir='ltr'><strong>Homericum</strong></span> <span class='ocrx_word' id='word_1_309' title='bbox 1453 3040 1587 3106; x_wconf 82' lang='grc' dir='ltr'><strong>τεῖν</strong></span> <span class='ocrx_word' id='word_1_310' title='bbox 1647 3044 1882 3105; x_wconf 76' lang='lat' dir='ltr'><strong>doricae</strong></span> <span class='ocrx_word' id='word_1_311' title='bbox 1941 3047 2379 3107; x_wconf 76' lang='lat' dir='ltr'><strong>terminationis</strong></span> <span class='ocrx_word' id='word_1_312' title='bbox 2437 3062 2617 3104; x_wconf 84' lang='lat' dir='ltr'><strong>causa</strong></span> <span class='ocrx_word' id='word_1_313' title='bbox 2674 3044 2941 3104; x_wconf 86' lang='lat' dir='ltr'><strong>doricum</strong></span> <span class='ocrx_word' id='word_1_314' title='bbox 3001 3045 3361 3105; x_wconf 70' lang='lat' dir='ltr'><strong>existimasse</strong></span> 
     </span>
     <span class='ocr_line' id='line_1_31' title="bbox 749 3125 2127 3216; baseline 0.002 -24"><span class='ocrx_word' id='word_1_315' title='bbox 749 3127 1051 3193; x_wconf 82' lang='lat' dir='ltr'><strong>videntur&#39;</strong></span> <span class='ocrx_word' id='word_1_316' title='bbox 1100 3133 1241 3193; x_wconf 88' lang='lat' dir='ltr'><strong>Ahr.</strong></span> <span class='ocrx_word' id='word_1_317' title='bbox 1281 3134 1444 3194; x_wconf 87' lang='lat' dir='ltr'><strong>diall.</strong></span> <span class='ocrx_word' id='word_1_318' title='bbox 1482 3134 1545 3194; x_wconf 87' lang='lat' dir='ltr'>H</span> <span class='ocrx_word' id='word_1_319' title='bbox 1584 3135 1710 3194; x_wconf 83' lang='lat'><strong>252</strong></span> <span class='ocrx_word' id='word_1_320' title='bbox 1759 3126 1906 3215; x_wconf 83' lang='lat' dir='ltr'><strong>(vid.</strong></span> <span class='ocrx_word' id='word_1_321' title='bbox 1945 3125 2127 3216; x_wconf 74' lang='lat' dir='ltr'><strong>test).</strong></span> 
     </span>
    </p>

    <p class='ocr_par' dir='ltr' id='par_1_8' title="bbox 933 3218 1993 3302">
     <span class='ocr_line' id='line_1_32' title="bbox 933 3218 1993 3302; baseline -0.002 -19"><span class='ocrx_word' id='word_1_322' title='bbox 933 3223 1095 3298; x_wconf 87' lang='grc'>82,5</span> <span class='ocrx_word' id='word_1_323' title='bbox 1145 3218 1506 3302; x_wconf 57' lang='lat' dir='ltr'><strong>noo-rece]</strong></span> <span class='ocrx_word' id='word_1_324' title='bbox 1554 3222 1698 3282; x_wconf 87' lang='lat' dir='ltr'><strong>Ahr.</strong></span> <span class='ocrx_word' id='word_1_325' title='bbox 1745 3223 1807 3282; x_wconf 92' lang='lat' dir='ltr'><strong>II</strong></span> <span class='ocrx_word' id='word_1_326' title='bbox 1847 3225 1993 3284; x_wconf 83' lang='lat'>257.</span> 
     </span>
    </p>

    <p class='ocr_par' dir='ltr' id='par_1_9' title="bbox 748 3307 3357 3658">
     <span class='ocr_line' id='line_1_33' title="bbox 931 3307 3356 3391; baseline -0 -19"><span class='ocrx_word' id='word_1_327' title='bbox 931 3312 1033 3389; x_wconf 90' lang='grc'><strong>82,</strong></span> <span class='ocrx_word' id='word_1_328' title='bbox 1056 3313 1226 3371; x_wconf 87' lang='grc'><strong>6-8</strong></span> <span class='ocrx_word' id='word_1_329' title='bbox 1268 3307 1366 3373; x_wconf 84' lang='grc' dir='ltr'><strong>ἐπ’</strong></span> <span class='ocrx_word' id='word_1_330' title='bbox 1401 3308 1743 3386; x_wconf 84' lang='grc' dir='ltr'>αἰτιατικῆς</span> <span class='ocrx_word' id='word_1_331' title='bbox 1772 3360 1785 3372; x_wconf 93' lang='grc'><strong>.</strong></span> <span class='ocrx_word' id='word_1_332' title='bbox 1816 3359 1830 3372; x_wconf 92' lang='grc'><strong>.</strong></span> <span class='ocrx_word' id='word_1_333' title='bbox 1869 3308 1967 3373; x_wconf 87' lang='grc' dir='ltr'><strong>τίν</strong></span> <span class='ocrx_word' id='word_1_334' title='bbox 1998 3360 2011 3372; x_wconf 95' lang='grc'><strong>.</strong></span> <span class='ocrx_word' id='word_1_335' title='bbox 2043 3358 2056 3372; x_wconf 91' lang='grc'><strong>.</strong></span> <span class='ocrx_word' id='word_1_336' title='bbox 2095 3307 2230 3372; x_wconf 82' lang='grc' dir='ltr'>κατ’</span> <span class='ocrx_word' id='word_1_337' title='bbox 2270 3307 2632 3386; x_wconf 82' lang='grc' dir='ltr'>ἐναλλαγὴν</span> <span class='ocrx_word' id='word_1_338' title='bbox 2669 3308 3001 3391; x_wconf 86' lang='grc' dir='ltr'>πτώςεως]</span> <span class='ocrx_word' id='word_1_339' title='bbox 3051 3307 3229 3373; x_wconf 74' lang='lat' dir='ltr'><strong>‘male</strong></span> <span class='ocrx_word' id='word_1_340' title='bbox 3267 3332 3356 3373; x_wconf 83' lang='lat' dir='ltr'><strong>ex-</strong></span> 
     </span>
     <span class='ocr_line' id='line_1_34' title="bbox 748 3397 3357 3480; baseline -0 -19"><span class='ocrx_word' id='word_1_341' title='bbox 748 3401 1024 3480; x_wconf 77' lang='lat' dir='ltr'><strong>plicatur,</strong></span> <span class='ocrx_word' id='word_1_342' title='bbox 1085 3420 1220 3461; x_wconf 90' lang='lat' dir='ltr'><strong>cum</strong></span> <span class='ocrx_word' id='word_1_343' title='bbox 1263 3404 1463 3480; x_wconf 89' lang='lat' dir='ltr'><strong>potius</strong></span> <span class='ocrx_word' id='word_1_344' title='bbox 1510 3422 1542 3462; x_wconf 91' lang='lat' dir='ltr'><strong>e</strong></span> <span class='ocrx_word' id='word_1_345' title='bbox 1588 3402 1787 3463; x_wconf 87' lang='lat' dir='ltr'><strong>dorico</strong></span> <span class='ocrx_word' id='word_1_346' title='bbox 1832 3397 1942 3474; x_wconf 84' lang='grc' dir='ltr'><strong>τεί,</strong></span> <span class='ocrx_word' id='word_1_347' title='bbox 1990 3402 2362 3479; x_wconf 84' lang='lat' dir='ltr'><strong>diphthongo</strong></span> <span class='ocrx_word' id='word_1_348' title='bbox 2407 3399 2672 3463; x_wconf 87' lang='lat' dir='ltr'><strong>boeotice</strong></span> <span class='ocrx_word' id='word_1_349' title='bbox 2716 3404 2954 3463; x_wconf 88' lang='lat' dir='ltr'><strong>mutata</strong></span> <span class='ocrx_word' id='word_1_350' title='bbox 2996 3405 3060 3462; x_wconf 92' lang='lat' dir='ltr'><strong>et</strong></span> <span class='ocrx_word' id='word_1_351' title='bbox 3102 3400 3141 3462; x_wconf 65' lang='lat' dir='ltr'><strong>V</strong></span> <span class='ocrx_word' id='word_1_352' title='bbox 3187 3404 3255 3462; x_wconf 88' lang='lat' dir='ltr'><strong>ut</strong></span> <span class='ocrx_word' id='word_1_353' title='bbox 3295 3405 3357 3461; x_wconf 92' lang='lat' dir='ltr'><strong>in</strong></span> 
     </span>
     <span class='ocr_line' id='line_1_35' title="bbox 750 3485 3357 3568; baseline 0 -18"><span class='ocrx_word' id='word_1_354' title='bbox 750 3485 908 3551; x_wconf 81' lang='grc' dir='ltr'><strong>τούν</strong></span> <span class='ocrx_word' id='word_1_355' title='bbox 954 3490 1177 3568; x_wconf 86' lang='lat' dir='ltr'><strong>addito,</strong></span> <span class='ocrx_word' id='word_1_356' title='bbox 1222 3494 1432 3553; x_wconf 84' lang='lat' dir='ltr'><strong>natum</strong></span> <span class='ocrx_word' id='word_1_357' title='bbox 1477 3509 1602 3553; x_wconf 90' lang='lat' dir='ltr'><strong>esse</strong></span> <span class='ocrx_word' id='word_1_358' title='bbox 1645 3485 1944 3554; x_wconf 82' lang='lat' dir='ltr'><strong>videatur&#39;</strong></span> <span class='ocrx_word' id='word_1_359' title='bbox 1982 3492 2126 3551; x_wconf 89' lang='lat' dir='ltr'><strong>Ahr.</strong></span> <span class='ocrx_word' id='word_1_360' title='bbox 2164 3491 2327 3553; x_wconf 86' lang='lat' dir='ltr'><strong>diall.</strong></span> <span class='ocrx_word' id='word_1_361' title='bbox 2375 3492 2407 3551; x_wconf 96' lang='grc' dir='ltr'>Ι</span> <span class='ocrx_word' id='word_1_362' title='bbox 2448 3493 2592 3552; x_wconf 88' lang='grc'>207.</span> <span class='ocrx_word' id='word_1_363' title='bbox 2684 3492 2821 3552; x_wconf 89' lang='lat' dir='ltr'><strong>Mei.</strong></span> <span class='ocrx_word' id='word_1_364' title='bbox 2864 3492 2897 3551; x_wconf 95' lang='lat' dir='ltr'>I</span> <span class='ocrx_word' id='word_1_365' title='bbox 2935 3494 3062 3552; x_wconf 82' lang='lat'><strong>273</strong></span> <span class='ocrx_word' id='word_1_366' title='bbox 3110 3493 3357 3553; x_wconf 88' lang='lat' dir='ltr'><strong>conferri</strong></span> 
     </span>
     <span class='ocr_line' id='line_1_36' title="bbox 748 3576 1225 3658; baseline 0 -17"><span class='ocrx_word' id='word_1_367' title='bbox 748 3581 915 3641; x_wconf 88' lang='lat' dir='ltr'><strong>iubet</strong></span> <span class='ocrx_word' id='word_1_368' title='bbox 959 3576 1063 3658; x_wconf 85' lang='grc' dir='ltr'>μίν</span> <span class='ocrx_word' id='word_1_369' title='bbox 1108 3576 1225 3643; x_wconf 86' lang='grc' dir='ltr'>νίν.</span> 
     </span>
    </p>

    <p class='ocr_par' dir='ltr' id='par_1_10' title="bbox 750 3665 3355 3839">
     <span class='ocr_line' id='line_1_37' title="bbox 931 3665 3355 3751; baseline -0 -21"><span class='ocrx_word' id='word_1_370' title='bbox 931 3672 1033 3746; x_wconf 89' lang='grc'><strong>82,</strong></span> <span class='ocrx_word' id='word_1_371' title='bbox 1056 3671 1093 3730; x_wconf 89' lang='grc'><strong>9</strong></span> <span class='ocrx_word' id='word_1_372' title='bbox 1136 3667 1393 3751; x_wconf 84' lang='grc' dir='ltr'>τείνειν]</span> <span class='ocrx_word' id='word_1_373' title='bbox 1433 3665 1727 3749; x_wconf 75' lang='lat' dir='ltr'><strong>‘Apparet</strong></span> <span class='ocrx_word' id='word_1_374' title='bbox 1757 3718 1767 3728; x_wconf 94' lang='lat'><strong>.</strong></span> <span class='ocrx_word' id='word_1_375' title='bbox 1802 3718 1812 3728; x_wconf 94' lang='lat'><strong>.</strong></span> <span class='ocrx_word' id='word_1_376' title='bbox 1842 3673 2324 3732; x_wconf 84' lang='lat' dir='ltr'><strong>terminationem</strong></span> <span class='ocrx_word' id='word_1_377' title='bbox 2362 3666 2420 3733; x_wconf 63' lang='lat' dir='ltr'><strong><em>N</em></strong></span> <span class='ocrx_word' id='word_1_378' title='bbox 2467 3670 2626 3750; x_wconf 90' lang='lat' dir='ltr'><strong>apud</strong></span> <span class='ocrx_word' id='word_1_379' title='bbox 2658 3671 2977 3732; x_wconf 80' lang='lat' dir='ltr'><strong>Dorienses</strong></span> <span class='ocrx_word' id='word_1_380' title='bbox 3014 3691 3132 3732; x_wconf 90' lang='lat' dir='ltr'><strong>non</strong></span> <span class='ocrx_word' id='word_1_381' title='bbox 3168 3673 3355 3731; x_wconf 87' lang='lat' dir='ltr'><strong>minus</strong></span> 
     </span>
     <span class='ocr_line' id='line_1_38' title="bbox 750 3755 3353 3839; baseline -0 -19"><span class='ocrx_word' id='word_1_382' title='bbox 750 3763 814 3820; x_wconf 90' lang='grc'><strong>111</strong></span> <span class='ocrx_word' id='word_1_383' title='bbox 859 3760 1152 3839; x_wconf 80' lang='lat' dir='ltr'><strong>singulari</strong></span> <span class='ocrx_word' id='word_1_384' title='bbox 1199 3761 1403 3823; x_wconf 87' lang='lat' dir='ltr'><strong>dativo</strong></span> <span class='ocrx_word' id='word_1_385' title='bbox 1461 3763 1736 3838; x_wconf 80' lang='lat' dir='ltr'><strong>ancipitis</strong></span> <span class='ocrx_word' id='word_1_386' title='bbox 1782 3778 2092 3821; x_wconf 82' lang='lat' dir='ltr'><strong>mensurae</strong></span> <span class='ocrx_word' id='word_1_387' title='bbox 2139 3779 2263 3821; x_wconf 85' lang='lat' dir='ltr'><strong>esse</strong></span> <span class='ocrx_word' id='word_1_388' title='bbox 2310 3781 2490 3837; x_wconf 89' lang='lat' dir='ltr'><strong>quam</strong></span> <span class='ocrx_word' id='word_1_389' title='bbox 2534 3764 2598 3821; x_wconf 91' lang='lat' dir='ltr'><strong>in</strong></span> <span class='ocrx_word' id='word_1_390' title='bbox 2641 3755 2888 3838; x_wconf 89' lang='lat' dir='ltr'><strong>plurali&#39;</strong></span> <span class='ocrx_word' id='word_1_391' title='bbox 2935 3760 3178 3820; x_wconf 86' lang='grc' dir='ltr'>Α111·.Π</span> <span class='ocrx_word' id='word_1_392' title='bbox 3217 3761 3353 3820; x_wconf 90' lang='grc'><strong>253</strong></span> 
     </span>
    </p>

    <p class='ocr_par' dir='ltr' id='par_1_11' title="bbox 746 3844 3356 4553">
     <span class='ocr_line' id='line_1_39' title="bbox 931 3844 3354 3955; baseline -0.001 -46"><span class='ocrx_word' id='word_1_393' title='bbox 931 3852 1034 3927; x_wconf 89' lang='grc'><strong>82,</strong></span> <span class='ocrx_word' id='word_1_394' title='bbox 1056 3853 1093 3909; x_wconf 89' lang='grc'><strong>9</strong></span> <span class='ocrx_word' id='word_1_395' title='bbox 1141 3845 1284 3911; x_wconf 68' lang='lat' dir='ltr'><strong>Tei.</strong></span> <span class='ocrx_word' id='word_1_396' title='bbox 1324 3846 1459 3929; x_wconf 77' lang='grc' dir='ltr'>.ε“ι]</span> <span class='ocrx_word' id='word_1_397' title='bbox 1509 3844 1630 3911; x_wconf 76' lang='lat' dir='ltr'><strong>‘Ita</strong></span> <span class='ocrx_word' id='word_1_398' title='bbox 1673 3850 1818 3910; x_wconf 87' lang='lat' dir='ltr'><strong>haec</strong></span> <span class='ocrx_word' id='word_1_399' title='bbox 1863 3850 2213 3929; x_wconf 87' lang='lat' dir='ltr'><strong>corrigenda</strong></span> <span class='ocrx_word' id='word_1_400' title='bbox 2258 3868 2381 3911; x_wconf 88' lang='lat' dir='ltr'><strong>esse</strong></span> <span class='ocrx_word' id='word_1_401' title='bbox 2421 3853 2679 3955; x_wconf 83' lang='lat' dir='ltr'><strong>primum</strong></span> <span class='ocrx_word' id='word_1_402' title='bbox 2714 3849 2853 3910; x_wconf 88' lang='lat' dir='ltr'><strong>inde</strong></span> <span class='ocrx_word' id='word_1_403' title='bbox 2891 3854 3158 3928; x_wconf 86' lang='lat' dir='ltr'><strong>apparet,</strong></span> <span class='ocrx_word' id='word_1_404' title='bbox 3204 3849 3354 3928; x_wconf 89' lang='lat' dir='ltr'><strong>quod</strong></span> 
     </span>
     <span class='ocr_line' id='line_1_40' title="bbox 749 3932 3356 4023; baseline 0 -24"><span class='ocrx_word' id='word_1_405' title='bbox 749 3941 1126 4018; x_wconf 87' lang='lat' dir='ltr'><strong>grammatici</strong></span> <span class='ocrx_word' id='word_1_406' title='bbox 1169 3939 1262 3999; x_wconf 91' lang='grc'>1111</span> <span class='ocrx_word' id='word_1_407' title='bbox 1308 3936 1406 4000; x_wconf 87' lang='grc' dir='ltr'><strong>τίν</strong></span> <span class='ocrx_word' id='word_1_408' title='bbox 1450 3938 1894 4017; x_wconf 86' lang='lat' dir='ltr'><strong>producendum</strong></span> <span class='ocrx_word' id='word_1_409' title='bbox 1938 3942 2230 4017; x_wconf 86' lang='lat' dir='ltr'><strong>putarunt</strong></span> <span class='ocrx_word' id='word_1_410' title='bbox 2275 3932 2409 4023; x_wconf 88' lang='lat' dir='ltr'><strong>(cur</strong></span> <span class='ocrx_word' id='word_1_411' title='bbox 2454 3943 2614 4000; x_wconf 89' lang='lat' dir='ltr'><strong>enim</strong></span> <span class='ocrx_word' id='word_1_412' title='bbox 2660 3940 3068 4017; x_wconf 86' lang='lat' dir='ltr'><strong>producerent,</strong></span> <span class='ocrx_word' id='word_1_413' title='bbox 3118 3942 3171 3999; x_wconf 87' lang='lat' dir='ltr'><strong>si</strong></span> <span class='ocrx_word' id='word_1_414' title='bbox 3215 3959 3246 3999; x_wconf 90' lang='lat' dir='ltr'><strong>e</strong></span> <span class='ocrx_word' id='word_1_415' title='bbox 3290 3934 3356 4000; x_wconf 88' lang='grc' dir='ltr'><strong>τέ</strong></span> 
     </span>
     <span class='ocr_line' id='line_1_41' title="bbox 748 4021 3355 4111; baseline -0 -22"><span class='ocrx_word' id='word_1_416' title='bbox 748 4032 962 4091; x_wconf 87' lang='lat' dir='ltr'><strong>natum</strong></span> <span class='ocrx_word' id='word_1_417' title='bbox 1006 4031 1413 4090; x_wconf 82' lang='lat' dir='ltr'><strong>existimarent</strong></span> <span class='ocrx_word' id='word_1_418' title='bbox 1423 4021 1510 4111; x_wconf 78' lang='lat'>‘?);</span> <span class='ocrx_word' id='word_1_419' title='bbox 1574 4028 1786 4089; x_wconf 86' lang='lat' dir='ltr'><strong>deinde</strong></span> <span class='ocrx_word' id='word_1_420' title='bbox 1832 4030 1993 4107; x_wconf 91' lang='lat' dir='ltr'><strong>quod</strong></span> <span class='ocrx_word' id='word_1_421' title='bbox 2038 4029 2284 4090; x_wconf 81' lang='lat' dir='ltr'><strong>voculae</strong></span> <span class='ocrx_word' id='word_1_422' title='bbox 2329 4032 2625 4107; x_wconf 87' lang='lat' dir='ltr'><strong>scriptura</strong></span> <span class='ocrx_word' id='word_1_423' title='bbox 2670 4032 3003 4090; x_wconf 85' lang='lat' dir='ltr'><strong>accuratius</strong></span> <span class='ocrx_word' id='word_1_424' title='bbox 3046 4029 3355 4103; x_wconf 86' lang='lat' dir='ltr'><strong>indicatur,</strong></span> 
     </span>
     <span class='ocr_line' id='line_1_42' title="bbox 749 4114 3355 4197; baseline 0 -19"><span class='ocrx_word' id='word_1_425' title='bbox 749 4118 909 4197; x_wconf 91' lang='lat' dir='ltr'><strong>quod</strong></span> <span class='ocrx_word' id='word_1_426' title='bbox 954 4121 1054 4178; x_wconf 85' lang='lat' dir='ltr'><strong>vix</strong></span> <span class='ocrx_word' id='word_1_427' title='bbox 1100 4137 1246 4197; x_wconf 89' lang='lat' dir='ltr'><strong>opus</strong></span> <span class='ocrx_word' id='word_1_428' title='bbox 1293 4121 1424 4180; x_wconf 87' lang='lat' dir='ltr'><strong>erat</strong></span> <span class='ocrx_word' id='word_1_429' title='bbox 1466 4121 1530 4178; x_wconf 92' lang='lat' dir='ltr'><strong>in</strong></span> <span class='ocrx_word' id='word_1_430' title='bbox 1575 4114 1673 4190; x_wconf 84' lang='grc' dir='ltr'><strong>τέ;</strong></span> <span class='ocrx_word' id='word_1_431' title='bbox 1719 4121 1850 4179; x_wconf 84' lang='grc'>111111</span> <span class='ocrx_word' id='word_1_432' title='bbox 1895 4120 2055 4197; x_wconf 84' lang='lat' dir='ltr'><strong>quod</strong></span> <span class='ocrx_word' id='word_1_433' title='bbox 2099 4121 2355 4181; x_wconf 89' lang='lat' dir='ltr'><strong>mutatio</strong></span> <span class='ocrx_word' id='word_1_434' title='bbox 2400 4121 2623 4180; x_wconf 82' lang='lat' dir='ltr'><strong>vocalis</strong></span> <span class='ocrx_word' id='word_1_435' title='bbox 2668 4122 2895 4180; x_wconf 87' lang='lat' dir='ltr'><strong>usitata</strong></span> <span class='ocrx_word' id='word_1_436' title='bbox 2939 4119 3182 4195; x_wconf 88' lang='lat' dir='ltr'><strong>dicitur,</strong></span> <span class='ocrx_word' id='word_1_437' title='bbox 3228 4138 3355 4179; x_wconf 91' lang='lat' dir='ltr'><strong>cum</strong></span> 
     </span>
     <span class='ocr_line' id='line_1_43' title="bbox 746 4206 3355 4287; baseline 0 -19"><span class='ocrx_word' id='word_1_438' title='bbox 746 4206 783 4268; x_wconf 79' lang='grc' dir='ltr'><strong>’ἑ</strong></span> <span class='ocrx_word' id='word_1_439' title='bbox 830 4211 968 4269; x_wconf 88' lang='lat' dir='ltr'><strong>ante</strong></span> <span class='ocrx_word' id='word_1_440' title='bbox 1014 4226 1299 4269; x_wconf 88' lang='lat' dir='ltr'><strong>consonas</strong></span> <span class='ocrx_word' id='word_1_441' title='bbox 1336 4209 1614 4269; x_wconf 79' lang='lat' dir='ltr'><strong>Boeotico</strong></span> <span class='ocrx_word' id='word_1_442' title='bbox 1658 4227 1778 4267; x_wconf 91' lang='lat' dir='ltr'><strong>non</strong></span> <span class='ocrx_word' id='word_1_443' title='bbox 1814 4212 2085 4269; x_wconf 88' lang='lat' dir='ltr'><strong>mutatur</strong></span> <span class='ocrx_word' id='word_1_444' title='bbox 2118 4212 2182 4270; x_wconf 88' lang='lat' dir='ltr'><strong>in</strong></span> <span class='ocrx_word' id='word_1_445' title='bbox 2222 4208 2261 4269; x_wconf 88' lang='grc' dir='ltr'><strong>ἰ.</strong></span> <span class='ocrx_word' id='word_1_446' title='bbox 2335 4210 2548 4286; x_wconf 86' lang='lat' dir='ltr'><strong>Itaque</strong></span> <span class='ocrx_word' id='word_1_447' title='bbox 2585 4211 2757 4271; x_wconf 89' lang='lat' dir='ltr'><strong>erant</strong></span> <span class='ocrx_word' id='word_1_448' title='bbox 2793 4212 2930 4270; x_wconf 84' lang='lat' dir='ltr'><strong>ante</strong></span> <span class='ocrx_word' id='word_1_449' title='bbox 2957 4208 3355 4287; x_wconf 84' lang='lat' dir='ltr'><strong>Apollonium,</strong></span> 
     </span>
     <span class='ocr_line' id='line_1_44' title="bbox 749 4297 3355 4377; baseline 0 -19"><span class='ocrx_word' id='word_1_450' title='bbox 749 4299 857 4375; x_wconf 89' lang='lat' dir='ltr'><strong>qui</strong></span> <span class='ocrx_word' id='word_1_451' title='bbox 900 4298 1058 4358; x_wconf 91' lang='lat' dir='ltr'><strong>idem</strong></span> <span class='ocrx_word' id='word_1_452' title='bbox 1105 4300 1421 4374; x_wconf 87' lang='lat' dir='ltr'><strong>sentirent,</strong></span> <span class='ocrx_word' id='word_1_453' title='bbox 1469 4297 1629 4376; x_wconf 88' lang='lat' dir='ltr'><strong>quod</strong></span> <span class='ocrx_word' id='word_1_454' title='bbox 1674 4316 1781 4358; x_wconf 89' lang='lat' dir='ltr'><strong>nos</strong></span> <span class='ocrx_word' id='word_1_455' title='bbox 1827 4299 2068 4359; x_wconf 84' lang='lat' dir='ltr'><strong>illorum</strong></span> <span class='ocrx_word' id='word_1_456' title='bbox 2113 4317 2399 4360; x_wconf 84' lang='lat' dir='ltr'><strong>consensu</strong></span> <span class='ocrx_word' id='word_1_457' title='bbox 2444 4299 2708 4359; x_wconf 93' lang='lat' dir='ltr'><strong>nondum</strong></span> <span class='ocrx_word' id='word_1_458' title='bbox 2753 4301 2991 4377; x_wconf 83' lang='lat' dir='ltr'><strong>cognito</strong></span> <span class='ocrx_word' id='word_1_459' title='bbox 3038 4299 3184 4360; x_wconf 91' lang='lat' dir='ltr'><strong>olim</strong></span> <span class='ocrx_word' id='word_1_460' title='bbox 3227 4318 3355 4376; x_wconf 86' lang='lat' dir='ltr'><strong>pro·-</strong></span> 
     </span>
     <span class='ocr_line' id='line_1_45' title="bbox 747 4385 3355 4467; baseline 0 -20"><span class='ocrx_word' id='word_1_461' title='bbox 747 4390 1069 4465; x_wconf 87' lang='lat' dir='ltr'><strong>posuimus.</strong></span> <span class='ocrx_word' id='word_1_462' title='bbox 1164 4387 1441 4448; x_wconf 84' lang='lat' dir='ltr'><strong>Ceterum</strong></span> <span class='ocrx_word' id='word_1_463' title='bbox 1485 4389 1549 4448; x_wconf 89' lang='grc'><strong>111</strong></span> <span class='ocrx_word' id='word_1_464' title='bbox 1594 4387 1687 4448; x_wconf 86' lang='lat' dir='ltr'><strong>his</strong></span> <span class='ocrx_word' id='word_1_465' title='bbox 1733 4408 1955 4450; x_wconf 84' lang='lat' dir='ltr'><strong>novum</strong></span> <span class='ocrx_word' id='word_1_466' title='bbox 1999 4391 2406 4450; x_wconf 85' lang='lat' dir='ltr'><strong>testimonium</strong></span> <span class='ocrx_word' id='word_1_467' title='bbox 2453 4389 2525 4448; x_wconf 90' lang='lat' dir='ltr'><strong>de</strong></span> <span class='ocrx_word' id='word_1_468' title='bbox 2570 4388 2982 4467; x_wconf 85' lang='lat' dir='ltr'><strong>monosyllabo</strong></span> <span class='ocrx_word' id='word_1_469' title='bbox 3028 4385 3124 4449; x_wconf 86' lang='grc' dir='ltr'><strong>τεί</strong></span> <span class='ocrx_word' id='word_1_470' title='bbox 3170 4406 3355 4448; x_wconf 86' lang='lat' dir='ltr'><strong>acces·</strong></span> 
     </span>
     <span class='ocr_line' id='line_1_46' title="bbox 749 4471 1460 4553; baseline -0.001 -17"><span class='ocrx_word' id='word_1_471' title='bbox 749 4471 850 4536; x_wconf 77' lang='lat' dir='ltr'><strong>sit’</strong></span> <span class='ocrx_word' id='word_1_472' title='bbox 899 4477 1041 4536; x_wconf 83' lang='lat' dir='ltr'><strong>Ahr.</strong></span> <span class='ocrx_word' id='word_1_473' title='bbox 1088 4476 1151 4535; x_wconf 88' lang='grc' dir='ltr'>Π</span> <span class='ocrx_word' id='word_1_474' title='bbox 1191 4479 1337 4553; x_wconf 85' lang='lat'><strong>254,</strong></span> <span class='ocrx_word' id='word_1_475' title='bbox 1360 4479 1460 4538; x_wconf 81' lang='lat'><strong>20.</strong></span> 
     </span>
    </p>

    <p class='ocr_par' dir='ltr' id='par_1_12' title="bbox 747 4560 3356 4828">
     <span class='ocr_line' id='line_1_47' title="bbox 929 4560 3356 4647; baseline 0.001 -23"><span class='ocrx_word' id='word_1_476' title='bbox 929 4567 1031 4641; x_wconf 92' lang='grc'><strong>82,</strong></span> <span class='ocrx_word' id='word_1_477' title='bbox 1057 4569 1132 4625; x_wconf 96' lang='grc'><strong>11</strong></span> <span class='ocrx_word' id='word_1_478' title='bbox 1176 4560 1496 4639; x_wconf 81' lang='grc' dir='ltr'>ἑκεινοςίν,</span> <span class='ocrx_word' id='word_1_479' title='bbox 1536 4561 1818 4647; x_wconf 77' lang='grc' dir='ltr'>οὗτοςίν]</span> <span class='ocrx_word' id='word_1_480' title='bbox 1855 4566 2000 4628; x_wconf 90' lang='lat' dir='ltr'><strong>Lob.</strong></span> <span class='ocrx_word' id='word_1_481' title='bbox 2038 4568 2153 4627; x_wconf 78' lang='lat' dir='ltr'><strong>En.</strong></span> <span class='ocrx_word' id='word_1_482' title='bbox 2192 4567 2254 4626; x_wconf 92' lang='lat' dir='ltr'><strong>II</strong></span> <span class='ocrx_word' id='word_1_483' title='bbox 2286 4569 2409 4628; x_wconf 82' lang='lat'><strong>156</strong></span> <span class='ocrx_word' id='word_1_484' title='bbox 2451 4563 2756 4629; x_wconf 82' lang='grc' dir='ltr'>ἐκεινοςίν</span> <span class='ocrx_word' id='word_1_485' title='bbox 2791 4568 3029 4645; x_wconf 89' lang='lat' dir='ltr'><strong>quidem</strong></span> <span class='ocrx_word' id='word_1_486' title='bbox 3080 4567 3356 4645; x_wconf 80' lang='lat' dir='ltr'><strong>exemplis</strong></span> 
     </span>
     <span class='ocr_line' id='line_1_48' title="bbox 749 4650 3356 4735; baseline 0.001 -21"><span class='ocrx_word' id='word_1_487' title='bbox 749 4675 867 4715; x_wconf 94' lang='lat' dir='ltr'><strong>non</strong></span> <span class='ocrx_word' id='word_1_488' title='bbox 913 4653 1284 4734; x_wconf 89' lang='lat' dir='ltr'><strong>comprobari</strong></span> <span class='ocrx_word' id='word_1_489' title='bbox 1329 4658 1554 4732; x_wconf 85' lang='lat' dir='ltr'><strong>monet,</strong></span> <span class='ocrx_word' id='word_1_490' title='bbox 1611 4657 1712 4717; x_wconf 88' lang='lat' dir='ltr'><strong>sed</strong></span> <span class='ocrx_word' id='word_1_491' title='bbox 1758 4658 1862 4717; x_wconf 90' lang='lat' dir='ltr'><strong>ubi</strong></span> <span class='ocrx_word' id='word_1_492' title='bbox 1908 4650 2101 4718; x_wconf 86' lang='grc' dir='ltr'>οὗτος</span> <span class='ocrx_word' id='word_1_493' title='bbox 2143 4660 2509 4735; x_wconf 89' lang='lat' dir='ltr'><strong>pronominis</strong></span> <span class='ocrx_word' id='word_1_494' title='bbox 2556 4676 2725 4719; x_wconf 88' lang='lat' dir='ltr'><strong>casus</strong></span> <span class='ocrx_word' id='word_1_495' title='bbox 2771 4661 2835 4718; x_wconf 90' lang='lat' dir='ltr'><strong>in</strong></span> <span class='ocrx_word' id='word_1_496' title='bbox 2878 4656 2916 4717; x_wconf 70' lang='lat' dir='ltr'><strong>&#39;c‘</strong></span> <span class='ocrx_word' id='word_1_497' title='bbox 2959 4660 3195 4734; x_wconf 84' lang='lat' dir='ltr'><strong>exeant,</strong></span> <span class='ocrx_word' id='word_1_498' title='bbox 3241 4677 3356 4717; x_wconf 94' lang='lat' dir='ltr'><strong>non</strong></span> 
     </span>
     <span class='ocr_line' id='line_1_49' title="bbox 747 4744 3090 4828; baseline 0 -23"><span class='ocrx_word' id='word_1_499' title='bbox 747 4765 883 4806; x_wconf 87' lang='lat' dir='ltr'><strong>raro</strong></span> <span class='ocrx_word' id='word_1_500' title='bbox 930 4744 988 4806; x_wconf 74' lang='grc' dir='ltr'><strong>ἰν</strong></span> <span class='ocrx_word' id='word_1_501' title='bbox 1033 4748 1097 4805; x_wconf 89' lang='grc'><strong>111</strong></span> <span class='ocrx_word' id='word_1_502' title='bbox 1143 4746 1440 4807; x_wconf 87' lang='lat' dir='ltr'><strong>codicibus</strong></span> <span class='ocrx_word' id='word_1_503' title='bbox 1485 4746 1869 4828; x_wconf 86' lang='lat' dir='ltr'><strong>deprehendi,</strong></span> <span class='ocrx_word' id='word_1_504' title='bbox 1915 4747 2093 4824; x_wconf 91' lang='lat' dir='ltr'><strong>idque</strong></span> <span class='ocrx_word' id='word_1_505' title='bbox 2139 4748 2613 4825; x_wconf 81' lang='lat' dir='ltr'><strong>frequentissime</strong></span> <span class='ocrx_word' id='word_1_506' title='bbox 2659 4751 2797 4810; x_wconf 87' lang='lat' dir='ltr'><strong>ante</strong></span> <span class='ocrx_word' id='word_1_507' title='bbox 2842 4747 3090 4809; x_wconf 77' lang='lat' dir='ltr'><strong>vocales.</strong></span> 
     </span>
    </p>

    <p class='ocr_par' dir='ltr' id='par_1_13' title="bbox 929 4830 2242 4915">
     <span class='ocr_line' id='line_1_50' title="bbox 929 4830 2242 4915; baseline 0.001 -21"><span class='ocrx_word' id='word_1_508' title='bbox 929 4836 1136 4910; x_wconf 84' lang='grc'>82,13</span> <span class='ocrx_word' id='word_1_509' title='bbox 1183 4830 1351 4915; x_wconf 88' lang='grc' dir='ltr'>τίνη]</span> <span class='ocrx_word' id='word_1_510' title='bbox 1399 4836 1541 4896; x_wconf 88' lang='lat' dir='ltr'><strong>Ahr.</strong></span> <span class='ocrx_word' id='word_1_511' title='bbox 1589 4837 1751 4898; x_wconf 82' lang='lat' dir='ltr'><strong>diali.</strong></span> <span class='ocrx_word' id='word_1_512' title='bbox 1799 4836 1862 4896; x_wconf 87' lang='lat' dir='ltr'><strong>H</strong></span> <span class='ocrx_word' id='word_1_513' title='bbox 1902 4839 2046 4897; x_wconf 88' lang='grc'>251.</span> <span class='ocrx_word' id='word_1_514' title='bbox 2098 4839 2242 4897; x_wconf 90' lang='grc'>256.</span> 
     </span>
    </p>

    <p class='ocr_par' dir='ltr' id='par_1_14' title="bbox 751 4920 3362 5093">
     <span class='ocr_line' id='line_1_51' title="bbox 927 4920 3362 5006; baseline 0.001 -22"><span class='ocrx_word' id='word_1_515' title='bbox 927 4924 982 4984; x_wconf 81' lang='grc' dir='ltr'><strong>δ.</strong></span> <span class='ocrx_word' id='word_1_516' title='bbox 1041 4924 1296 4984; x_wconf 83' lang='lat' dir='ltr'><strong>Dativus</strong></span> <span class='ocrx_word' id='word_1_517' title='bbox 1341 4926 1490 5004; x_wconf 86' lang='lat' dir='ltr'><strong>sing.</strong></span> <span class='ocrx_word' id='word_1_518' title='bbox 1537 4928 1752 4987; x_wconf 82' lang='lat' dir='ltr'><strong>tertiae</strong></span> <span class='ocrx_word' id='word_1_519' title='bbox 1795 4944 1946 5006; x_wconf 89' lang='lat' dir='ltr'><strong>pers.</strong></span> <span class='ocrx_word' id='word_1_520' title='bbox 2041 4920 2155 4999; x_wconf 83' lang='grc' dir='ltr'><strong>Οἶ,</strong></span> <span class='ocrx_word' id='word_1_521' title='bbox 2215 4929 2368 5002; x_wconf 75' lang='lat' dir='ltr'><strong>quod</strong></span> <span class='ocrx_word' id='word_1_522' title='bbox 2411 4924 2621 4987; x_wconf 78' lang='lat' dir='ltr'><strong>Atticis</strong></span> <span class='ocrx_word' id='word_1_523' title='bbox 2677 4932 2730 4987; x_wconf 79' lang='lat' dir='ltr'><strong>et</strong></span> <span class='ocrx_word' id='word_1_524' title='bbox 2781 4928 3028 4987; x_wconf 68' lang='lat' dir='ltr'><strong>Ionibus</strong></span> <span class='ocrx_word' id='word_1_525' title='bbox 3080 4929 3362 4988; x_wconf 72' lang='lat' dir='ltr'><strong>usitatum</strong></span> 
     </span>
     <span class='ocr_line' id='line_1_52' title="bbox 751 5014 3358 5093; baseline 0.002 -22"><span class='ocrx_word' id='word_1_526' title='bbox 751 5016 847 5082; x_wconf 76' lang='lat' dir='ltr'><strong>est,</strong></span> <span class='ocrx_word' id='word_1_527' title='bbox 894 5015 996 5072; x_wconf 81' lang='lat' dir='ltr'><strong>ubi</strong></span> <span class='ocrx_word' id='word_1_528' title='bbox 1038 5017 1190 5074; x_wconf 83' lang='lat' dir='ltr'><strong>recto</strong></span> <span class='ocrx_word' id='word_1_529' title='bbox 1236 5018 1366 5074; x_wconf 76' lang='lat' dir='ltr'><strong>tono</strong></span> <span class='ocrx_word' id='word_1_530' title='bbox 1400 5016 1721 5089; x_wconf 68' lang='lat' dir='ltr'><strong>profertur,</strong></span> <span class='ocrx_word' id='word_1_531' title='bbox 1770 5020 2233 5091; x_wconf 62' lang='lat' dir='ltr'><strong>circumflectitur</strong></span> <span class='ocrx_word' id='word_1_532' title='bbox 2241 5039 2263 5090; x_wconf 89' lang='lat'><strong>,·</strong></span> <span class='ocrx_word' id='word_1_533' title='bbox 2317 5014 2627 5077; x_wconf 74' lang='lat' dir='ltr'><strong>Aeozenses</strong></span> <span class='ocrx_word' id='word_1_534' title='bbox 2671 5019 2967 5093; x_wconf 73' lang='lat' dir='ltr'><strong>diqamma</strong></span> <span class='ocrx_word' id='word_1_535' title='bbox 3000 5020 3358 5093; x_wconf 73' lang='lat' dir='ltr'><strong>praefiytmt.</strong></span> 
     </span>
    </p>
   </div>
  </div>
 </body>
</html>
