3738 5530
608 357 733 419 214
1549 356 1730 407 ΠΕΡΙ
1769 354 2250 406 ΣΤΝΔΕΣΜῼΝ.

1651 475 1692 513 1».
1718 464 1810 513 480,
1841 467 1860 502 ι
1890 485 1938 494 -
1964 464 2056 513 482,
2092 464 2108 501 ι
2137 461 2165 500 b

612 581 764 627 ςτου
808 566 938 626 τῶν
985 562 1112 639 πρὸ
1156 561 1336 640 ἡμῶν
1380 561 1456 624 τὸ
1502 563 1817 638 χρειῶδες.
1893 558 2056 637 πρὸς
2115 556 2211 621 οἷς
2255 557 2355 621 καὶ
2399 558 2581 623 αὐτοί
2634 579 2691 622 τι
2748 556 3201 635 έπινοήςαντες
3237 567 3339 617 480

612 665 768 742 μετὰ
824 667 935 741 τῆς
992 662 1257 740 δεούςης
1314 661 1660 742 ςαφηνείας
1706 663 2203 742 παραδώςομεν,
2260 659 2379 724 οὐκ
2436 660 2616 725 έκτός
2672 660 2998 738 γινόμενοι
3044 658 3202 722 κατὰ

614 766 690 830 τὸ
736 766 1044 830 παντελὲς
1087 768 1198 842 τῆς
1242 770 1372 828 τῶν
1418 763 1714 828 (τωικῶν
1759 763 1962 841 δόξης.
2006 779 2025 796 ·

785 866 1219 931 Ποςειδώνιος
1265 865 1335 929 ἐν
1380 872 1471 949 τῷ
1517 867 1662 943 περὶ
1708 865 2071 943 ςυνδέςμων
2117 865 2467 941 ἀντιλέγων
2515 864 2675 942 πρὸς
2721 864 2875 928 τοὺς
2926 862 3204 944 φάςκον-
3262 887 3310 925 ιο

550 992 580 1039 5
615 990 759 1052 τας,
818 970 908 1034 ὼς
954 969 1016 1032 οἱ
1061 968 1391 1046 ςύνδεςμοι
1436 967 1516 1031 οὐ
1573 969 1832 1045 δηλοῦςι
1888 966 2002 1045 μέν
2045 988 2136 1049 τι,
2195 967 2354 1031 αὐτὸ
2415 968 2486 1030 δὲ
2540 966 2742 1041 μόνον
2799 969 2913 1045 τὴν
2972 966 3205 1046 φράςιν

619 1072 981 1151 ςυνδέουςι,
1051 1069 1242 1149 φηςὶν
1301 1068 1390 1133 ὡς
1456 1069 1744 1150 διαφέρει
1800 1068 1876 1132 τὸ
1945 1068 2280 1132 ἐπιδοῦναι
2336 1072 2453 1132 τοῦ
2513 1068 2906 1145 ἀποδοῦναι,
2975 1069 3066 1133 ὡς
3130 1069 3205 1133 τὸ

618 1173 911 1238 ἀπαιτεῖν
978 1176 1094 1235 τοῦ
1158 1172 1553 1248 προςαιτεῖν,
1622 1173 1723 1234 καὶ
1789 1167 1991 1235 ἄλλας
2057 1170 2234 1235 τινὰς
2300 1169 2597 1234 τοιαύτας
2667 1169 3015 1246 ςυντάξεις,
3085 1168 3206 1248 ἤδη

616 1272 1037 1352 πιςτούμενος
1096 1272 1192 1336 ὅτι
1248 1273 1320 1337 ἓν
1375 1272 1568 1351 μέρος
1627 1271 1828 1348 λόγου
1884 1272 1923 1352 ἥ
1979 1293 2048 1338 τε
2107 1273 2400 1351 πρόθεςις
2455 1273 2557 1336 καὶ
2610 1270 2648 1336 ὁ
2696 1272 3058 1351 ςύνδεςμος.
3136 1271 3206 1335 ἐν
3264 1292 3311 1331 15

615 1381 777 1454 γοῦν
821 1382 897 1459 τῇ
945 1375 1106 1457 αὐτῇ
1152 1373 1347 1440 πάλιν
1391 1382 1467 1458 τῇ
1514 1375 1943 1459 ἐναντιωτάτῃ
1988 1375 2154 1455 πρὸς
2201 1373 2484 1439 ἐκείνους
2515 1373 2868 1451 ἀντιρρήςει
2903 1359 3235 1437 έκτίθεται’

521 1499 584 1545 10
621 1478 776 1542 τοὺς
824 1478 982 1542 κατὰ
1028 1478 1217 1556 φύςιν
1265 1477 1682 1559 ςυνδέςμους,
1739 1476 2005 1556 φὰςκων
2052 1478 2142 1541 ὼς
2188 1477 2293 1541 διὰ
2335 1476 2452 1553 τὴν
2492 1476 2756 1553 δύναμιν
2831 1519 3208 1538 .....

616 1581 736 1660 <τό
779 1578 889 1643 ἵνα
934 1578 1287 1660 ἑπίρρη>μά
1342 1599 1554 1657 φαμεν
1608 1577 1907 1642 τοπικόν·
1967 1579 2005 1656 ἡ
2065 1581 2189 1658 γὰρ
2247 1577 2476 1658 φράςις
2533 1579 2879 1660 παρῃτεῖτο
2937 1575 3082 1661 [εἰς]
3134 1575 3209 1640 τὸ

622 1683 840 1746 καλεῖν
888 1680 1252 1759 ςύνδεςμον.
1328 1679 1481 1744 ἀλλ’
1526 1678 1740 1743 οὐκέτι
1787 1680 1856 1744 έν
1902 1687 1994 1763 τῷ
3263 1695 3314 1734 20

870 1780 981 1845 ἵνα
1026 1781 1280 1859 εἴδομεν
1325 1779 1520 1861 ἄμφω
1567 1781 1645 1861 (Α
1689 1780 1862 1863 363).

879 1883 1056 1964 ὄφρα
1099 1885 1213 1959 μἐν
1260 1883 1392 1960 ἠὼς
1437 1884 1517 1962 ἦν
1565 1883 1648 1964 (Θ
1693 1882 1836 1966 66),

526 2007 587 2055 15
623 1986 929 2068 χρονικόν
974 1985 1312 2063 ἐπίρρημα·

876 2085 1056 2167 ὄφρα
1099 2088 1411 2170 πεποίθῃς
1459 2085 1536 2168 (Α
1579 2087 1763 2168 524),
3075 2143 3105 2152 -

621 2188 964 2268 ςύνδεςμος
997 2189 1497 2253 ἀποτελεςτικός.
1524 2226 1602 2234 -
1629 2191 1687 2253 τί
1718 2188 1836 2254 οὖν
1862 2191 2090 2255 κωλύει
2126 2186 2275 2275 [καὶ]
2304 2189 2462 2254 κατὰ
2484 2194 2719 2254 τοῦτον
2746 2189 2862 2253 τὸν
2888 2188 3089 2263 λόγον
3113 2187 3218 2251 καὶ
3270 2205 3319 2244 25

622 2291 699 2354 τὰ
743 2289 883 2368 ἴςην
931 2290 1196 2368 δύναμιν
1244 2289 1722 2369 ἀναδεδεγμένα
1767 2291 2131 2369 ςυνδέςμοις
2177 2291 2367 2372 μόρια
2396 2293 2615 2355 καλεῖν
2647 2292 3030 2368 ςυνδέςμους
3062 2289 3217 2369 ὁμο-

624 2396 1013 2472 φωνοῦντας
1047 2391 1449 2470 προθέςεςιν,
1483 2393 1562 2457 οὐ
1596 2392 1755 2476 μήν,
1787 2392 1879 2456 ὡς
1910 2393 2118 2458 ἐδόκει
2148 2399 2238 2477 τῷ
2269 2392 2716 2476 Ποςειδμινίῳ,
2748 2394 2850 2457 καὶ
2879 2393 2992 2456 τὰς
3024 2392 3094 2456 ἐν
3125 2398 3217 2473 τῷ

522 2513 588 2562 20
623 2494 903 2578 τοιούτῳ
952 2495 1328 2578 δηλουμένῳ
1387 2496 1772 2574 ςυνδέςμους
1817 2498 2069 2579 καλεῖν,
2126 2495 2486 2570 ἐπιδοῦναι,
2544 2494 2938 2570 ἀποδοῦναι;
2985 2529 3068 2539 -
3125 2493 3219 2556 Οὐ

624 2597 849 2675 λέληθε
897 2598 986 2660 -δ’
1041 2598 1201 2676 ἡμᾶς
1262 2597 1554 2662 κάκεῖνος
1610 2597 1647 2661 ὁ
1705 2597 1929 2674 λόγος,
1992 2596 2081 2661 ὡς
2140 2595 2296 2661 οὐδὲ
2352 2597 2510 2661 κατὰ
2575 2597 2653 2660 τὸ
2713 2598 3026 2661 παντελὲς
3079 2598 3216 2658 τοῖς
3276 2613 3326 2652 30

627 2700 992 2774 ςυνδέςμοις
1068 2696 1565 2775 ἀνθυπάγονται.
1641 2698 1704 2764 εἰ
1777 2700 2005 2763 δεινὰ
2083 2699 2499 2778 δέδρακας·
2574 2697 2746 2762 ἀνθ’
2820 2697 2927 2762 ὧν
3000 2696 3224 2762 δεινὰ

625 2801 1041 2878 δέδρακας·
1112 2801 1254 2865 ἰδοὺ
1318 2802 1440 2880 γὰρ
1497 2804 1601 2867 καὶ
1663 2801 1911 2881 ἄρθρου
1968 2801 2429 2882 παρέμπτωςις.
2519 2801 2618 2864 καὶ
2684 2799 2774 2864 ἔτι
2845 2801 2909 2864 εἰ
2971 2801 3224 2877 ἡμέρα

627 2902 817 2983 έςτί,
885 2904 1051 2981 φῶς
1117 2902 1317 2966 ἑςτί·
1393 2905 1515 2969 διὰ
1582 2904 1667 2968 τὸ
1732 2903 2032 2982 ἡμέραν
2099 2901 2308 2968 εἶναι
2375 2906 2540 2983 φῶς
2607 2902 2784 2966 έςτί·
2859 2901 2960 2965 καὶ
3025 2900 3219 2965 πάλιν
3258 2916 3356 2964 481

533 3022 599 3070 25
636 3004 971 3080 παρειςέδυ
1015 3005 1091 3067 τὸ
1138 3003 1414 3085 ἄρθρον,
1460 3006 1559 3069 καὶ
1605 3003 1745 3069 ἀντὶ
1790 3005 2123 3083 ὁριςτικῶν
2169 3005 2602 3085 ἀπαρέμφατα
2644 3003 3046 3083 παρελήφθη.
3123 3000 3221 3065 ὅτι

631 3106 700 3169 δὲ
747 3106 906 3168 κατὰ
951 3105 1120 3168 πολὺ
1164 3106 1243 3170 τὰ
1290 3107 1478 3186 μόρια
1521 3107 1904 3187 χωριςτέον,
1962 3108 2178 3172 καθότι
2223 3108 2324 3170 καὶ
2368 3108 2486 3171 νῦν
2542 3106 2605 3170 οἱ
2659 3125 2912 3186 γραμμα
3000 3153 3014 3168 .
3100 3155 3116 3171 .
3209 3154 3222 3167 .
3275 3128 3301 3168 5

635 3255 649 3270 .
861 3261 874 3274 .
1554 3259 1568 3272 .
1765 3262 1779 3277 .
1867 3259 1882 3272 .
2186 3260 2199 3274 .
2395 3259 2409 3273 .
2922 3257 2936 3270 .
3024 3208 3226 3288 ἡμέρα

631 3308 797 3374 ἐςτίν
886 3356 1730 3374 .........
1818 3311 2128 3394 <ς>κότος
2174 3310 2299 3376 έςτί
2390 3356 2405 3372 .
2495 3360 2508 3374 .
2599 3359 2611 3372 .
2704 3361 2718 3375 .
2793 3309 3226 3392 <ςυν>δέςμου

768 3461 992 3513 Anava.
1062 3465 1095 3512 4
1132 3459 1562 3516 coniunctiones
1598 3463 1658 3515 et
1690 3460 2138 3531 praepositiones
2175 3460 2427 3515 diversae
2464 3459 2732 3514 orationis
2765 3460 2958 3529 partes
2991 3461 3137 3515 sunt.

637 3550 774 3557 .——-

771 3577 972 3633 D1scn.
1032 3594 1228 3636 sempr.
1310 3586 1357 3632 2.
1400 3597 1684 3648 γινομενοι
1721 3582 1763 3635 Α
1820 3585 1882 3635 et
1924 3580 1961 3633 b
2013 3579 2072 3633 in
2116 3596 2230 3635 var.
2277 3579 2437 3645 lect.,
2491 3595 2785 3644 γενόμενοι
2828 3577 2865 3631 b
2912 3578 2972 3631 in
3017 3579 3179 3632 textu
3219 3581 3226 3645 Ι

635 3673 683 3724 3.
723 3667 853 3734 post·
886 3666 1052 3730 δοξης
1087 3665 1227 3717 haec
1263 3666 1573 3732 sequuntur
1618 3666 1690 3719 ab
1729 3668 1791 3719 Α1
1831 3664 2043 3734 scripta
2086 3682 2133 3719 ει
2168 3667 2420 3719 δεοντως
2455 3680 2510 3717 αι
2547 3666 2889 3728 καλουμεναι
2922 3680 3078 3730 παρα
3110 3680 3230 3718 τοις

634 3764 1036 3818 γραμματικοις
1072 3756 1360 3814 προθεςεις
1397 3766 1551 3817 παρα
1585 3766 1703 3804 τοις
1739 3766 1997 3805 ςτωικοις
2035 3754 2356 3818 προθετικοι
2392 3749 2678 3815 ςυνδεςμοι
2703 3751 3008 3802 καλουνται
3032 3767 3067 3814 η
3095 3757 3229 3802 κατ’

636 3851 821 3890 ενιους
859 3834 1245 3900 ςυνδεςμοειδη
1285 3851 1464 3901 μορια,
1500 3850 1647 3903 quae
1683 3850 1867 3902 neque
1905 3833 2227 3887 maiusculis
2265 3835 2494 3887 exarata
2528 3848 2632 3886 nec
2669 3848 2704 3886 a
2739 3830 2940 3885 ceteris
2974 3833 3228 3886 seiuncta

637 3920 792 3983 sunt3
831 3916 1212 3984 inseripbionis
1247 3918 1369 3971 loco
1406 3919 1597 3987 posuit
1631 3918 1667 3971 b
1699 3921 1706 3984 Ι
1738 3924 1785 3975 6.
1823 3920 1902 3972 ὼς
1939 3919 2214 3986 διαφέρει]
2254 3919 2537 3985 διαφέρειν
2576 3917 2655 3971 ὡς
2693 3915 2942 3984 GUhlig,
2982 3916 3231 3985 <αὐτοὺς

638 4002 961 4071 διαφέρειν)
990 4003 1067 4055 ὡς
1092 4003 1347 4069 διαφέρει
1368 4001 1778 4057 CWachsmuth
1814 4004 1822 4070 1
1853 4009 1902 4059 9.
1929 4003 2317 4071 ἐναντιωτάτῃ
2346 3999 2597 4067 Gfflflig,
2625 4002 2983 4068 ἐναντιότητι
3006 4007 3079 4069 τῇ
3099 4002 3192 4056 Ab
3222 4002 3229 4069 Ι

643 4095 722 4142 10.
747 4088 875 4156 post
900 4090 1134 4153 δυναμιν
1157 4085 1356 4155 incipit
1379 4087 1476 4141 fol.
1511 4092 1605 4141 193
1617 4104 1659 4139 r.
1679 4108 1691 4150 ;
1715 4087 2002 4156 integrum
2026 4085 2225 4139 folium
2248 4084 2600 4139 inssercidisse
2629 4086 2818 4138 censet
2837 4082 3195 4139 RSchneider
3224 4087 3230 4153 Ι

643 4178 724 4225 11.
762 4173 871 4240 (τὸ
916 4172 1014 4224 ἵνα
1059 4171 1375 4239 ἑπίρρη>μα
1411 4170 1797 4237 RSchneider,
1851 4188 1925 4237 μα
1963 4173 2034 4237 Α,
2074 4170 2247 4239 <ἵ>να
2282 4169 2347 4236 b,
2396 4169 2495 4239 qui
2539 4184 2653 4223 non
2698 4169 2852 4222 reete
2889 4167 3027 4222 dicit
3062 4170 3104 4223 Α
3142 4185 3235 4222 ex·

641 4256 838 4311 hibere
875 4273 946 4309 να
968 4295 981 4321 ,
1019 4256 1122 4324 <ἐν
1158 4261 1243 4323 τῷ
1278 4255 1373 4308 ἵνα
1406 4260 1511 4323 γῆς
1534 4255 1668 4325 ἵ>να
1690 4254 1905 4309 ESterk
1936 4259 1946 4322 Ι
1977 4254 2055 4309 εἰς
2093 4253 2307 4309 delevit
2329 4253 2715 4319 RSchneider‚
2755 4253 2897 4306 αὐτὸ
2933 4269 3036 4322 pro
3061 4253 3141 4308 εἰς
3166 4255 3236 4308 τὸ

641 4340 1010 4395 RSkrzeczka
1038 4342 1046 4407 Ι
1085 4345 1158 4394 17.
1183 4342 1615 4396 ἀποτελεςτικὸς
1642 4339 2023 4407 RSkrzeczka‚
2044 4340 2419 4406 αἰτιολογικὸς
2445 4338 2538 4393 Ab
2569 4341 2578 4407 Ι
2610 4341 2701 4392 καὶ
2729 4337 2942 4392 delevit
2961 4337 3234 4392 CWaehs-

641 4427 804 4483 muth
855 4432 864 4492 l
919 4429 1097 4490 λογον
1132 4443 1221 4481 και
1254 4443 1328 4480 τα
1364 4430 1434 4491 Α,
1472 4426 1647 4490 λόγον
1679 4427 1753 4479 τὰ
1787 4426 1824 4478 b
1880 4430 1888 4490 Ι
1938 4432 2011 4481 19.
2048 4428 2403 4493 προςθεςεςιν
2440 4426 2482 4479 Α
2524 4430 2533 4491 1
2582 4430 2664 4478 20.
2702 4422 3076 4494 <προθέςεις>
3111 4440 3233 4478 ςυν-

645 4516 877 4580 δέςμους
916 4509 1331 4566 cwachsmuth
1361 4511 1372 4578 Ι
1403 4517 1483 4563 24.
1520 4514 1608 4566 διὰ
1645 4511 1708 4577 b,
1744 4513 1829 4565 διο
1865 4513 1910 4565 Α
1943 4515 1951 4578 Ι
1991 4517 2072 4568 23.
2110 4512 2489 4578 παρελημφθη
2526 4513 2570 4565 Α
2602 4510 2611 4577 Ι
2649 4514 2734 4562 26.
2776 4524 3001 4574 γραμμα
3037 4507 3238 4561 ultima

643 4615 753 4653 vox
790 4598 875 4651 est
907 4596 967 4649 in
1003 4595 1191 4650 medio
1226 4596 1320 4650 fol.
1362 4603 1452 4662 933
1489 4596 1609 4650 eius
1644 4595 1731 4648 uti
1763 4595 1988 4664 reliqua
2021 4611 2151 4665 pars
2185 4595 2268 4649 ita
2289 4596 2475 4648 totum
2497 4593 2593 4648 fol.
2619 4599 2686 4648 94
2709 4608 2950 4646 vacuum
2977 4591 3238 4645 relictum

646 4686 746 4738 est.
805 4680 957 4746 Quae
993 4679 1089 4739 fol.
1115 4686 1181 4735 95
1205 4698 1247 4738 r.
1273 4682 1609 4750 sequuntur,
1647 4679 1846 4734 eadem
1872 4697 2043 4734 manu
2067 4679 2279 4748 scripta
2303 4681 2458 4747 sunt,
2496 4694 2612 4746 qua
2634 4679 2787 4732 totus
2811 4677 2989 4732 codex
3013 4678 3240 4746 praeter

647 4766 866 4834 septem
903 4764 1003 4819 illa
1035 4766 1283 4834 syntaxis
1318 4764 1456 4820 folia
1490 4766 1550 4819 et
1583 4779 1709 4819 eam
1744 4765 1997 4835 partem,
2043 4764 2113 4819 de
2151 4780 2265 4831 qua
2299 4762 2468 4819 modo
2504 4761 2775 4829 diximuS,
2814 4761 3080 4817 exaratus
3117 4761 3235 4831 est!

648 4855 732 4909 28.
769 4866 797 4904 ς
830 4848 869 4903 b
904 4849 961 4902 in
1001 4866 1117 4903 var.
1150 4849 1278 4905 lect.
1318 4850 1444 4905 add.
1478 4852 1488 4918 Ι
1518 4867 1617 4907 ςυν
1650 4849 1689 4904 b
1723 4849 1783 4903 in
1817 4865 1937 4903 var.
1975 4847 2103 4903 leot.
