3738 5530
747 317 875 384 160
947 316 1391 373 Commentarius
1419 317 1647 372 criticus
1676 319 1735 371 et
1762 317 2085 387 exegeticus
2113 317 2174 371 in
2202 317 2490 388 Apollonii
2518 317 2749 387 Dyscoli
2777 318 2988 388 scripta
3014 318 3247 372 minora.

923 489 1071 563 139,
1090 490 1173 548 10
1210 487 1282 547 cf.
1312 487 1444 547 adv.
1480 488 1625 562 160,
1648 488 1758 566 263
1803 487 1967 547 Ioan.
1995 486 2161 546 Alex.
2191 502 2325 547 τον.
2355 503 2504 562 παρ.
2536 488 2640 564 30,
2661 489 2774 563 2ος
2817 487 2955 546 Her.
2984 487 3047 546 Π
3087 488 3234 563 247,
3258 489 3358 546 16.

925 578 1069 653 139,
1096 581 1170 637 11
1223 577 1294 637 cf.
1334 577 1466 638 adv.
1510 577 1780 651 152‚18.

924 667 1173 741 139‚15
1223 666 1354 727 adv.
1399 667 1544 741 152,
1565 668 1676 740 203
1721 665 1866 725 Lob.
1915 666 1991 725 ad
2039 663 2218 742 Soph.
2255 656 2383 724 Αἰ*
2417 686 2471 725 v.
2512 667 2660 726 805.

926 757 1072 831 139,
1096 757 1174 815 16
1225 752 1295 817 ἐν
1343 755 1479 816 τοῖς
1533 750 1703 834 ἑξῆς]
1760 756 1938 815 huius
1992 755 2081 814 rei
2134 759 2343 832 postea
2396 756 2758 815 mentionem
2811 774 2931 814 non
2984 755 3114 814 fieri
3158 758 3362 815 monet

742 843 1037 905 GDronke
1073 845 1167 904 ΠΙ
1214 846 1359 905 328.
1445 844 1531 904 Of.
1569 845 1783 903 Matth.
1821 845 1852 903 Ι
1901 848 1957 906 9.

926 935 1174 1009 139,17
1224 929 1662 1013 ἐπεδείξαμεν]
1712 933 1842 993 adv.
1888 934 2035 1008 138,
2057 936 2111 994 9.

927 1025 1072 1099 139,
1096 1026 1352 1084 19-21
1403 1018 1626 1084 ἔπειτα
1671 1042 1779 1100 pro
1826 1019 1966 1084 ἐπεὶ
2012 1022 2221 1083 scribit
2264 1027 2327 1082 et
2371 1019 2700 1098 (υνέχουει
2728 1054 2816 1065 -
2845 1017 3156 1098 εἰρήεεται
3202 1022 3362 1083 delet

741 1113 955 1173 Matth.
993 1113 1026 1172 I
1071 1115 1173 1172 47.
1221 1147 1310 1155 -
1352 1109 1456 1173 Ἐν
1503 1112 1639 1174 τοῖς
1686 1108 1856 1191 ἑξῆς]
1911 1114 2057 1188 152,
2086 1115 2184 1171 10.

924 1204 1173 1278 139,22
1222 1204 1294 1262 cf.
1334 1203 1465 1282 adv.
1511 1203 1655 1277 148,
1679 1203 1789 1277 15;
1835 1202 1975 1261 Her.
2004 1202 2036 1261 I
2072 1203 2324 1277 487,13
2347 1220 2474 1278 sqq.
2547 1202 2762 1261 Matth.
2791 1201 2822 1259 I
2861 1204 2943 1262 29
2982 1197 3359 1283 <όξυτόνῳ>

743 1287 1144 1372 ὀνομαστικῇ,
1193 1292 1351 1368 quod
1398 1292 1761 1368 superfluum
1806 1310 1932 1351 esse
1978 1293 2205 1368 optimo
2249 1293 2380 1351 iure
2424 1295 2625 1352 censet
2668 1291 2951 1370 Egenolff
2981 1291 3069 1350 IV
3107 1294 3207 1351 49.

924 1383 1070 1457 139,
1094 1384 1174 1441 23
1224 1378 1313 1442 ὥς
1358 1382 1519 1440 delet
1562 1381 1774 1441 Matth.
1813 1381 1845 1440 I
1894 1383 1994 1440 29.

927 1472 1072 1547 140,
1095 1473 1131 1530 2
1180 1466 1535 1550 πρόκειται]
1584 1471 1716 1531 adv.
1760 1472 1906 1547 134,
1929 1472 2256 1548 28—135,
2277 1472 2377 1531 20.

926 1562 1071 1635 140,
1091 1562 1130 1619 3
1179 1559 1303 1620 Sko.
1337 1560 1400 1619 11
1444 1561 1544 1620 25.

917 1649 1033 1709 Eis
1078 1654 1272 1710 autem
1316 1652 1419 1724 qui
1462 1644 1763 1725 ὑπόδρα
1806 1667 2041 1709 omnmo
2075 1666 2195 1710 non
2240 1598 2607 1710 adverbium
2628 1667 2749 1710 esse
2793 1655 3039 1719 censent,
3085 1650 3187 1708 sed
3229 1667 3359 1708 con-

695 1741 1089 1799 ·iwnctionem
1144 1739 1510 1813 expletivum,
1572 1740 1678 1798 hoc
1724 1741 1993 1814 primum
2042 1757 2258 1814 oppom
2308 1743 2501 1813 potest
2553 1756 2648 1798 eos
2701 1757 2832 1799 cum
2896 1741 3016 1815 leye
3067 1756 3356 1814 puynare,

739 1832 1053 1889 statuentes
1112 1830 1537 1888 coniunctiones
1595 1829 1818 1888 concidi
1869 1846 2047 1902 posse
2104 1824 2211 1905 (δὴ
2270 1823 2353 1903 ῥά
2389 1853 2474 1876 ==
2513 1824 2691 1906 δῇ).
2786 1828 3036 1889 Omnmo
3091 1830 3243 1888 enim
3293 1832 3361 1887 ut

740 1919 1152 1992 comprobetur,
1210 1919 1567 1991 affectionem
1610 1919 1874 1991 aliquam
1917 1919 2254 1993 analoyiam
2297 1919 2488 1992 sequi,
2545 1919 2942 1992 quaerendmn
2997 1921 3081 1978 est
3132 1918 3359 1977 aliaeue

740 2008 998 2067 eiusdem
1042 2009 1324 2067 orationis
1357 2010 1557 2081 partis
1601 2024 1763 2066 voces
1801 2008 2042 2066 eamdem
2078 2009 2436 2081 affectionem
2470 2010 2800 2081 patiantur.
2877 2005 3358 2068 Coniunctionmn

739 2101 934 2156 autem
986 2115 1106 2156 non
1158 2113 1431 2171 syncope,
1495 2097 1597 2156 sed
1650 2097 1999 2171 synaloephe
2049 2100 2305 2171 propria
2360 2101 2456 2155 εει.
2503 2129 2591 2137 -
2635 2095 2804 2155 Nihil
2865 2100 3061 2156 autem
3121 2096 3357 2170 impedit

737 2205 812 2245 ne
862 2188 930 2245 in
981 2187 1074 2245 his
1129 2181 1427 2260 ὑπόδρα
1480 2179 1665 2245 ἰδών
1719 2186 1957 2245 videndi
2008 2188 2166 2245 notio
2220 2187 2310 2246 bis
2360 2187 2531 2245 insit:
2589 2187 2656 2246 id
2709 2188 2864 2245 enim
2915 2188 3179 2261 eonyrm't
3228 2202 3357 2244 cmm

739 2275 988 2334 Homeri
1032 2276 1443 2334 consuetudine
1491 2276 1636 2351 140,
1659 2275 1895 2335 5—30.

925 2366 1066 2440 140,
1089 2365 1128 2423 8
1177 2365 1248 2423 cf.
1278 2363 1712 2442 Wackernagel
1757 2365 1921 2440 path.
1966 2368 2074 2443 113
2119 2361 2456 2439 κατορθόω
2504 2363 2649 2441 quid
2694 2363 2991 2441 significet
3034 2383 3088 2422 v
3128 2363 3248 2421 ind.

922 2455 1066 2529 140,
1092 2455 1174 2513 10
1222 2451 1344 2513 ska
1379 2453 1441 2511 Π
1490 2455 1600 2529 253
1646 2453 1847 2533 Egger
1885 2453 1999 2530 Ap.
2041 2408 2185 2513 306.
2260 2453 2693 2531 Wackernagel
2738 2453 2902 2530 path.
2948 2455 3026 2512 11
3076 2453 3359 2529 proponit

738 2539 843 2602 καὶ
880 2537 919 2602 ὸ
956 2540 1102 2618 περὶ
1147 2542 1261 2616 τῆς
1306 2538 1378 2603 ἐν
1424 2537 1649 2617 ῥήμαει
1694 2539 1798 2602 καὶ
1843 2538 1917 2603 ἐν
1963 2537 2207 2617 ἑτέροις
2253 2537 2477 2617 ῥήμαει
2520 2561 2632 2619 pro
2677 2538 2779 2602 καὶ
2827 2538 2899 2602 ἐν
2947 2537 3355 2616 ἐπιρρήμαειν

739 2627 989 2706 ρήμαει;
1045 2631 1147 2692 sed
1201 2632 1348 2692 haec
1402 2651 1509 2691 nec
1563 2632 1873 2709 Apollonii
1927 2631 2411 2692 consuetudinem
2466 2650 2673 2709 sapere
2728 2650 2837 2690 nec
2890 2633 3017 2691 eius
3071 2631 3356 2690 orationis

737 2723 930 2798 partis
966 2724 1260 2783 rationem
1297 2722 1531 2798 habere,
1567 2722 1665 2782 cui
1691 2722 1805 2800 Ap.
1835 2718 2091 2798 ὑπόδρα
2125 2720 2374 2796 tribuat,
2418 2724 2576 2782 recte
2614 2723 2816 2782 monet
2848 2720 3130 2800 Egenolff
3148 2720 3180 2780 I
3211 2721 3354 2780 843.

739 2812 1013 2871 Breviter
1055 2814 1127 2871 ut
1170 2812 1325 2871 solet
1366 2812 1479 2889 Ap.
1517 2812 1811 2889 loquitur3
1865 2813 1978 2872 hoc
2023 2814 2182 2872 enim
2226 2812 2384 2872 vult:
2448 2808 2552 2872 καὶ
2598 2806 2637 2872 ὁ
2683 2808 2896 2883 λέγων
2941 2807 3088 2886 περὶ
3134 2826 3354 2881 cunco-

739 2900 864 2974 πῆε
909 2901 1021 2975 τῆς
1067 2897 1140 2962 ἐν
1186 2897 1577 2977 ἐπιρρήμαει,
1615 2898 1941 2976 ευγκοπὴν
1978 2897 2273 2964 ἐπιδείξει
2310 2897 2414 2960 καὶ
2451 2897 2523 2962 ἐν
2561 2896 2805 2975 ἑτέροις
2844 2896 3216 2975 ἐπιρρήμαει
3254 2896 3355 2959 καὶ

742 2986 982 3064 ῥήμαει.
1076 2990 1162 3049 cf.
1212 2990 1344 3050 adn.
1394 2989 1471 3050 ad
1512 3011 1679 3067 pron.
1723 2994 1781 3065 7,
1803 2992 1904 3050 28.
1951 3023 2040 3033 —
2084 2986 2278 3065 Παρὰ
2330 2990 2492 3062 γοῦν
2550 2983 2648 3073 (ut
2692 2989 3026 3067 exemplum
3086 2980 3354 3070 afferam)

739 3073 1056 3158 Αἰολεῦει]
1105 3081 1177 3139 cf.
1216 3079 1357 3139 Ahr.
1397 3079 1560 3139 diall.
1599 3080 1630 3140 1
1681 3082 1827 3157 149,
1850 3084 1916 3155 13
1962 3080 2095 3139 Mei.
2134 3080 2165 3140 1
2215 3080 2359 3140 150.

920 3169 1170 3243 140,12
1217 3187 1338 3229 non
1383 3172 1515 3228 erat
1549 3170 1709 3247 quod
1754 3170 1991 3229 Bekker
2035 3170 2097 3229 et
2139 3170 2325 3229 Lehrs
2370 3161 2554 3252 (Ann.
2584 3170 2702 3228 litt
2731 3168 2863 3227 Jen.
2899 3169 3069 3227 1879
3107 3187 3165 3243 p.
3199 3157 3354 3246 224)
3484 3252 3491 3261 .

738 3256 1085 3317 dubitarent
1128 3258 1200 3316 de
1246 3259 1357 3318 hoc
1403 3253 1572 3319 ὅστις
1616 3260 1985 3336 pronominis
2029 3259 2094 3318 in
2140 3259 2367 3318 directa
2411 3258 2878 3337 interrogatione
2923 3276 3064 3332 usu3
3109 3276 3164 3315 v.
3211 3255 3350 3314 Lob.

739 3345 955 3423 Phryn.
1006 3348 1119 3423 573
1178 3347 1293 3407 En.
1340 3347 1371 3405 Ι
1418 3350 1521 3423 78,
1546 3352 1610 3423 13
1668 3349 1814 3408 locis
1868 3348 1956 3407 ibi
2010 3348 2213 3408 allatis
2268 3350 2508 3424 praeter
2559 3348 2716 3406 hunc
2769 3350 2833 3406 in
2879 3366 2998 3424 quo
3053 3364 3356 3405 versamur

738 3435 1042 3495 addendus
1090 3440 1182 3496 est
1216 3439 1371 3513 synt.
1414 3439 1517 3513 20,
1540 3440 1619 3496 27
1670 3433 1990 3512 ὁπότερος
2035 3433 2214 3509 Αἴα<;;
2258 3439 2565 3514 ipsiusque
2609 3437 2724 3513 Ap.
2768 3439 3154 3513 praeceptum
3200 3438 3352 3511 synt.

742 3527 845 3600 74,
866 3527 903 3584 8
953 3522 1250 3601 φαμένου
1295 3521 1418 3601 γάρ
1465 3542 1639 3588 τινος
1685 3522 1913 3599 ‘Mad
1960 3521 2512 3602 ἀνθυπαχθήεεται
2559 3520 2952 3601 εὁπότιῑροε’;

921 3616 1065 3692 140,
1091 3617 1171 3675 14
1220 3617 1293 3675 cf.
1331 3615 1475 3676 Lob.
1511 3617 1627 3676 En.
1665 3617 1696 3675 Ι
1748 3619 1891 3676 177.

921 3707 1067 3778 140,
1090 3706 1171 3764 28
1210 3703 1578 3766 GFSchoem.
1607 3706 1670 3765 II
1712 3709 1789 3766 11
1824 3732 1910 3754 =
1939 3723 2136 3782 opusc.
2166 3705 2256 3764 IV
2291 3700 2455 3765 ‘Hoc
2492 3707 2650 3765 enim
2687 3705 2851 3780 dicit,
2888 3706 3198 3779 utriusque
3234 3703 3350 3762 dic·

736 3796 918 3855 tionis
962 3790 1213 3854 ὑπιδών
1258 3798 1321 3855 et
1365 3791 1621 3871 ὑπόδρα
1666 3791 1824 3856 ἰδών
1861 3795 2110 3855 eandem
2145 3796 2645 3855 constructionem
2682 3813 2810 3855 esse
2844 3796 3161 3871 propterea
3199 3790 3351 3869 quod

737 3883 943 3943 eadem
981 3884 1289 3961 utriusque
1336 3885 1693 3962 significatio
1739 3887 1832 3945 sit.
1908 3880 2090 3959 Πρὸ(
2136 3878 2235 3944 οἶ(
2281 3888 2371 3945 est
2415 3886 2454 3944 i.
2495 3904 2548 3960 q.
2598 3879 2684 3943 ‘et
2726 3878 3059 3961 praeterea'
3095 3929 3106 3941 .
3148 3929 3161 3941 .
3234 3880 3350 3941 Ad·

737 3973 901 4032 ditur
944 3975 1101 4032 enim
1146 3974 1257 4033 hoc
1304 3976 1720 4052 argumentum
1765 3975 1857 4051 iis,
1906 3992 2058 4050 quae
2105 3977 2244 4033 ante
2288 3974 2600 4051 proposita
2645 3976 2816 4033 erant
2860 3972 2937 4033 ad
2980 3971 3351 4031 refutandam

737 4081 942 4122 eorum
997 4064 1382 4140 sententiam,
1437 4064 1542 4141 qui
1596 4060 1851 4139 ὑπόδρα
1908 4063 2252 4123 adverbium
2308 4083 2433 4124 esse
2487 4066 2852 4142 negaverant
2907 4081 2977 4121 ex
3034 4062 3216 4121 verbo
3259 4059 3349 4120 vel

737 4148 916 4227 δράω
975 4152 1071 4211 vel
1127 4149 1333 4228 δέρκω
1389 4172 1524 4212 cum
1577 4154 2016 4230 praepositione
2070 4155 2312 4213 factum.
2413 4153 2508 4212 Ad
2562 4154 2708 4212 haec
2762 4154 2951 4230 igitur
3005 4152 3351 4229 argumenta

737 4241 968 4301 accedit
1021 4244 1204 4301 etiam
1257 4242 1394 4317 hoc,
1455 4243 1615 4319 quod
1670 4237 1925 4318 ὑπόδρα
1981 4237 2138 4303 ἰδών
2193 4243 2399 4303 eodem
2452 4242 2629 4301 modo
2686 4245 2865 4319 atque
2925 4236 3174 4301 ὑπιδών
3220 4258 3349 4299 con·

737 4332 1016 4407 struitur,
1073 4332 1300 4391 scilicet
1353 4333 1497 4408 quia
1550 4330 1756 4392 eadem
1802 4334 2111 4408 utriusque
2171 4332 2529 4410 significatio
2574 4335 2690 4407 est,
2745 4331 2902 4390 unde
2951 4333 3225 4406 apertum
3268 4328 3349 4401 fit,

736 4421 858 4480 vim
905 4421 1072 4481 verbi
1119 4415 1277 4480 ἰδών
1324 4421 1604 4481 adverbio
1651 4416 1908 4496 ὑπόδρα
1945 4422 2149 4481 addito
2185 4421 2464 4481 similiter
2496 4423 2837 4498 temperari,
2884 4438 3064 4496 quam
3110 4420 3162 4478 si
3201 4437 3346 4478 com-

735 4514 996 4585 ponatur
1041 4530 1177 4568 cum
1221 4512 1660 4587 praepositione
1706 4505 1879 4572 ὑπό.’
1927 4543 2013 4551 -
2061 4506 2184 4569 Βὲιι
2217 4511 2281 4569 II
2330 4512 2429 4570 25.

915 4592 974 4681 e)
1022 4595 1181 4661 Πύξ
1220 4603 1271 4658 ει
1308 4595 1441 4662 λάξ
1481 4605 1532 4659 ει
1567 4601 1788 4661 similia
1820 4618 1959 4667 non,
2004 4604 2071 4659 ut
2106 4602 2346 4673 quidam
2381 4602 2702 4669 volueraemt,
2740 4602 2981 4659 nomina
3020 4615 3157 4666 esse,
3204 4596 3349 4671 quod

739 4707 869 4748 cum
926 4689 1177 4768 πυγμῇ
1239 4692 1366 4749 sim.
1414 4692 1756 4750 commu-tari
1803 4691 2063 4765 possint,
2122 4691 2225 4748 sed
2286 4691 2592 4759 adverbia,
2654 4708 2722 4748 ex
2782 4707 2844 4749 eo
2905 4691 3152 4763 apparet
3204 4685 3348 4761 quod

736 4795 961 4852 semper
1004 4796 1136 4838 cum
1179 4780 1349 4839 verbo
1395 4784 1810 4841 construunwr
1856 4784 1909 4839 ει
1950 4779 2389 4839 indeclinabilia
2428 4783 2567 4840 sunt
2606 4781 2752 4853 141,
2776 4779 3007 4837 1—15.
3084 4775 3171 4836 Cf.
3210 4773 3345 4833 Lob.

738 4865 956 4927 Parall.
998 4869 1099 4927 97.

922 4958 1126 5027 141‚5
1175 4953 1529 5036 πρόκειται]
1579 4958 1712 5018 adv.
1757 4961 1902 5034 119,
1925 4959 2329 5034 5-12Ο,18.
