3738 5530
1446 1366 2074 1449 PRAEMON
2096 1366 2404 1448 [TUM

1294 1504 1741 1565 monium
1792 1504 2171 1567 AUGUSTI
2216 1503 2555 1565 woman.

801 1793 979 1870 Quod
1027 1795 1131 1858 vix
1178 1793 1592 1877 sperabamus
1637 1793 1944 1871 futurum,
1991 1795 2065 1855 ut
2110 1791 2324 1856 statim
2369 1793 2577 1874 primo
2623 1791 2829 1856 Musei
2874 1793 3220 1876 antiquarii
3246 1828 3291 1866 p.
3321 1817 3449 1857 1111)

632 1897 953 1961 volumine
1015 1895 1255 1979 aliquid
1323 1894 1555 1959 veteris
1606 1894 1938 1978 scriptoris
1994 1893 2307 1957 ineditum
2362 1893 2763 1975 afferremus,
2835 1893 3075 1958 factum
3132 1899 3229 1959 est

631 1997 880 2062 erudita
934 2018 1088 2061 cura
1143 1995 1331 2059 unius
1386 2017 1463 2059 ex
1508 1995 1862 2061 studiorum
1919 1998 2278 2059 nostrorum
2325 1995 2540 2076 sociis,
2599 1994 2777 2059 cuius
2821 2016 3058 2059 nomen
3105 1996 3228 2062 hac

630 2099 909 2164 editione
977 2098 1055 2161 ad
1124 2097 1403 2181 plurium
1467 2095 1869 2181 popularium
1937 2096 2233 2161 notitiam
2300 2095 2608 2180 proditur.
2714 2098 2818 2161 Ab
2878 2097 2991 2161 illo
3056 2098 3227 2162 enim

631 2199 993 2284 accepimus
1052 2198 1161 2262 diu
1204 2202 1640 2282 exspectatum
1685 2198 2144 2282 Apollonii,
2199 2197 2582 2262 nobilissimi
2642 2197 3093 2281 Grammatici,
3156 2201 3227 2263 li-

627 2302 846 2384 brum,
917 2299 1029 2384 qui
1095 2320 1235 2364 cum
1302 2300 1446 2364 aliis
1516 2300 1761 2365 duobus
1819 2300 2045 2365 similis
2102 2300 2468 2385 argumenti
2522 2299 2731 2365 adhuc
2787 2302 2856 2366 in
2913 2301 3244 2392 ditissima·

629 2403 856 2468 talium
914 2401 1240 2485 copiarum
1300 2401 1686 2466 bibliotheca
1741 2401 2087 2466 Parisiensi
2140 2402 2411 2466 iacebat.
2498 2401 2665 2466 Eum
2722 2403 3002 2468 codicem
3059 2405 3228 2487 prin-

631 2526 779 2589 ceps
846 2504 999 2569 olim
1070 2502 1344 2568 contulit
1408 2503 1662 2587 suisque
1719 2503 1946 2568 studiis
2000 2503 2186 2568 utilia
2241 2504 2533 2567 enotavit
2585 2502 3052 2582 Salmasius,
3121 2505 3227 2588 qui

632 2617 849 2672 tamen
894 2624 1064 2685 rar0,
1126 2607 1200 2668 ut
1243 2603 1478 2668 alicubi
1523 2605 1601 2669 ad
1650 2604 1961 2686 Solinnm,
2007 2604 2321 2669 nonnulla
2365 2605 2516 2670 inde
2560 2605 2928 2689 proferendi
2973 2607 3224 2690 copiam

633 2708 875 2773 habuit.
964 2704 1250 2770 Tandem
1304 2703 1585 2789 largiora
1630 2707 1913 2773 indidem
1958 2706 2280 2792 Excerpta
2322 2710 2606 2771 extremo
2653 2709 2828 2791 operi
2874 2707 3228 2773 Maittai-

633 2812 869 2874 riano
916 2808 993 2871 de
1042 2806 1359 2871 Dialectis
1403 2808 1514 2872 Gr.
1562 2808 1644 2872 ab
1702 2830 1770 2872 se
1813 2810 2086 2893 repetito
2131 2809 2364 2873 adiecit
2403 2807 2505 2873 Jo.
2553 2808 2664 2875 Fr.
2709 2808 3096 2892 Reitzius,
3154 2831 3230 2872 ex

631 2912 726 2976 Is.
776 2909 1049 2976 Vossii
1107 2908 1484 2992 apographo
1541 2910 1950 2992 transcripta.
2038 2909 2233 2974 Hunc
2288 2912 2501 2973 autem
2557 2909 2914 2973 Vossium
2973 2909 3229 2973 nonnisi

634 3015 880 3097 aliquot
940 3010 1447 3089 observationes,
1509 3011 1630 3075 sibi
1688 3010 2104 3074 notabiliores
2149 3010 2351 3088 visas»,
2409 3015 2476 3073 et
2515 3032 2741 3094 parum
2787 3020 3082 3075 accurate
3126 3033 3230 3076 ex-

638 3114 944 3198 cerpsisse
1001 3116 1067 3176 et
1118 3134 1262 3178 cum
1316 3113 1533 3197 paucis
1579 3113 1964 3196 fragmentis
2008 3109 2087 3175 de
2131 3109 2455 3174 Adverbio
2503 3111 2893 3191 confudisse,
2948 3114 3043 3177 ita
3084 3134 3228 3177 mox
3259 3136 3446 3185 1›.1v1›

636 3216 969 3301 apparuit,
1029 3217 1101 3278 ut
1151 3214 1427 3279 frustula
1482 3214 1655 3278 edita
1711 3211 1937 3276 edendi
1981 3212 2218 3297 integri
2264 3212 2434 3295 epuli
2479 3213 2859 3278 desiderium
2903 3220 3234 3280 moverent

636 3318 843 3403 magis
910 3337 1098 3400 quam
1171 3316 1518 3400 explerent.
1617 3314 1906 3378 Allatum
1974 3313 2203 3378 deinde
2265 3313 2578 3398 integrius
2652 3319 3092 3399 apographum
3151 3317 3230 3380 ad

643 3419 917 3485 Batavos
988 3423 1086 3481 est
1140 3439 1254 3501 per
1307 3416 1894 3493 Ruhnkenium,
1964 3416 2070 3499 qui
2137 3436 2280 3479 cum
2348 3416 2480 3480 suis
2547 3415 2706 3480 illud
2772 3418 2991 3482 amicis
3055 3439 3228 3483 usur·

638 3521 924 3605 pandum
983 3520 1286 3602 dedisset,
1345 3520 1624 3584 moriens
1679 3517 1937 3601 reliquit
1980 3515 2404 3581 bibliothecae
2448 3517 3063 3603 Lugdunobatavae,
3121 3520 3230 3584 ubi

645 3622 832 3687 hodie
877 3621 1247 3688 custoditur.
1334 3620 1602 3684 Frustra
1643 3619 1709 3683 id
1751 3640 1957 3702 nuper
2000 3618 2122 3683 sibi
2171 3617 2603 3684 Maittairii
2647 3618 2973 3686 Dialectos
3015 3642 3228 3685 recen·

640 3728 856 3789 taturo
912 3723 1267 3809 quaesitum
1312 3744 1477 3799 esse,
1535 3743 1668 3787 non
1712 3721 1852 3784 sine
1896 3718 2228 3784 stomacho
2272 3725 2658 3803 conquestus
2703 3726 2803 3786 est
2847 3722 3231 3787 Sturzius.

810 3825 1146 3890 Servatum
1191 3825 1347 3888 vero'
1373 3822 1639 3887 Parisiis
1682 3822 2078 3905 primitivum
2120 3822 2445 3910 exemplar
2473 3823 2602 3887 iam
2639 3823 2962 3887 communi
2994 3823 3233 3888 studio·
3363 3845 3369 3852 ·

640 3949 853 3993 sorum
923 3926 1252 3992 commodo
1329 3929 1620 4008 apertum
1686 3924 1987 3987 debemus
2053 3922 2225 3988 Viris
2301 3924 2889 4003 excellentissimis,
2962 3925 3074 4009 qui
3139 3925 3229 3989 illi

642 4029 1029 4094 Graecorum
1076 4027 1259 4093 MSS.
1316 4025 1615 4092 thesauro
1672 4024 1979 4110 praefecti
2025 4025 2285 4110 egregie
2339 4026 2580 4110 sciunt,
2636 4026 2863 4111 quibus
2906 4027 3111 4091 modis
3156 4027 3232 4091 de

642 4130 1066 4215 exquisitioris
1124 4130 1453 4194 doctrinae
1509 4128 1736 4193 studiis
1781 4126 1945 4190 bene
1989 4127 2217 4191 mereri
2263 4128 2483 4192 deceat
2526 4130 2774 4194 tantam
2821 4128 3231 4212 opulentiam,

644 4254 807 4316 quae
851 4254 982 4296 non
1028 4232 1245 4296 omnia
1289 4231 1358 4294 in
1402 4229 1692 4314 proprios
1735 4250 1887 4293 usus
1933 4232 2302 4292 convertere
2346 4230 2565 4313 possit,
2612 4233 2676 4293 et
2718 4230 2867 4313 quid
2910 4230 3042 4293 suis
3070 4230 3234 4313 ipso·

643 4355 781 4397 rum
850 4333 1116 4419 dignum
1183 4334 1271 4396 sit
1328 4332 1636 4415 personis.
1733 4330 2001 4394 Promos
2056 4330 2259 4411 enim,
2326 4351 2458 4393 non
2518 4331 2754 4395 condos
2811 4332 3233 4415 pretiosarum

646 4458 838 4519 opum
895 4435 1042 4498 illos
1088 4456 1258 4516 esse,
1319 4454 1445 4496 uno
1500 4454 1609 4498 ore
1663 4435 2016 4514 testantur,
2079 4431 2576 4515 quibuscumque
2637 4454 2714 4496 ex
2760 4433 3004 4517 aliquot
3046 4434 3248 4497 annis'

647 4536 924 4621 contigit
989 4541 1063 4600 ut
1128 4556 1399 4620 magnae
1456 4533 1879 4600 bibliothecae
1934 4532 2346 4597 inexhaustos
2399 4522 2615 4598 sontes
2671 4534 2938 4598 adirent.
3039 4535 3234 4598 Adire

646 4623 950 4703 nimirum
1010 4641 1266 4720 oportet
1321 4638 1546 4722 ipsum,
1605 4635 1713 4720 qui
1768 4635 1987 4718 cupiat
2037 4634 2316 4699 haurire.
2406 4635 2548 4712 Qua
2600 4636 2861 4700 fortuna
2904 4637 3233 4720 praeclaro

644 4741 782 4805 viro
799 4791 816 4822 ,
874 4761 1062 4822 quem
1108 4737 1627 4823 Apolloniani
1685 4736 1830 4800 libri
1889 4737 2201 4802 editorem
2244 4738 2659 4822 produximus
2675 4786 2695 4820 ‚
2751 4737 2831 4801 ad
2877 4737 3232 4802 litterarum

645 4842 987 4906 utilitatem
1032 4841 1157 4906 frui
1203 4840 1520 4905 concessit
1563 4837 1844 4923 optimus
1890 4837 2028 4902 Rex
2074 4844 2309 4925 noster,
2354 4832 2706 4906 studiorum
2753 4839 3235 4904 liberalissimus
