3738 5530
733 264 771 325 8
1667 267 1850 317 ΠΕΡΙ
1889 266 2392 318 ΑΝΤΩΝΤΜΙΑΣ.

1620 387 1665 423 p.
1698 378 1721 416 7
1749 375 1863 425 (267)
1892 376 1925 417 c
1951 377 1975 415 9
2007 396 2046 403 -
2080 378 2132 416 10
2159 378 2269 427 (ιι-ιο)
2297 378 2335 416 Β
2362 379 2387 418 3
2414 379 2444 417 b

732 473 834 536 καὶ
878 471 991 536 ὅδε
1037 472 1135 535 καὶ
1181 471 1418 534 τούτου
1466 471 1567 534 καὶ
1609 472 1800 533 τοῦδε
1845 469 2264 549 ἀντωνυμίαι,
2312 470 2704 550 ἀντωνυμίαι
2748 471 2872 549 ἄρα
2913 473 3013 535 καὶ
3054 471 3133 535 τό
3167 467 3207 532 ὅ
3243 464 3349 530 καὶ
3387 476 3495 533 8A

731 574 807 637 τὸ
836 577 985 655 τοῦ,
1032 573 1140 636 ὅτε
1190 572 1362 635 οὕτω
1395 571 2028 650 παραλαμβάνονται.
2078 609 2152 618 —-
2202 572 2257 636 εἰ
2301 575 2373 636 δὲ
2417 574 2834 651 ταράςςονται
2881 574 2986 637 διὰ
3028 575 3146 651 τὴν
3182 568 3349 647 ὁμο-

733 675 1023 757 φωνίαν,
1070 674 1226 752 μηδὲ
1266 673 1340 736 τὸ
1386 671 1459 736 ὅς
1503 671 1746 750 ἄρθρον
1795 674 2155 749 λεγέτωςαν
2201 672 2653 749 ὑποτακτικὸν,
2701 674 2799 738 ὅτι
2839 675 2940 737 καὶ
2972 673 3349 751 ςύναρθρον

734 775 1142 854 ἀντωνυμίαν
1170 775 1476 854 ςημαίνει,
1510 775 1610 837 καὶ
1640 773 1937 851 ἀόριςτον
1969 775 2197 853 μόριον
2230 775 2301 840 έν
2346 783 2437 857 τῷ
2486 777 2573 840 ὃς
2619 776 2709 839 ἂν
2754 774 2943 858 ἔλθῃ
2986 772 3347 854 μεινάτω

665 896 694 939 5
732 898 846 955 με,
910 879 1013 942 καὶ
1067 875 1208 941 ἴςον
1264 882 1355 958 τῷ
1414 873 1606 940 οὗτος
1662 876 1836 954 παρὰ
1896 876 2228 954 Ἀττικοῖς,
2288 877 2378 941 ὡς
2422 878 2703 942 Πλάτων
2749 876 2788 954 ἦ
2826 876 2979 941 δ’ὅς
3027 876 3172 940 ἀντὶ
3219 874 3347 936 τοῦ

732 978 881 1058 ἔφη
930 980 1011 1042 δὲ
1059 976 1317 1042 οὗτος.
1391 978 1495 1040 καὶ
1538 977 1783 1056 μακρὸν
1828 977 1910 1042 ἂν
1956 977 2052 1056 εἴη
2093 981 2168 1042 τὸ
2213 983 2330 1043 νῦν
2375 979 2537 1056 ὑπὲρ
2569 979 2947 1058 ὁμοφωνίας
2985 978 3345 1056 διαλαβεῖν.

904 1080 1036 1145 Οὐκ
1093 1080 1233 1143 ἐπεὶ
1286 1079 1357 1141 δὲ
1415 1078 1750 1154 έγκλίςεως
1808 1077 2056 1157 ἀμοιρεῖ
2112 1079 2225 1158 ἥδε
2282 1080 2320 1158 ἢ
2380 1080 2662 1147 ςύνταξις
2707 1085 2837 1145 τῶν
2884 1080 3344 1157 ἀντωνυμιῶν,
3385 1086 3434 1139 Β

732 1182 994 1246 πάντως
1035 1181 1406 1260 ἐπιλήψεως
1433 1179 1732 1244 τεύξεται.
1800 1178 1958 1243 οὐδὲ
1988 1183 2113 1257 γὰρ
2143 1183 2313 1244 πᾶςα
2345 1180 2712 1260 ἀντωνυμία
2742 1182 2857 1246 τὸν
2888 1182 3100 1245 διςςόν
3133 1179 3348 1244 τόνον

732 1282 1101 1348 ἀνεδέξατο.
1176 1280 1391 1345 ἄλλως
1435 1302 1504 1345 τε
1552 1280 1690 1344 ὅςαι
1719 1282 1954 1357 γένους
1999 1282 2372 1362 ἐμφαντικαί
2419 1284 2602 1359 εἰςιν,
2650 1282 2835 1347 αὗται
2880 1285 3095 1363 μόνως
3142 1278 3346 1359 ὀρθό-

633 1400 695 1447 ιο
731 1404 913 1450 τονοι
968 1385 1144 1466 (περὶ
1197 1383 1320 1461 γὰρ
1378 1387 1490 1460 τῆς
1548 1381 1741 1447 αὐτός
1800 1383 1871 1448 ἐν
1934 1390 2026 1467 τῷ
2086 1384 2234 1469 ἰδίῳ,
2270 1385 2453 1467 τόπῳ
2499 1384 2851 1466 εἰρήςεται).
2953 1384 3163 1469 ὀρθῶς
3210 1381 3348 1459 ἄρα

735 1486 835 1548 καὶ
876 1484 943 1548 αἱ
989 1483 1398 1563 προκείμεναι
1443 1483 1801 1560 ἀνέγκλιτοι
1845 1488 2189 1549 καθεςτᾶςι.

905 1586 1174 1650 Κάκεῖνο
1244 1586 1314 1649 δὲ
1378 1586 1801 1668 προςθετέον,
1875 1585 1965 1649 ὡς
2030 1585 2094 1649 αἱ
2151 1587 2266 1663 μὲν
2324 1586 2711 1668 ἀντωνυμίαι
2769 1586 2922 1651 ἀντ’
2964 1586 3342 1667 ὀνομάτων,

731 1690 810 1753 τὰ
854 1691 926 1752 δὲ
957 1686 1162 1766 ἄρθρα
1207 1687 1340 1767 μετ’
1385 1687 1743 1764 ὀνομάτων.
1818 1693 1958 1751 πῶς
2005 1686 2123 1751 οὖν
2156 1686 2316 1767 (ἓν)
2348 1689 2542 1768 μέρος
2589 1691 2791 1764 λόγου
2835 1690 2912 1753 τό
2958 1688 3113 1766 μετά
3155 1707 3340 1752 τινος

734 1790 831 1853 καὶ
875 1788 1018 1853 ἀντί
1060 1810 1261 1865 τινος;
1307 1825 1391 1838 ——-
1433 1788 1507 1853 Αἱ
1552 1788 1941 1867 ἀντωνυμίαι
2001 1790 2158 1868 μετὰ
2204 1789 2483 1871 ῥήματος
2542 1791 2958 1854 αὐτοτέλειαν
3015 1793 3338 1864 ποιοῦςιν,
3385 1801 3428 1855 C

638 1908 695 1955 15
733 1891 972 1955 αὐτὸς
1025 1891 1352 1970 γράφει,
1413 1891 1493 1953 ςὺ
1536 1891 1907 1970 γράφεις·
1964 1891 2043 1954 τὰ
2099 1892 2171 1954 δὲ
2228 1889 2432 1970 ἄρθρα
2488 1892 2585 1956 οὔ.
2646 1928 2728 1938 —-
2786 1892 2879 1955 Τὰ
2924 1891 3130 1970 ἄρθρα
3175 1890 3335 1955 ὑπο-

731 1991 987 2056 τακτικά
1030 1992 1156 2057 ἐςτι
1198 1996 1310 2070 τῆς
1355 1992 1626 2067 εὐθείας,
1686 1991 1749 2055 αἱ
1805 1993 1878 2055 δὲ
1925 1990 2316 2067 ἀντωνυμίαι
2361 1993 2607 2057 εὐθείας
2653 1992 2839 2057 οὖςαι
2882 1993 3124 2057 οὔποτε
3172 1991 3336 2055 ὑπο-

731 2093 1023 2158 τακτικαί.
1076 2130 1142 2139 -
1196 2094 1346 2158 Τῶν
1393 2093 1810 2171 ἀντωνυμιῶν
1856 2092 2243 2172 μεταλήψεις
2272 2094 2560 2169 γίνονται
2593 2094 2678 2159 εἰς
2711 2094 2999 2174 ὀνόματα
3029 2095 3068 2172 ἢ
3100 2094 3188 2158 εἰς
3218 2094 3335 2157 τὰς

734 2194 1267 2276 ἰςοδυναμούςας,
1325 2197 1493 2272 λέγω
1552 2197 1623 2259 δὲ
1677 2184 1798 2272 τὴν
1844 2194 1875 2257 ἕ
1920 2195 2020 2258 καὶ
2061 2192 2088 2256 ἵ
2131 2195 2231 2257 καὶ
2276 2196 2392 2273 τὴν
2440 2196 2534 2272 οἷ,
2594 2196 2703 2261 ὅτε
2761 2196 2849 2261 εἰς
2893 2198 3007 2275 τὴν
3052 2195 3247 2259 αὐτός
3292 2197 3332 2272 ἢ

733 2296 908 2380 αὐτῷ
965 2297 1004 2374 ἢ
1060 2296 1260 2361 αὐτόν
1318 2297 1938 2377 μεταλαμβάνονται·
1996 2295 2075 2360 τὰ
2129 2297 2202 2360 δὲ
2258 2295 2463 2377 ἄρθρα
2508 2299 2919 2377 ἀμετάληπτα
2964 2296 3051 2362 εἰς
3093 2300 3330 2361 ταῦτα·

632 2415 701 2462 20
735 2400 812 2462 τὸ
857 2398 979 2477 γὰρ

836 2484 867 2507 ⁸
1566 2497 1604 2562 ὁ
1650 2501 1721 2563 δὲ
1765 2490 2146 2578 προςέειπεν
2194 2502 2255 2585 (ξ
2299 2500 2408 2583 36)
3367 2514 3473 2569 9Α

732 2600 980 2680 ἐδείχθη
1044 2601 1134 2664 ὡς
1193 2599 1537 2680 ὁμοφωνεῖ
1581 2601 1785 2680 μόνον
1828 2609 1920 2685 τῷ
1966 2601 2218 2689 ἄρθρῳ,
2276 2603 2394 2668 οὐκ
2451 2603 2579 2669 ἔςτι
2623 2605 2694 2667 δὲ
2739 2603 2897 2666 αὐτὸ
2943 2602 3203 2681 ἄρθρον.
3250 2639 3331 2646 ——

730 2703 861 2767 Ἔτι
915 2701 954 2779 ἡ
1014 2701 1208 2764 αὐτός
1263 2703 1419 2779 μετὰ
1474 2700 1674 2780 ἄλλης
1732 2702 2137 2783 ἀντωνυμία(
2191 2709 2609 2783 παρατεθεῑςα
2666 2705 2869 2784 μόνον
2916 2702 3208 2765 ἐπιτείνει
3252 2702 3333 2765 τὰ

735 2808 844 2882 τῆς
904 2804 1417 2884 ἀντιδιαςτολῆς,
1486 2803 2007 2885 ἐμοῦ,αὐτοῡ,
2066 2810 2197 2868 ςοῦ
2256 2807 2537 2888 αὐτοῦ,
2600 2808 2716 2870 coi
2772 2804 3009 2886 αὐτῷ·
3067 2806 3202 2866 τοῖς
3259 2804 3330 2866 δὲ

632 2923 698 2969 ⁶25
735 2905 995 2983 ἄρθροις
1052 2905 1481 2981 παρακειμένη
1540 2905 1822 2969 ἐπίταςιν
1878 2907 1991 2984 μὲν
2047 2904 2127 2969 οὐ
2185 2906 2496 2988 ςημαίνει,
2564 2907 2659 2968 δὶς
2718 2907 2788 2969 δὲ
2850 2904 3221 2983 ἀναφοράν,
3293 2903 3330 2966 ὁ

735 3005 1003 3081 αὐτός,
1053 3009 1196 3070 τοῦ
1242 3005 1498 3068 αὐτοῦ.
1587 3010 1726 3069 πῶς
1772 3006 1895 3071 οὖν
1939 3008 2011 3071 ἓν
2056 3007 2249 3083 μέρος
2293 3007 2523 3082 λόγου;
3141 3025 3148 3032 ·

903 3107 1098 3186 Φήςει
1154 3125 1273 3171 τις·
1335 3108 1466 3171 «καὶ
1510 3107 1548 3185 ἡ
1595 3107 1724 3183 ἐγώ
1770 3109 2024 3185 πολλὴν
2070 3106 2202 3185 ἔχει
2249 3109 2577 3186 διαφορὰν
2622 3107 2786 3185 πρὸς
2829 3108 2946 3184 τὴν
2992 3107 3171 3184 ἐμός,
3231 3108 3330 3171 καὶ

736 3211 808 3274 ἓν
854 3210 1046 3288 μέρος
1091 3209 1343 3285 λόγου.»
1414 3208 1581 3271 Ἀλλ’
1622 3208 1911 3286 ἐμπίπτει
1942 3209 2030 3272 εἰς
2061 3208 2137 3272 τό
2167 3209 2444 3291 γενικόν,
2488 3212 2563 3273 τὸ
2598 3208 2746 3273 ἀντ’
2779 3207 3096 3284 ὀνόματος
3126 3228 3329 3286 παρα-
3367 3225 3412 3278 Β

740 3312 1188 3391 λαμβάνεςθαι,
1252 3310 1328 3373 τό
1384 3329 1453 3373 τε
1507 3311 1589 3373 τὰ
1632 3310 1945 3387 πρόςωπα
1989 3310 2272 3375 πάντοτε
2317 3310 2550 3388 ὁρίζειν
2596 3314 2714 3374 τοῦ
2774 3311 3193 3389 κτηςαμένου,
3254 3310 3330 3374 τὸ

638 3430 704 3478 30
741 3412 958 3477 οὐςίας
1013 3411 1484 3491 παραςτατικόν
1541 3409 1722 3475 εἶναι.
1819 3413 1899 3475 τὰ
1956 3413 2027 3475 δὲ
2084 3410 2287 3490 ἄρθρα
2344 3412 2495 3476 οὔτε
2555 3412 2710 3476 ἀντ’
2766 3411 3121 3489 ὀνόματος,
3180 3411 3330 3476 οὔτε

735 3513 929 3592 ὁρίζει
983 3513 1264 3577 πάντοτε
1316 3514 1398 3578 τὰ
1440 3511 1781 3593 πρόςωπα,
1839 3511 1991 3577 οὔτε
2050 3514 2269 3577 οὐςίαν
2328 3513 2718 3593 παρίςτηςιν·
2774 3514 2932 3577 ὥςτε
2990 3513 3202 3576 οὐκέτι
3259 3512 3329 3576 ἐν

735 3613 895 3698 ἰδικῇ
942 3609 1258 3697 διαφορᾷ,
1305 3614 1473 3678 ἀλλὰ
1518 3619 1750 3696 γενικῇ.

872 3819 1084 3870 Anevu.
1157 3821 1186 3867 7
1223 3813 1378 3868 Haeo
1425 3830 1556 3868 vero
1600 3813 1937 3881 pronomina
1979 3817 2011 3869 ὅ
2045 3818 2081 3881 ἦ
2127 3817 2197 3870 τό
2233 3822 2339 3870 τοῦ
2395 3833 2442 3870 e.
2481 3835 2533 3885 q.
2572 3835 2614 3868 s.
2662 3817 2734 3870 ab
2781 3815 2975 3870 enolisi
3024 3815 3332 3869 abhorrere

734 3918 846 3954 non
894 3905 980 3954 est
1014 3900 1164 3968 quod
1201 3898 1435 3951 mitet-ie.
1484 3928 1543 3936 —-
1602 3905 1658 3950 12
1697 3899 1988 3953 Accedunt·
2021 3900 2165 3954 aliae
2205 3918 2430 3958 causae.
2481 3919 2579 3954 cur
2625 3900 2894 3955 articulus
2930 3916 2964 3952 a
3004 3900 3332 3966 pronomine

732 3984 1104 4039 secernendus
1139 3983 1410 4037 videatur.
1445 4011 1511 4022 -
1557 3988 1620 4035 27
1668 3982 1836 4037 Dicat
1868 3984 2105 4039 sortasse
2151 3985 2457 4054 quispiam:
2508 3985 2664 4055 ‘Ipsa
2710 3984 3043 4054 pronomina
3089 3983 3241 4038 inter
3274 4001 3333 4038 se

732 4085 846 4123 non
883 4068 1141 4123 omnibus
1176 4068 1232 4120 in
1268 4067 1434 4121 rebus
1469 4066 1845 4122 conveniunt&
1910 4070 1995 4122 ,At
2026 4070 2168 4123 haec
2201 4086 2314 4123 non
2350 4087 2555 4139 genere
2592 4069 2817 4123 diversa.
2849 4074 2998 4123 eunt.

870 4237 1057 4291 Dmcn.
1093 4255 1286 4294 somn.
1347 4243 1395 4290 1.
1434 4238 1529 4292 ὅδε
1567 4238 1631 4304 b,
1670 4240 1781 4291 ωδε
1808 4238 1850 4290 Α
1899 4241 1907 4303 Ι
1951 4239 2316 4307 ἀντωνυμίαι]
2354 4239 2446 4293 fol.
2489 4245 2580 4291 147
2595 4256 2638 4291 r.
2686 4243 2695 4306 Ι
2746 4246 2793 4293 5.
2829 4244 2915 4307 τῷ
2954 4239 3122 4292 οὗτος
3160 4239 3229 4296 b.
3267 4256 3334 4292 το

741 4340 925 4379 ουτως
965 4325 1007 4376 Α
1058 4331 1066 4378 Ι
1114 4328 1161 4375 6.
1198 4323 1326 4390 poet
1360 4324 1640 4389 διαλαβειν
1679 4322 1922 4390 spatium
1958 4322 2017 4375 in
2055 4324 2128 4387 Α,
2164 4326 2227 4374 ut
2262 4323 2494 4376 incisum
2534 4322 2817 4376 indicetur
2861 4326 2871 4387 Ι
2918 4328 2967 4375 8.
3006 4327 3334 4391 επιληψεως

743 4426 811 4461 ex
848 4413 1187 4474 επιλειψεως
1225 4408 1437 4461 factum
1475 4407 1545 4460 ab
1585 4409 1645 4461 A·
1691 4410 1700 4474 Ι
1744 4415 1821 4466 10,
1858 4425 1895 4475 η
1932 4407 1988 4460 in
2028 4424 2300 4474 ειρηςεται
2335 4422 2473 4460 corr.
2499 4409 2604 4482 Au·
2634 4407 2772 4476 quid
2811 4409 2982 4460 antea
3014 4407 3188 4460 fuerit
3222 4424 3334 4460 non

736 4493 955 4561 liquet!
990 4499 1051 4547 13
1107 4493 1210 4546 οὖν
1245 4492 1308 4545 ἓν
1345 4495 1405 4555 b,
1443 4509 1548 4546 ουν
1584 4496 1626 4546 Α
1658 4493 1668 4561 1
1702 4497 1780 4546 14.
1821 4494 1974 4559 <τὸ>
2011 4491 2140 4545 ἀντί
2174 4491 2383 4546 conicit
2416 4491 2791 4546 PSohmieder
2820 4496 2828 4548 Ι
2874 4497 2948 4548 16.
2989 4510 3021 4545 ν
3057 4494 3187 4560 post
3223 4509 3335 4547 εςτι

739 4592 877 4630 eras.
904 4578 963 4629 in
989 4578 1031 4630 Α
1064 4581 1073 4646 ι
1108 4582 1185 4634 18.
1222 4578 1300 4631 είς
1337 4580 1447 4644 τὴν
1486 4578 1659 4632 αὐτός
1695 4577 1761 4639 b,
1800 4594 1876 4631 εις
1913 4594 1980 4631 το
2015 4595 2124 4645 την
2160 4594 2332 4631 αυτος
2369 4582 2529 4646 (non,
2568 4577 2689 4630 utb
2715 4577 2856 4629 salso
2893 4576 3084 4643 prodit
3117 4576 3176 4629 in
3214 4564 3332 4632 iar.

736 4660 890 4727 lect„
929 4661 1008 4715 είς
1043 4679 1112 4715 το
1146 4666 1276 4728 την)
1314 4664 1355 4717 Α
1410 4664 1421 4729 Ι
1473 4668 1556 4715 22.
1598 4664 1702 4715 οὐκ
1739 4663 1852 4717 ἐςτι
1888 4663 1950 4717 δὲ
1985 4661 2049 4728 b,
2097 4678 2287 4716 ουκετι
2322 4663 2383 4716 δε
2422 4666 2464 4716 Α
2520 4663 2529 4729 Ι
2584 4668 2665 4734 29,
2706 4661 2911 4727 ὁρίζειν
2949 4661 3011 4727 b,
3059 4663 3203 4728 οριζ’
3238 4662 3281 4714 Α
3323 4663 3330 4730 Ι

740 4751 821 4799 32.
856 4747 1001 4814 ἰ’δικη
1041 4747 1111 4811 Α,
1149 4745 1323 4815 είδικῇ
1360 4745 1397 4798 b
2789 4779 2800 4790 .
