3738 5530
575 323 1017 380 Commentarius
1046 322 1272 380 criticus
1302 324 1361 379 et
1387 322 1708 394 exegeticus
1736 324 1795 380 in
1822 324 2113 396 Apollonii
2139 324 2370 395 Dyscoli
2398 325 2607 397 scripta
2633 325 2866 382 minora.
2940 222 3119 411 2ἧῖ

462 486 562 577 (cl.
601 495 730 555 434
776 486 958 577 med.)
1005 494 1083 554 ad
1134 494 1292 555 hanc
1344 497 1701 556 sententiam
1757 496 2047 556 inclinare
2092 495 2330 557 videtur
2374 489 2607 579 (‘Dann
2651 497 2794 557 aber
2836 499 3072 559 konnen

459 586 571 645 wir
616 584 914 645 entweder
966 586 1084 644 alle
1138 584 1282 646 oder
1326 584 1480 646 doch
1532 585 1627 646 die
1671 586 1975 647 Mehrzahl
2033 587 2138 647 der
2184 587 2524 648 erhaltenen
2570 588 2926 667 Fragmente
2971 589 3081 649 auf

461 674 556 734 die
601 669 744 750 ἱερὰ
788 669 1127 752 γράμματα
1168 666 1516 757 beziehen'.)

643 766 790 840 248,
810 765 982 826 3-4
1031 762 1468 824 GWachsmuth
1515 763 1672 826 Crat.
1711 766 1874 825 Mau.
1919 768 2018 825 14.

642 855 849 929 248,4
888 852 1074 932 Uhlig
1099 853 1132 913 Ι
1163 856 1275 930 11,
1320 849 1608 930 εχήματα
1642 857 1897 932 servavi,
1932 858 2025 917 est
2060 857 2218 916 enim
2252 856 2356 917 ubi
2394 855 2598 933 (χῆμα
2634 858 2716 918 sit
2747 850 3077 936 ‘Bildung',

464 938 857 1021 ‘Wortform',
904 944 977 1005 cf.
1017 943 1138 1003 Ska
1173 942 1262 1003 VI
1309 944 1422 1020 15,
1467 943 1586 1004 ind.

645 1034 793 1111 248,
812 1034 850 1094 5
898 1029 1003 1094 καὶ
1043 1027 1209 1112 <τὸ>
1251 1034 1654 1110 recipiendum
1699 1037 1843 1096 erat.

645 1125 793 1199 248,
814 1126 850 1183 7
901 1117 1113 1199 ὥςπερ
1149 1154 1239 1165 -
1277 1124 1315 1182 8
1363 1121 1645 1185 καλεῖται
1690 1124 1849 1186 delet
1881 1125 2096 1187 Matth.
2123 1126 2156 1186 Ι
2195 1127 2299 1202 59,
2345 1124 2504 1203 quod
2548 1124 2679 1186 fieri
2723 1144 2843 1187 non
2888 1127 3079 1204 possit

465 1216 553 1291 ut,
598 1213 758 1291 quod
796 1213 919 1272 iam
953 1214 1025 1272 ut
1058 1231 1248 1272 novae
1286 1214 1677 1275 conclusionis
1713 1215 2167 1276 fundamentum
2203 1218 2375 1290 esset,
2420 1215 2735 1276 collectum
2770 1218 2880 1291 est,
2921 1234 3079 1276 novo

465 1305 927 1364 masculinarum
983 1303 1306 1363 formarum
1369 1305 1636 1381 exemplo
1694 1305 1994 1382 probetur.
2088 1304 2205 1366 Sed
2264 1306 2520 1365 alterum
2575 1305 2689 1365 hoc
2747 1305 3081 1382 exemplum

465 1412 586 1453 non
630 1396 758 1453 tam
801 1391 1094 1470 probandi
1139 1411 1320 1468 quam
1363 1392 1705 1455 illustrandi
1752 1413 1934 1456 causa
1976 1397 2165 1473 priori
2209 1396 2582 1473 supponitur,
2627 1395 2784 1454 sicut
2825 1412 2954 1455 mos
2992 1395 3083 1454 est

466 1483 791 1561 Apollonii,
835 1482 908 1543 cf.
945 1480 1225 1561 Egenolff
1253 1481 1343 1540 IV
1379 1483 1481 1541 48.

649 1574 798 1648 248,
827 1573 911 1632 10
962 1574 1160 1632 nescio
1216 1590 1292 1631 an
1348 1566 1533 1633 αὐτοὶ
1587 1568 1651 1633 οἱ
1703 1590 1754 1636 ε.
1809 1577 2136 1653 genuinum
2189 1575 2297 1635 sit:
2358 1568 2556 1650 ‘ipsae
2612 1565 3081 1634 coniunctiones'

465 1664 506 1721 i.
544 1682 592 1723 e.
640 1656 769 1722 ‘eae
812 1680 985 1723 voces
1032 1679 1184 1737 quae
1229 1661 1425 1721 sintne
1468 1680 1533 1720 re
1577 1681 1722 1724 vera
1776 1664 2218 1725 coniunctiones
2263 1682 2474 1739 necne,
2532 1663 2774 1723 omnino
2820 1661 3084 1722 dubitari

466 1772 587 1813 non
620 1746 859 1830 potest'.
887 1782 977 1794 -—
1004 1746 1380 1829 Σύνδεεμοι]
1421 1745 1591 1827 ‘puto
1628 1750 2094 1830 ςυμπλεκτικοί,
2141 1774 2196 1814 v.
2229 1755 2376 1830 520,
2399 1753 2479 1813 15
2513 1747 2692 1833 [252,
2712 1746 2853 1833 22]’
2898 1751 3083 1811 Lehrs

468 1843 532 1902 in
574 1841 729 1902 Ann.
768 1843 885 1901 litt.
923 1840 1054 1901 Jen.
1097 1841 1267 1901 1879
1314 1860 1371 1918 p.
1414 1842 1559 1900 224.

648 1932 795 2008 248,
818 1933 894 1991 11
947 1924 1211 2009 κωλύοι]
1259 1928 1513 1991 κωλῦον
1556 1930 1771 1992 Matth.
1814 1932 1847 1992 Ι
1894 1935 2005 2010 74,
2049 1954 2105 1995 v.
2152 1952 2360 1993 comm.
2407 1931 2479 1993 de
2525 1931 2637 2011 Ap.
2686 1933 2947 1992 consuet.
2996 1961 3081 1971 —

468 2015 864 2100 Φιλόπονοε]
922 2019 1097 2080 Sterk
1142 2020 1180 2079 l.
1219 2037 1264 2079 s.
1302 2037 1346 2079 s.
1385 2018 1506 2079 VH
1552 2022 1666 2080 21:
1730 2016 1871 2081 ‘Vix
1926 2022 2174 2083 dubium
2227 2025 2344 2098 est,
2399 2021 2543 2099 quin
2600 2040 2707 2098 pro
2766 2019 3084 2097 Philoponi

467 2112 721 2187 nomine,
768 2110 927 2188 quod
969 2109 1179 2169 habita
1220 2111 1504 2185 temporis
1540 2111 1773 2171 ratione
1819 2111 1895 2172 ab
1931 2112 2043 2174 hoc
2088 2114 2218 2174 loco
2256 2113 2517 2173 alienum
2557 2113 2666 2186 est,
2711 2109 3088 2171 scribendum

470 2201 552 2262 sit
594 2201 1057 2275 PhiloxenuS,
1117 2217 1267 2275 quae
1323 2200 1567 2258 nomina
1610 2203 1680 2260 ut
1725 2203 1787 2261 et
1832 2201 1955 2262 alia
2000 2221 2037 2262 a
2079 2196 2198 2279 ἶβιῖ
2242 2203 2592 2279 incipientia
2635 2200 2701 2260 in
2746 2198 2912 2260 codd.
2959 2216 3085 2259 sae·

468 2294 604 2369 pius
651 2290 932 2352 confundi
977 2290 1179 2349 monet
1222 2288 1386 2348 Baet.
1472 2286 1693 2348 Comm.
1732 2289 2039 2371 Palaeogr.
2087 2312 2143 2369 p.
2185 2293 2331 2351 848.
2413 2290 2504 2350 Ex
2547 2289 2857 2349 Philoxeni
2900 2288 3090 2368 igitur

469 2380 638 2442 libris
685 2377 830 2455 περὶ
867 2375 1278 2454 Ἓλληνιεμοῦ
1313 2377 1669 2455 ApoUonius
1715 2398 1824 2440 sua
1869 2382 2140 2459 sumpsit.
2215 2381 2306 2441 De
2341 2379 2665 2440 Philoxeno
2706 2380 2949 2455 eiusque
2985 2396 3088 2437 no-

469 2471 647 2531 minis
676 2469 1016 2548 corruptela
1051 2469 1286 2547 egregie
1322 2467 1729 2546 disputantem
1762 2469 1900 2530 vide
1938 2468 2160 2531 Osann.
2196 2470 2273 2529 ad
2304 2469 2550 2530 Philem.
2580 2487 2666 2546 gr.
2703 2488 2761 2546 p.
2794 2468 2921 2528 308
2943 2484 3091 2543 sqq.,

472 2580 660 2637 neque
705 2563 906 2620 tamen
951 2556 1312 2636 negligenda
1355 2555 1592 2618 videtur
1617 2557 2063 2635 Wyttenbachii
2110 2558 2365 2619 Diatrib.
2395 2558 2468 2619 de
2503 2557 2845 2619 Philoxenis
2889 2573 3088 2633 opusc.

471 2653 614 2709 tom.
659 2649 722 2708 H
774 2670 831 2727 p.
874 2650 1001 2708 294
1031 2641 1182 2725 sqq.'
1273 2646 1363 2706 De
1421 2645 1533 2705 hac
1591 2649 2006 2710 emendatione
2066 2648 2304 2709 dubitat
2360 2646 2695 2709 MSohmidt
2751 2649 2816 2707 in
2877 2645 3090 2706 Phssol.

472 2739 622 2799 vm
663 2739 820 2816 245,
864 2739 936 2799 cf.
974 2738 1052 2798 id.
1134 2737 1225 2798 De
1270 2736 1594 2797 Philoxeno
1639 2737 1807 2798 Alex.
1845 2741 1912 2799 in
1956 2738 2168 2800 Philol.
2210 2738 2295 2799 IV
2334 2739 2459 2800 627
2485 2756 2641 2815 sqq.;
2685 2736 2773 2797 VI
2814 2737 2943 2797 660
2962 2753 3091 2812 sqq.

473 2830 562 2890 Ac
606 2830 872 2907 profecto
929 2829 1279 2907 argumenta
1327 2827 1547 2886 Sterkii
1601 2827 1839 2889 infirma
1893 2833 2048 2890 sunt.
2143 2827 2342 2889 Causa
2384 2848 2504 2888 non
2550 2830 2641 2888 est
2684 2828 2833 2887 satis
2878 2826 3095 2886 idonea

476 2939 578 2978 cur
614 2918 970 2995 dubitemne,
1017 2917 1270 2977 fueritne
1307 2916 1671 2992 Philoponus
1710 2919 1956 2994 quidam
2001 2920 2425 2999 grammaticus
2468 2919 2666 2977 aetate
2710 2918 2877 2994 prior
2913 2934 3095 2992 quam

477 3008 798 3069 Chaeremo
855 3007 1086 3068 Stoicus
1099 3052 1115 3082 ‚
1168 3007 1422 3091 Neronis
1477 3009 1852 3084 praeceptor,
1909 3009 2015 3085 qui
2061 3027 2132 3068 ex
2186 3009 2311 3068 eius
2357 3007 2593 3084 scriptis
2646 3006 2758 3066 hoc
2804 3006 3095 3082 placitum

477 3099 699 3159 attulit.
772 3098 867 3157 Ab
915 3116 983 3158 eo
1029 3097 1330 3156 diversum
1376 3113 1499 3156 esse
1536 3093 1937 3172 Philoponum
1982 3116 2116 3157 eum
2153 3098 2257 3174 qui
2292 3095 2400 3157 AO
2428 3095 2516 3156 IV
2546 3097 2694 3170 329,
2715 3096 2799 3155 34
2848 3095 3096 3154 citatur:

476 3183 913 3248 Ἀπολλώνιος
968 3183 1040 3247 δὲ
1098 3181 1171 3246 ἐν
1223 3187 1316 3265 τῷ
1372 3181 1517 3260 περὶ
1571 3182 1880 3247 πτώεεων
1935 3184 2127 3262 φηεὶν
2173 3181 2273 3248 ὅτι
2320 3181 2399 3247 οὐ
2445 3181 2677 3260 κυρίως
2722 3182 3005 3244 καλεῖται
3050 3177 3092 3256 ἡ

481 3273 696 3339 εὐθεῖα
741 3276 999 3348 πτῶειε,
1048 3269 1216 3335 ἀλλὰ
1260 3273 1794 3349 καταχρηετικῶε·
1888 3271 2087 3357 ταύτῃ
2136 3269 2201 3358 (i.
2242 3296 2288 3336 e.
2336 3276 2449 3335 hac
2493 3266 2623 3356 via)
2672 3267 3093 3334 ἀκολουθοῦει

477 3363 579 3427 καὶ
635 3361 697 3427 ol
750 3361 883 3427 ἀπὸ
937 3361 1299 3440 διαιρέεεωε
1355 3359 1684 3442 (αἱρέεεωε
1737 3361 2112 3442 ALudwich)
2157 3364 2276 3426 τοῦ
2330 3360 2732 3435 Φιλοπόνου,
2797 3363 3096 3422 luculente

479 3455 910 3516 demonstravit
945 3454 1286 3515 ALudwich
1325 3455 1389 3513 in
1426 3455 1923 3515 commentatione
1970 3455 2043 3515 de
2078 3455 2300 3515 Ioanne
2336 3453 2668 3532 Philopono
2706 3451 3096 3531 grammatico

482 3539 844 3628 (Regimont.
888 3536 1105 3627 1888).
1182 3542 1268 3603 cf.
1306 3543 1585 3622 Egenolff
1621 3543 1680 3601 V
1730 3546 1873 3604 116.

548 3680 557 3691 .
662 3636 892 3711 Trypho
936 3635 1306 3710 completivas
1347 3651 1470 3694 non
1510 3632 1797 3710 syllabas,
1849 3634 1953 3695 sed
1996 3650 2158 3694 voces
2204 3650 2323 3694 esse
2367 3583 2775 3707 comprobavit.
2867 3622 3097 3698 Nam',

477 3728 692 3800 inquit,
751 3720 970 3785 onmes
1020 3725 1281 3801 syllabae
1331 3723 1744 3784 vocabulorum
1796 3724 2169 3798 quomdam
2215 3727 2419 3798 pemes
2471 3725 2635 3791 sunt,
2692 3737 2943 3796 quorwm
2995 3722 3102 3778 aut

477 3817 654 3875 initia
699 3819 803 3874 aut
843 3816 992 3887 fines
1037 3815 1332 3888 effic-imm
1373 3815 1635 3887 sequitur
1677 3817 1743 3873 ut
1785 3831 1913 3873 una
1957 3813 2266 3888 eademque
2307 3812 2539 3888 syllaba
2580 3828 2734 3885 nequ
2778 3809 2858 3869 ad
2902 3825 3099 3868 ommes

479 3906 762 3964 orationis
794 3908 1000 3977 partes
1043 3920 1226 3977 neque
1270 3903 1351 3962 ad
1387 3919 1582 3962 omnes
1624 3904 1851 3978 formas
1887 3894 2151 3962 accedere
2184 3904 2394 3976 possit,
2435 3918 2618 3975 neque
2660 3899 2830 3959 modo
2873 3899 2941 3958 in
2983 3898 3103 3984 fine
3176 3977 3189 3988 ·

479 3994 648 4052 modo
690 3994 758 4051 im
801 3994 986 4052 initia
1075 3990 1262 4065 Atqui
1306 3991 1619 4065 expletivae
1664 3990 1744 4050 ad
1798 3993 1999 4051 omnia
2050 3990 2333 4051 voeabula
2384 3990 2554 4049 modo
2607 3991 2675 4049 in
2717 3989 2887 4048 mitio
2931 3986 3100 4046 modo

479 4084 546 4141 in
590 4083 709 4155 fine
753 4082 1047 4141 accedunt.
1139 4082 1303 4154 Eryo
1346 4097 1466 4140 non
1508 4084 1648 4139 sunt
1688 4080 1968 4156 syllabae,
2012 4080 2115 4140 sed
2159 4073 2343 4140 voees'
2394 4078 2541 4153 248,
2564 4080 2730 4138 14-
2742 4078 2887 4151 249,
2909 4078 2965 4135 6.

663 4171 811 4245 248,
841 4172 921 4230 15
967 4165 1022 4231 εἰ
1064 4167 1181 4246 μὲν
1222 4167 1693 4229 GFSchoemann
1731 4161 1903 4251 (Red.
1938 4170 2060 4228 211
2070 4160 2195 4251 ,,2)
2243 4163 2307 4228 αἱ
2348 4164 2465 4244 μὲν
2506 4167 2563 4226 A
2588 4162 2656 4248 b]
2699 4166 2846 4226 haec
2882 4167 3101 4226 omissa

483 4263 622 4321 sunt
667 4261 731 4319 in
767 4259 939 4320 discr.
978 4260 1180 4338 script.

665 4350 811 4424 248,
834 4349 914 4408 18
957 4341 1337 4427 &coemi-ov]
1376 4349 1500 4408 scil.
1529 4343 1606 4408 τὸ
1643 4343 1797 4409 τοὺς
1832 4341 2544 4422 παραπληρωματικοὺε
2572 4338 2736 4406 εἶναι
2765 4338 3102 4420 ςυλλαβάε.

665 4440 813 4514 248,
835 4441 920 4499 20
966 4433 1204 4500 ἔξωθεν
1248 4437 1303 4496 Ιι.
1342 4437 1381 4496 1.
1429 4440 1521 4498 est
1564 4431 1651 4496 ‘in
1695 4431 1863 4513 fine'3
1909 4437 1983 4498 cf.
2022 4435 2145 4496 ska
2188 4435 2283 4495 HI
2328 4437 2398 4514 4,
2442 4434 2563 4495 ind.
3150 4427 3157 4432 ’

666 4528 814 4603 248,
835 4529 916 4587 22
964 4526 1261 4588 Lob.E11.
1299 4527 1362 4586 11
1410 4528 1554 4586 263.
3186 4559 3193 4565 -

665 4619 812 4693 248,
835 4619 916 4677 23
962 4616 1176 4676 Matth.
1214 4616 1246 4675 I
1292 4618 1374 4676 87
1425 4612 1676 4696 λέγῃειν
1723 4615 1908 4684 delet,
1966 4617 2036 4674 ut
2080 4633 2459 4674 numeromm
2505 4612 2996 4689 aequabilitatem
3040 4614 3104 4672 in

486 4708 768 4783 exemplis
806 4706 1009 4767 allatis
1053 4708 1360 4782 resfituat3
1404 4705 1569 4765 cuius
1606 4697 2102 4781 ‘aequabilitatis'
2140 4704 2410 4780 exempla
2446 4702 2523 4762 ad
2567 4721 2733 4781 pron.
2767 4704 2826 4777 7,
2847 4703 2929 4761 28
2969 4720 3105 4761 con-

486 4796 658 4873 gessi.
745 4796 913 4857 Idem
957 4796 995 4854 l.
1036 4815 1078 4855 s.
1118 4814 1161 4854 s.
1198 4814 1308 4872 pro
1354 4790 1393 4868 ἡ
1440 4793 1574 4854 τῶν
1619 4790 1942 4869 δευτέρων
1992 4787 2080 4854 εἰ(
2128 4786 2218 4853 ΘΕ
2263 4793 2469 4853 scribit
2514 4788 2554 4866 ἢ
2602 4790 2735 4852 τῶν
2781 4787 3105 4866 δευτέρων

486 4879 564 4944 τὸ
610 4878 751 4956 ε’θῖι,
809 4888 954 4962 quia
1000 4885 1327 4962 asyndeton
1373 4883 1753 4948 offensionem
1805 4881 2090 4960 praebeat
2143 4885 2204 4942 et
2257 4877 2615 4957 παραγωγή
2662 4881 2899 4959 longius
2948 4880 3106 4939 absit

489 4992 669 5050 quam
706 4975 864 5051 quod
897 4975 1072 5034 facile
1108 4974 1618 5054 subintellegatur.
1694 4972 1808 5034 Sed
1845 4975 2164 5051 utrumque
2201 4973 2621 5051 argumentum
2657 4970 2944 5032 caducum
2981 4972 3100 5046 est3
