3738 5530
1725 351 2384 367 -ae———n—d———fl

1187 371 1562 427 ADvEssmA
1597 375 1674 426 IN
1722 375 1820 425 ΘΕ
1858 376 1953 425 TE
1991 374 2085 423 ΣΕ
2123 370 2269 441 [OT]
2296 373 2403 424 ΖΕ.
2972 351 3104 434 193'

496 585 645 666 τῇδε
704 581 1021 658 ἐγεγόνει·
1085 578 1163 644 ού
1219 579 1341 656 γὰρ
1399 578 1476 643 ἐξ
1518 578 1798 656 ἀνάγκης
1842 576 2296 656 παρεπόμενόν
2357 575 2481 640 ἐςτι
2526 578 2663 641 τοῖς
2706 575 2794 640 εἰς
2850 562 2961 641 θ-εν
3013 577 3088 640 τὸ

498 687 833 749 τοιοῦτον·
883 681 1032 747 οὔτε
1077 681 1199 759 γὰρ
1243 687 1336 764 τῷ
1381 680 1568 745 ἔνθεν
1613 680 1982 758 παράκειται
2028 678 2177 744 οὔτε
2217 678 2442 743 ἄλλοις
2473 678 2717 744 πλείοςι
2748 678 3089 743 τοιούτοις.

398 802 448 842 1⁵
500 789 617 850 τοῦ
696 805 770 861 γε
847 785 970 865 μὴν
1046 782 1271 862 ἑτέρου
1342 780 1775 861 ὑποδείγματα
1842 781 1965 847 ἐςτι
2042 784 2345 863 τοιαῦτα,
2426 780 2714 861 Θήβηθεν
2793 780 3091 865 Θήβῃςιν,

499 888 840 980 ζΑθήνηθεν
891 885 1253 968 Ἀθήνῃςιν,
1297 884 1569 963 θύρηθεν
1614 882 1849 968 Θύρῃςι.

670 1056 766 1121 Τὰ
829 1055 935 1120 διὰ
988 1058 1108 1118 τοῦ
1163 1057 1197 1119 ἒ
1264 1052 1665 1133 ἐκφερόμενα
1721 1052 2114 1131 ἐπιρρήματα
2179 1053 2379 1132 (λέγω
2448 1053 2521 1117 δὲ
2575 1053 2656 1116 τὰ
2710 1052 3096 1133 προκείμενα
3131 1075 3163 1123 5

505 1158 665 1223 κατὰ
721 1157 1116 1236 παραγωγήν
1182 1158 1301 1220 τοῦ
1366 1141 1468 1219 ’β’ἑ·
1534 1155 1637 1218 καὶ
1692 1155 1770 1218 τὰ
1821 1158 2092 1217 τοιαῦτα
2148 1154 2219 1217 δὲ
2276 1153 2472 1229 λέγω,
2537 1155 2617 1218 τὰ
2671 1154 2777 1218 διὰ
2828 1159 2945 1220 τοῦ
3000 1158 3092 1231 ἵε,

507 1260 777 1341 ἄλλοτε,
820 1256 1002 1340 τότε,
1050 1256 1210 1334 ὑπὲρ
1257 1255 1353 1321 ὧν
1398 1257 1502 1319 καὶ
1547 1255 1704 1319 κατὰ
1746 1256 1821 1318 τὸ
1869 1255 2011 1333 ἑξῆς
2055 1253 2388 1332 εἰρήςεται,
2435 1256 2539 1319 καὶ
2581 1256 2674 1319 ἔτι
2717 1256 2796 1319 τὰ
2839 1256 2945 1319 διὰ
2978 1260 3096 1320 τοῦ

397 1378 452 1418 20
503 1366 600 1441 ἵε,
647 1360 946 1439 κυκλόςε,
992 1358 1302 1438 πάντοςε,
1349 1357 1533 1434 πόςε,
1579 1358 1681 1422 καὶ
1726 1355 1816 1420 ἔτι
1859 1356 1941 1419 τὰ
1984 1355 2088 1419 διὰ
2126 1359 2243 1420 τοῦ
2283 1344 2388 1438 δε,
2435 1355 2685 1439 οἴκαδε,
2736 1358 2838 1421 καὶ
2883 1356 2976 1422 ἔτι
3016 1358 3097 1423 τὰ

503 1462 756 1527 τούτοις
817 1459 1038 1541 ὅμοια)
1105 1458 1185 1522 οὐ
1242 1460 1459 1537 τρέπει
1514 1458 1791 1523 πάντοτε
1848 1458 1926 1521 τὸ
1984 1460 2016 1522 ἒ
2072 1456 2159 1521 εἰς
2215 1459 2291 1522 τὸ
2348 1461 2389 1522 ᾶ
2444 1458 2607 1535 παρ’
2650 1457 2935 1524 Αἰολεῦςι
2994 1461 3097 1524 καὶ

506 1565 887 1644 Δωριεῦςιν,
933 1561 1101 1625 ἀλλὰ
1144 1560 1475 1650 τρέψαντά
1519 1560 1684 1625 ἐςτιν
1729 1560 1769 1637 ἢ
1815 1560 1919 1623 διὰ
1960 1563 2079 1625 τοῦ
2109 1545 2181 1625 (ἷὲ
2212 1560 2616 1639 ἐκφερόμενα
2653 1560 2691 1636 ἢ
2723 1560 2829 1623 διὰ
2857 1564 2973 1654 τοῦ
3004 1563 3094 1625 ff.
3137 1592 3200 1640 10

505 1666 608 1728 καὶ
653 1665 881 1744 ςχεδὸν
938 1663 1046 1741 μία
1099 1660 1179 1739 ἦν
1235 1660 1582 1738 ἀπολογία·
1641 1660 1949 1740 πνεύματι
2008 1663 2133 1738 γὰρ
2190 1661 2480 1740 διαφέρει
2514 1662 2600 1742 ,τὸ
2642 1663 2679 1725 τ
2721 1664 2840 1725 τοῦ
2897 1664 2953 1724 θ.
3017 1662 3099 1725 τὰ

403 1781 456 1822 25
503 1766 627 1843 γὰρ
687 1765 768 1845 μὴ
812 1768 963 1847 τῇδε
1020 1762 1257 1843 ἔχοντα
1297 1764 1374 1827 τὸ
1417 1767 1453 1828 ἒ
1511 1762 1832 1843 φυλάςςει.
1878 1797 1962 1807 —
2021 1760 2261 1842 εἴρηται
2315 1764 2432 1842 μὲν
2458 1761 2599 1830 ,οῦν
2644 1762 2789 1840 περὶ
2831 1766 2962 1826 τῶν
3009 1761 3100 1826 εἰς

506 1852 651 1948 ὂῖν,
710 1866 880 1942 λέγω
924 1865 1068 1943 περὶ
1111 1868 1230 1929 τοῦ
1275 1862 1504 1929 ὔπιςθα
1547 1864 1647 1927 καὶ
1691 1863 1937 1941 ὕπερθα
1979 1863 2081 1927 καὶ
2123 1871 2255 1929 τῶν
2298 1865 2646 1929 τοιούτων·
2701 1864 2827 1929 ἔςτι
2884 1863 2957 1928 δὲ
2998 1863 3100 1928 καὶ

507 1968 942 2047 ὑποδείγματα
1008 1971 1143 2031 τῶν
1212 1965 1403 2048 <διὰ>
1469 1968 1586 2030 τοῦ
1649 1968 1720 2029 ’ῑὲ
1783 1965 1860 2028 τὸ
1925 1965 2082 2029 πότε
2150 1966 2349 2046 πότα,
2429 1964 2539 2030 ὅτε
2611 1965 2758 2035 ὅτα.
2826 1964 3097 2043 ἑτέρωτε

507 2069 829 2151 ἑτέρωτα,
907 2066 1141 2131 ἄλλοτε
1210 2066 1469 2131 ἄλλοτα.
1547 2101 1630 2113 —
1709 2066 2001 2145 διαφέρει
2075 2067 2146 2129 δὲ
2220 2066 2414 2131 πάλιν
2490 2069 2570 2133 τὰ
2648 2066 2910 2131 Αἰολικὰ
2977 2070 3095 2131 τοῦ
3138 2098 3201 2146 15

403 2189 457 2228 ao
508 2171 843 2249 Δωρικοῦ,
903 2169 942 2253 ᾗ
1000 2170 1078 2233 τὸ
1134 2168 1247 2246 μὲν
1295 2168 1598 2247 Δωρικὸν
1653 2168 1730 2232 τὸ
1773 2172 1809 2231 τ
1866 2168 1955 2232 εἰς
2008 2170 2045 2230 κ
2096 2168 2586 2251 μεταλαμβάνει,
2643 2168 2752 2233 ὅτε
2808 2169 2883 2232 τὸ
2941 2168 3099 2232 πότε

507 2271 677 2335 πόκα
733 2269 884 2346 ἑςτί,
951 2270 1028 2334 τὸ
1085 2269 1319 2333 ἄλλοτε
1380 2269 1652 2352 ἄλλοκα,
1721 2267 1829 2333 ὅτε
1890 2268 2039 2340 ὅκα,
2112 2269 2211 2332 καὶ
2271 2270 2428 2348 μετὰ
2495 2272 2795 2347 περιςςοῦ
2858 2275 2975 2334 τοῦ
3043 2273 3097 2346 ff,

509 2372 698 2436 ὅκκα
753 2372 846 2450 δὴ
901 2370 1105 2446 γυνά
1158 2370 1390 2452 (Alcm.
1435 2370 1514 2434 fr.
1561 2371 1644 2433 94
1687 2368 1992 2454 Bergk3).
2089 2370 2171 2435 οὐ
2230 2372 2352 2450 μὴν
2409 2370 2514 2435 ἐπὶ
2568 2374 2686 2435 τοῦ
2740 2370 3005 2436 κυκλόςε
3059 2373 3099 2450 ἢ

514 2473 700 2553 ἔραζε
744 2473 783 2550 ἢ
828 2477 959 2538 τῶν
1005 2471 1663 2552 προκατειλεγμένων.

371 2591 473 2640 607
679 2572 800 2656 [Τὰ
854 2572 941 2638 εἰς
997 2578 1081 2637 iffi
1146 2574 1428 2651 λήγοντα
1484 2573 1876 2653 ἐπιρρήματα
1930 2574 2337 2655 περιςπᾶται,
2403 2573 2527 2638 ἐςτὶ
2586 2575 2657 2637 δὲ
2713 2575 3093 2652 παραγωγά.
3133 2603 3201 2652 20

521 2677 698 2752 παρὰ
740 2676 816 2738 τὸ
861 2673 1032 2754 ὕψος
1073 2674 1155 2753 ἦν
1199 2674 1275 2737 τὸ
1320 2673 1524 2754 ὑψοῦ,
1579 2675 1757 2754 παρὰ
1807 2676 1884 2739 τὸ
1937 2678 2090 2752 τῆλε
2133 2674 2210 2737 τὸ
2264 2678 2463 2753 τηλοῦ
2509 2675 2800 2755 (δύναται
2853 2677 2953 2739 καὶ
3006 2683 3099 2759 τῷ

405 2792 433 2832 ⁵
509 2778 700 2841 τέλος
751 2780 1190 2857 παρακεῑςθαι,
1245 2777 1600 2856 γενομένης
1655 2777 1966 2841 ἐκτάςεως
2021 2780 2138 2841 τοῦ
2183 2781 2217 2840 ἒ
2260 2777 2348 2841 εἰς
2377 2779 2452 2841 τὸ
2496 2782 2568 2859 ἦ,
2623 2780 2815 2843 τελοῦ
2872 2781 3101 2857 τηλοῦ·

509 2878 590 2941 τὰ
650 2879 774 2956 γὰρ
826 2878 933 2942 ἐπὶ
985 2879 1215 2943 τέλους
1277 2878 1685 2956 διικνούμενα
1758 2875 2198 2962 μεγεθύνεται)
2266 2878 2366 2944 καὶ
2428 2880 2604 2956 παρὰ
2669 2883 2925 2959 γενικὴν
2981 2881 3100 2959 τὴν

512 2979 711 3044 αὐτοῦ
767 2978 1123 3059 δμόφωνόν
1177 3000 1233 3044 τι
1289 2979 1572 3044 ἐκπίπτει
1627 2979 1942 3059 ἐπίρρημα
1996 2980 2072 3042 τὸ
2128 2979 2345 3044 αὐτοῦ.
2392 3017 2473 3025 -
2531 2981 2797 3045 δύναται
2852 2980 2952 3045 καὶ
3006 2987 3099 3066 τῷ

513 3077 660 3160 ἄγχι
701 3084 1115 3158 παρακεῖςθαι
1157 3082 1233 3145 τὸ
1279 3080 1500 3161 ἀγχοῦ.
1547 3118 1630 3127 -—
1673 3081 1754 3160 ἦν
1799 3082 1872 3145 δὲ
1918 3081 2017 3144 καὶ
2057 3082 2135 3145 τὸ
2181 3078 2261 3144 οὗ
2304 3082 2481 3161 παρὰ
2526 3084 2845 3147 πτωτικὸν
2890 3084 2966 3147 τὸ
3004 3082 3100 3163 ὅς,
3138 3110 3204 3158 25

515 3180 639 3261 ἀφ’
684 3179 763 3246 οὗ
823 3181 1336 3248 ἀνταποδοτικὸν
1392 3184 1468 3247 τὸ
1525 3187 1671 3259 τοῦ,
1730 3184 2067 3248 πευςτικόν
2126 3183 2198 3246 δὲ
2242 3184 2318 3247 τὸ
2364 3187 2513 3248 ποῦ.
2564 3220 2638 3229 ——
2697 3184 2800 3248 καὶ
2842 3183 2979 3248 ἐπεὶ
3022 3184 3102 3248 τὰ

412 3303 466 3344 ιο
517 3283 967 3364 μονοςύλλαβα
1008 3289 1141 3349 τῶν
1186 3288 1556 3363 πευςτικῶν,
1600 3285 1933 3367 προςθέςει
1975 3287 2093 3348 τοῦ
2131 3286 2169 3347 ὃ
2215 3283 2695 3363 ἀοριςτούμενα,
2744 3283 3103 3367 βαρύνεται,

399 3390 404 3395 '
516 3384 633 3448 οὐκ
675 3384 758 3449 ἂν
804 3383 903 3463 εἴη
947 3385 1324 3464 παράλογον
1366 3386 1443 3449 τὸ
1488 3383 1660 3450 ὅπου
1704 3385 1864 3449 κατὰ
1907 3384 2102 3450 τάςιν.
2146 3421 2221 3431 -
2267 3390 2421 3469 τῇδε
2465 3386 2598 3466 ἔχει
2641 3386 2747 3450 καὶ
2787 3387 2863 3450 τὸ
2911 3384 3103 3451 οὐδα-

515 3488 668 3565 μοῦ,
713 3485 1181 3564 παρακείμενον
1224 3492 1316 3569 τῷ
1360 3485 1696 3569 οὒδαμός.]

648 3638 865 3690 Αιιανκ.
925 3643 971 3690 5.
1012 3634 1167 3702 Quae
1201 3635 1261 3689 in
1296 3635 1331 3691 ἔ
1366 3638 1590 3703 exeunt,
1629 3673 1691 3681 -
1727 3642 1759 3692 9
1794 3652 1907 3691 non
1944 3637 2135 3692 omnia
2167 3642 2200 3693 ἓ
2236 3637 2296 3691 in
2331 3643 2368 3691 ἃ
2403 3638 2631 3692 mutant
2662 3638 2720 3691 in
2758 3636 2949 3692 dorica
2983 3637 3101 3691 dia-

515 3720 687 3775 lecto:
725 3721 950 3775 mutant
983 3735 1351 3789 quaecunque
1387 3721 1447 3774 in
1483 3725 1553 3776 θέ
1588 3722 1647 3775 et
1680 3726 1749 3777 ἵε·
1783 3722 2011 3778 cadunt.
2059 3753 2112 3762 —
2167 3729 2228 3777 15
2261 3721 2496 3776 Aeolica
2522 3738 2566 3775 a
2601 3722 2804 3776 doricis
2839 3737 2906 3776 eo
2942 3721 3102 3776 diffe-

515 3806 672 3873 runt,
709 3805 862 3874 quod
899 3804 1090 3860 dorica
1123 3811 1158 3859 τ’
1192 3803 1252 3858 in
1286 3812 1320 3860 ἰ
1355 3806 1598 3860 vertunt.
1646 3835 1713 3846 —
1761 3806 1847 3877 [20
1883 3806 2171 3861 Adverbia
2213 3807 2271 3861 in
2308 3811 2378 3862 δῦ
2416 3807 2674 3861 derivata
2708 3808 3105 3876 perispomena

515 3889 648 4026 {unt
710 3919 776 3929 -
818 3894 885 3943 26
920 3887 1032 4045 Se]d
1065 3889 1387 3956 indefinita,
1433 3906 1580 3957 quae
1616 3908 1686 3946 ex
1719 3890 2144 3960 interrogativis
2187 3891 2440 3962 praefixa
2474 3897 2509 3947 ὃ
2551 3892 2746 3947 littera
2779 3893 3101 3957 naseuntur,

556 3974 793 4041 arytona
826 3975 971 4028 sunt.

649 4092 836 4148 D1son.
868 4111 1060 4147 scam.
1108 4098 1159 4148 2.
1184 4093 1515 4161 παράκειταί
1539 4093 1675 4163 <τι>
1698 4094 1907 4149 conicit
1929 4094 2287 4151 RSchneider
2315 4097 2325 4166 Ι
2354 4103 2403 4151 6.
2432 4093 2516 4148 (Ε.
2546 4097 2896 4163 παραγωγὴν
2918 4094 3106 4164 <τὴν>

516 4182 619 4232 τοῦ
655 4166 745 4233 δὲ’
783 4178 819 4232 b
856 4178 916 4231 in
952 4194 1065 4236 var.
1101 4177 1230 4232 lect.
1261 4181 1271 4243 Ι
1307 4184 1383 4232 10.
1420 4179 1574 4248 (τὰ)
1608 4180 1902 4247 τρέψαντα
1928 4178 2378 4235 GFSchoemann
2407 4183 2416 4248 Ι
2450 4187 2528 4237 11.
2554 4181 2663 4247 γὰρ
2697 4180 2960 4249 (μόνον)
2994 4182 3106 4233 δια-

518 4264 675 4330 φέρει
713 4261 991 4318 GDronke
1021 4268 1031 4329 Ι
1063 4268 1143 4317 18.
1178 4267 1398 4331 υπηςθα
1435 4264 1478 4317 Α
1508 4269 1517 4330 Ι
1549 4264 1766 4331 ὕπερθα
1801 4262 2018 4318 FJBast
2051 4265 2127 4333 et,
2163 4266 2229 4319 ut
2263 4263 2510 4329 videtur,
2550 4266 2624 4331 Α,
2662 4265 2883 4332 ὔπερθα
2907 4263 2943 4317 b
2975 4265 2986 4333 Ι
3015 4267 3107 4318 καὶ

515 4352 637 4401 τῶν
672 4348 980 4417 τοιούτων]
1029 4346 1124 4402 fol.
1166 4353 1261 4401 145
1285 4365 1337 4401 v.
1390 4350 1399 4415 Ι
1461 4354 1539 4406 14.
1577 4348 1833 4403 ‘fortasse
1869 4350 2172 4418 scripserat
2207 4349 2539 4419 Apollonius
2572 4349 2961 4415 ὑποδείγματα
2995 4367 3106 4403 τοι-

517 4437 661 4486 αῦτα
704 4437 825 4487 τῶν
869 4433 958 4486 διὰ
999 4437 1129 4486 ‘roo’
1176 4431 1412 4499 FJBast,
1469 4431 1614 4487 ‘sola
1656 4448 1799 4503 opus
1844 4434 2285 4503 praepositione’
2331 4434 2368 4487 b
2424 4434 2484 4486 in
2534 4450 2648 4488 var.
2695 4434 2852 4497 lect„
2914 4435 3003 4488 δια
3047 4434 3107 4486 in

519 4518 563 4571 Α
607 4515 779 4571 fuisse
823 4514 1073 4584 videtur,
1129 4516 1228 4571 sed
1281 4532 1441 4572 evan.
1504 4517 1515 4585 Ι
1578 4523 1794 4574 14-15.
1839 4520 2085 4587 ἑτέρωτε
2143 4520 2398 4586 ἑτέρωτα
2443 4517 2658 4572 FJBast
2700 4517 2766 4585 b,
2825 4522 3108 4585 ετερωθεν

520 4604 774 4667 ετερωθα
808 4601 851 4654 Α
891 4600 1155 4666 (alterum
1189 4601 1308 4655 fere
1345 4604 1527 4666 evan.)
1558 4603 1568 4666 Ι
1603 4606 1680 4655 18.
1721 4604 1867 4669 γυνά
1898 4604 1940 4657 b
1975 4602 2035 4656 in
2069 4602 2354 4669 Μελεά.
2392 4602 2698 4672 ThBergk,
2738 4604 2881 4669 γυνή
2921 4603 3013 4658 Ab
3049 4604 3108 4657 in

518 4685 678 4738 textu
707 4687 965 4754 [ΞΟ-29.
1000 4684 1171 4739 Unois
1203 4685 1345 4740 haec
1379 4685 1606 4740 inclusit
1640 4686 2020 4757 RSchneider,
2055 4687 2320 4742 haeserat
2351 4687 2410 4741 in
2447 4688 2527 4743 eis
2563 4686 2735 4742 etiam
2773 4687 3051 4742 GDronke
3094 4690 3102 4757 Ι

520 4774 605 4822 21.
641 4771 871 4824 δύναται
909 4772 980 4837 Α,
1018 4770 1050 4823 δ
1087 4772 1324 4824 δυναται
1358 4771 1394 4824 b
1460 4773 1471 4839 Ι
1533 4776 1614 4824 25.
1653 4773 1722 4825 τὸ
1758 4771 1826 4826 οῦ
1863 4771 1930 4839 b,
1974 4789 2061 4826 τω
2097 4790 2164 4827 ου
2202 4775 2245 4828 Α
2304 4777 2312 4841 Ι
2382 4778 2462 4827 26.
2501 4775 2970 4828 ανταποδωτικον
3007 4775 3051 4828 Α
3094 4775 3104 4845 Ι

521 4858 605 4907 29.
639 4859 725 4919 τῷ
762 4855 1006 4919 οὐδαμός
1042 4855 1103 4921 b,
1139 4871 1207 4908 το
1244 4857 1488 4922 ουδαμος
1525 4858 1569 4911 Α

623 4948 899 5001 Apollonius
926 4949 1165 5000 Dymolus.
1205 4951 1244 4990 1.
2643 4952 2703 5005 13
