3738 5530
611 332 743 397 266
822 331 1269 389 Commentarius
1302 331 1529 389 criticus
1558 336 1625 437 et
1643 332 1965 404 exegeticus
1992 333 2054 389 in
2080 333 2370 404 Apollonii
2396 333 2625 404 Dyscoli
2654 333 2867 405 scripta
2891 333 3125 390 minora.

610 503 770 562 Nam
814 522 933 562 non
980 502 1053 562 de
1099 504 1408 563 omnium
1453 523 1735 582 generum
1787 503 2321 582 significationibus
2361 504 2724 580 loquendum
2772 507 2925 564 erat:
2974 505 3116 582 quid
3155 501 3237 565 τὰ

611 587 878 667 χρονικά
922 591 1037 652 sibi
1080 593 1285 668 velint,
1329 611 1436 670 per
1482 611 1543 654 se
1588 595 1773 671 patet,
1824 596 1886 654 et
1931 593 2079 671 quid
2127 594 2200 653 de
2236 595 2298 653 vi
2347 612 2416 653 ac
2461 596 2700 654 notione
2735 595 3039 654 variorum
3084 595 3147 653 in
3192 593 3235 655 ἇ

611 682 1026 742 adverbiorum
1072 683 1136 740 in
1182 685 1525 743 universum
1569 683 1837 760 praecipi
1893 681 2137 761 potest?
2216 684 2432 759 Itaque
2478 702 2631 760 quae
2681 685 2827 760 192,
2850 685 3234 758 15-193,4

609 772 909 849 leguntur,
954 772 1267 831 inserenda
1303 790 1428 831 esse
1463 775 1612 849 puto
1660 776 1798 849 post
1838 775 1986 848 163,
2013 776 2125 849 273
2176 775 2322 848 194,
2346 774 2672 850 22—195,
2695 775 2776 832 22
2823 777 2962 851 post
3002 774 3234 849 164‚3;

616 861 1212 936 195,23-196,11
1262 865 1402 938 post
1451 863 1719 938 169,19.
1795 861 1926 933 Quo
1974 863 2135 922 facto
2181 863 2245 920 in
2292 864 2744 939 epirrhematico
2787 863 2994 923 eadem
3039 863 3236 941 dispo-

614 951 754 1010 sitio
799 951 1138 1010 restituitur
1184 954 1364 1027 atque
1411 971 1482 1011 ea
1528 970 1680 1028 quae
1727 954 1819 1011 est
1861 952 1926 1011 in
1972 951 2358 1029 syndesmico.

791 1040 907 1100 Sed
942 1040 1088 1100 haec
1132 1040 1432 1101 hactenus.
1506 1040 1593 1102 Ut
1638 1035 1982 1120 ‘genuinam
2030 1042 2473 1119 epirrhematici
2517 1043 2841 1121 imaginem
2882 1036 3232 1103 describere'

617 1148 808 1207 coner,
855 1148 892 1189 6
935 1148 1030 1190 1116
1074 1149 1193 1190 11611
1238 1133 1509 1209 impetro

1549 1260 1623 1317 B.
1682 1260 1782 1318 De
1827 1261 2281 1330 syndesmeo.

800 1398 1248 1477 Syndesmicum
1295 1402 1478 1459 etiam
1522 1402 1714 1477 magis
1760 1401 2023 1459 lacerum
2070 1419 2198 1461 esse
2244 1419 2424 1477 quam
2470 1401 2990 1479 epirrhematicum
3037 1419 3237 1462 omnes

624 1491 1003 1549 consentiunt
1047 1481 1149 1571 (cf.
1190 1488 1559 1550 GFSchoem.
1597 1489 1742 1549 Red.
1775 1491 1924 1565 218,
1948 1482 2043 1571 1);
2088 1490 2293 1566 itaque
2340 1491 2523 1550 etiam
2567 1491 2762 1569 magis
2807 1490 3238 1567 desperandum

624 1582 717 1639 est
772 1581 1094 1657 genuinam
1149 1582 1277 1639 eius
1322 1579 1576 1639 formam
1621 1579 2014 1658 redintegrari
2058 1599 2246 1657 posse.
2339 1579 2454 1639 Sed
2500 1599 2651 1657 quae
2696 1581 2880 1640 fuerit
2924 1580 3237 1657 dispositio

622 1670 809 1729 totius
845 1669 986 1728 libri
1022 1671 1083 1728 et
1119 1688 1190 1728 ex
1216 1669 1389 1728 initio
1429 1668 1554 1730 eius
1582 1672 1644 1729 et
1680 1688 1749 1729 ex
1788 1671 2168 1746 antonymico
2198 1672 2261 1729 et
2287 1670 2739 1746 epiri-hematico
2776 1671 3053 1748 colligere
3079 1669 3235 1729 licet.

799 1759 889 1817 Ac
941 1759 1201 1835 primum
1256 1758 1494 1835 quidem
1552 1777 1623 1817 ex
1675 1758 1732 1817 h.
1780 1759 1817 1820 1.
1868 1760 2016 1835 213,
2040 1761 2253 1819 7--19
2310 1759 2498 1834 initii,
2562 1759 2720 1835 quod
2772 1758 3238 1837 Apollonianum

624 1866 751 1908 esse
796 1867 969 1908 nemo
1014 1851 1220 1926 negat,
1269 1851 1521 1926 apparet
1564 1848 1900 1907 technicum
1945 1849 2057 1908 hoc
2099 1868 2332 1925 quoque
2377 1847 2530 1909 libro
2574 1849 2836 1925 primum
2880 1848 2951 1909 de
2995 1849 3238 1909 notione

617 1930 937 2019 (Begriff),
1001 1936 1211 1997 deinde
1267 1938 1339 1996 de
1391 1938 1555 1997 vocis
1610 1938 1803 1997 forma
1857 1922 2477 2015 disputare'voluisse
2525 1930 2702 2020 (213,
2726 1929 2865 2019 16);
2919 1938 3020 1998 sed
3075 1937 3235 2014 quod

617 2030 681 2086 in
741 2027 1194 2103 epirrhematico
1251 2022 1510 2088 ἔννοιαν
1565 2027 1740 2104 dicit,
1803 2028 1858 2086 h.
1908 2029 1945 2086 l.
1995 2014 2396 2103 δηλούμὲᾯον
2453 2029 2743 2105 appellat3
2800 2030 3110 2104 praeterea
3164 2028 3236 2086 de

621 2118 995 2195 singularum
1040 2119 1521 2176 coniunctionum
1565 2117 1661 2177 vel
1720 2116 1792 2176 de
1837 2118 2207 2195 singulorum
2253 2118 2685 2178 coniunctionis
2730 2136 3012 2195 generum
3056 2117 3237 2195 signi-

619 2205 997 2266 ficationibus
1036 2199 1519 2288 (Bedeutungen)
1557 2225 1845 2284 exponere
1891 2209 1956 2266 in
1997 2209 2195 2267 animo
2240 2207 2443 2282 fuisse,
2487 2208 2580 2267 his
2624 2207 2820 2267 verbis
2870 2207 3018 2282 213,
3041 2210 3076 2266 7
3124 2203 3239 2267 τὰ(

620 2291 691 2356 ἐν
739 2290 959 2356 αὐτοῖς
1005 2291 1303 2370 δυνάμει(
1358 2295 1638 2356 declarat.
1732 2295 1862 2366 Qua
1906 2297 1971 2355 in
2015 2316 2079 2355 re
2126 2297 2561 2374 syndesmicum
2603 2315 2736 2355 cum
2783 2295 3236 2374 epirrhematico

613 2386 928 2445 convenire
972 2403 1159 2461 supra
1202 2385 1454 2462 probavi
1501 2378 1884 2468 (dissentiens
1929 2404 1966 2445 6
2010 2386 2270 2446 Matthia
2303 2378 2379 2466 Ι).

792 2470 902 2555 Τῷ
959 2471 1337 2555 δηλουμένῳ
1390 2467 1554 2557 (dem
1599 2467 1860 2556 Begriff)
1908 2478 1970 2535 et
2024 2475 2162 2535 wic
2219 2471 2289 2536 ἐν
2344 2475 2481 2536 τοῖς
2528 2471 2891 2549 (υνδέεμοιε
2937 2469 3236 2549 δυνάμεει

613 2556 758 2646 (den
818 2564 1247 2642 Bedeutungen
1336 2568 1587 2642 opponit
1638 2565 1934 2642 Dyscolus
1987 2562 2106 2638 τὴν
2162 2561 2394 2640 φωνήν
2450 2558 2574 2647 (die
2619 2556 2978 2645 Wortform)
3038 2566 3099 2623 et
3156 2559 3237 2623 τὰ

615 2650 901 2728 (χήματα
960 2646 1242 2735 (213,16
1287 2675 1302 2729 ;
1358 2654 1504 2714 11666
1557 2673 1675 2714 11611
1733 2654 1927 2715 solum
1980 2651 2063 2714 τὰ
2118 2648 2295 2714 ἁπλᾶ
2349 2656 2410 2714 et
2463 2649 2545 2714 τὰ
2590 2649 2858 2714 (ύνθετα
2904 2644 3236 2734 (213,17),

611 2743 715 2805 sed
761 2744 1003 2804 notione
1052 2744 1234 2804 latius
1280 2746 1524 2821 patente
1570 2745 2055 2805 coniunctionum
2101 2744 2485 2805 formationes
2531 2746 2825 2821 quotquot
2870 2745 3011 2803 sunt
3055 2743 3235 2822 signi-

612 2833 816 2910 ficare,
873 2853 991 2893 non
1050 2836 1140 2894 est
1195 2834 1355 2909 quod
1407 2853 1707 2893 moneam:
1762 2835 1827 2892 in
1872 2835 1965 2895 his
2010 2836 2199 2912 igitur
2251 2837 2391 2894 sunt
2435 2835 2616 2893 etiam
2662 2852 2765 2893 666
2811 2833 3036 2892 formae
3083 2851 3236 2909 quae

615 2926 685 2982 ut
720 2923 882 2982 vocis
921 2941 1064 2983 sono
1101 2926 1436 3002 congruunt
1479 2924 1569 2983 ita
1611 2924 1853 2984 notione
1893 2943 2139 3000 eamque
2177 2923 2252 2983 ob
2297 2943 2424 2982 rem
2468 2925 2743 2983 merismo
2780 2922 3050 2982 diversae
3094 2925 3238 2981 sunt

614 3005 723 3094 (τὰ
779 3009 1361 3087 (υνεμπεπτωκότα
1407 3009 1692 3088 (χήματα
1742 3015 1889 3088 213,
1914 3005 2055 3095 16);
2111 3032 2245 3072 cum
2289 3013 2382 3073 his
2438 3011 2882 3090 coniungendae
2937 3014 3079 3070 sunt
3131 3029 3235 3071 eae

611 3120 783 3162 voces
832 3121 1001 3178 quae,
1047 3104 1158 3163 etsi
1205 3103 1461 3179 speciem
1505 3121 1648 3179 prae
1696 3121 1758 3162 se
1797 3103 1998 3162 ferunt
2034 3103 2534 3176 coniunctionum,
2578 3105 2782 3162 tamen
2818 3101 2903 3160 eis
2939 3119 3059 3160 non
3095 3103 3237 3160 sunt

610 3190 960 3251 tribuendae
1008 3185 1117 3272 (τὰ
1163 3188 1361 3254 δόξαν
1409 3188 1720 3266 ἐεχηκότα
1766 3189 2145 3268 (υνδέεμων,
2203 3187 2282 3252 οὐ
2331 3188 2453 3266 μὴν
2500 3185 2659 3251 ὄντα
2709 3192 2854 3265 213,
2879 3182 3019 3271 18);
3074 3208 3232 3249 6666-

610 3279 761 3341 dunt
807 3300 958 3356 quae
1004 3281 1077 3341 de
1123 3282 1321 3341 tonosi
1380 3281 1799 3359 praecipienda
1854 3284 1996 3341 sunt
2041 3273 2222 3363 (213,
2246 3273 2377 3363 19).
2467 3280 2559 3340 De
2603 3281 2696 3340 his
2741 3278 2918 3340 rebus
2963 3279 3234 3339 omnibus

610 3389 671 3430 se
718 3369 1108 3430 disserturum
1155 3390 1281 3430 esse
1326 3371 1643 3448 pollicetur
1691 3371 2009 3431 technicus.

789 3459 903 3519 Sed
933 3478 1115 3536 quam
1142 3459 1335 3538 legem
1376 3461 1575 3520 sanxit
1613 3461 1678 3518 in
1715 3460 2096 3536 antonymico
2126 3452 2217 3541 (3,
2240 3452 2306 3541 9)
2347 3452 2618 3535 ἀρκτέον
2655 3456 2728 3519 δὲ
2767 3452 2898 3518 ἀπὸ
2935 3457 3048 3531 τῆ(
3083 3454 3232 3531 κλή-

608 3564 791 3620 teme,
840 3549 1088 3609 eandem
1134 3570 1268 3609 eum
1314 3549 1379 3607 in
1424 3549 1797 3626 syndesmico
1847 3553 2116 3609 secutum
2162 3567 2287 3608 esse
2333 3551 2560 3608 certum
2606 3551 2722 3622 est3
2779 3566 2971 3624 neque
3015 3546 3233 3605 mirum

609 3657 740 3698 eam
786 3637 926 3698 libri
977 3641 1213 3715 partem
1266 3639 1330 3698 in
1377 3639 1618 3699 exordio
1664 3659 1783 3699 non
1833 3639 2308 3699 commemorari:
2361 3657 2502 3697 nam
2547 3633 2588 3711 ἡ
2636 3636 2845 3711 κλῆει(
2892 3639 2953 3695 61
2996 3632 3075 3697 τὸ
3121 3637 3231 3711 δη-

610 3723 930 3802 λούμενον
975 3729 1070 3788 vel
1116 3724 1155 3802 ἡ
1204 3724 1425 3789 ἔννοια
1469 3732 1597 3788 16111
1655 3731 1782 3788 6116
1841 3729 2001 3787 111161
2046 3747 2106 3787 se
2155 3728 2496 3802 cohaerent,
2549 3728 2620 3786 ut
2664 3727 2766 3803 qui
2813 3727 2886 3786 de
2932 3726 3125 3785 altera
3167 3746 3232 3785 re

607 3820 755 3895 agat
798 3818 991 3878 facere
1037 3837 1153 3878 non
1201 3818 1392 3895 possit
1439 3820 1582 3894 quin
1629 3817 1701 3878 de
1749 3819 1941 3877 altera
1989 3836 2223 3894 quoque
2260 3819 2531 3893 exponat.
2605 3816 2818 3892 Itaque
2857 3817 2994 3875 ante
3033 3815 3235 3875 omnia

608 3900 790 3987 (214,
811 3899 882 3988 3)
938 3907 1048 3966 1116
1105 3908 1461 3984 syndesmici
1518 3927 1686 3984 pars,
1742 3927 1896 3984 quae
1951 3902 2098 3981 περὶ
2155 3906 2266 3979 τῆς
2321 3903 2601 3980 κλήεεω(
2656 3909 2718 3965 61
2770 3901 2916 3979 περὶ
2971 3903 3084 3978 τῆ(
3129 3900 3231 3965 ἐν·

607 3992 790 4058 νοίαε
834 3998 930 4057 vel
977 3996 1094 4057 τοῦ
1144 3992 1549 4071 δηλουμένου
1597 4000 1753 4071 6161,
1806 3997 2065 4073 interiit3
2123 3997 2188 4054 in
2234 4016 2304 4056 66
2347 3995 2732 4072 Apollonium
2782 3994 3114 4055 Stoicorum
3160 3994 3235 4053 de

611 4086 725 4145 hac
771 4086 1058 4146 orationis
1112 4090 1285 4164 parte
1333 4085 1664 4145 doctrinam
1712 4086 2045 4146 illustrasse
2089 4086 2215 4145 veri
2262 4085 2456 4145 simile
2502 4087 2606 4144 est.
2697 4084 2852 4143 Eum
2897 4086 3079 4143 etiam
3124 4083 3237 4141 611-

617 4195 789 4236 6111111
843 4175 1190 4253 posterioris
1255 4178 1471 4235 aetatis
1529 4177 2055 4254 grammaticorum
2116 4175 2344 4252 placita
2404 4174 2754 4251 respexisse,
2819 4192 2889 4232 ex
2942 4175 3027 4232 eis
3081 4190 3234 4249 quae

624 4268 772 4341 214,
793 4267 1011 4326 4-10
1050 4269 1289 4326 servata
1324 4268 1463 4325 sunt
1500 4266 1693 4325 elucet
1730 4257 1812 4346 (v.
1843 4256 2270 4345 commentar.)
2338 4263 2454 4323 Sed
2488 4263 2634 4323 haec
2669 4263 2957 4339 expositio
2992 4261 3235 4322 detrun-

609 4358 747 4415 cata
803 4359 921 4430 est3
984 4356 1254 4432 sequitur
1297 4355 1512 4414 lacuna
1555 4356 1807 4415 fortasse
1855 4355 2111 4432 amplior
2158 4373 2337 4430 quam
2385 4373 2536 4430 quae
2581 4353 2817 4430 paginis
2862 4352 2987 4412 illis
3028 4351 3235 4412 vacuis

613 4447 747 4520 capi
791 4447 982 4521 possit
1029 4437 1110 4526 (v.
1159 4444 1331 4504 discr.
1382 4444 1582 4521 script.
1631 4446 1692 4504 et
1737 4435 2163 4524 commentam).

786 4534 858 4593 In
886 4553 956 4592 ea
982 4535 1277 4594 interiisse
1308 4552 1515 4594 censeo
1543 4535 1803 4612 primum
1840 4533 2273 4593 definitionem:
2321 4551 2451 4592 eam
2490 4532 2648 4591 enim
2675 4551 2748 4590 ne
2776 4530 2830 4590 is
2860 4530 3097 4606 quidem
3127 4530 3233 4605 6111

607 4621 719 4699 Ap.
749 4623 970 4682 librum
1012 4625 1304 4700 excerpsit
1340 4624 1614 4683 omittere
1652 4625 1906 4700 poterat.
1980 4622 2368 4699 Deperditam
2406 4639 2540 4681 eam
2577 4639 2702 4681 esse
2740 4638 2808 4680 eo
2844 4621 3036 4698 magis
3073 4619 3233 4679 dole·

609 4730 760 4785 mue,
801 4712 958 4787 quod
996 4732 1066 4772 66
1096 4732 1247 4788 61166
1276 4711 1434 4789 apud
1473 4714 1651 4773 schol.
1681 4713 1878 4771 DThr.
1913 4714 2058 4788 952,
2085 4714 2373 4786 ’ἵε-102,
2397 4712 2655 4770 15-18
2675 4709 2837 4786 Hilg.
2867 4712 3105 4769 servata
3140 4711 3236 4769 est

611 4792 811 4881 (versa
843 4820 877 4858 6
906 4800 1212 4861 Prisciano
1240 4801 1384 4860 XVI
1418 4821 1475 4877 p.
1506 4804 1608 4877 93,
1631 4793 1698 4882 1)
1726 4821 1847 4861 11611
1877 4804 1968 4861 est
1992 4801 2302 4878 Apollonii
2331 4793 2412 4882 (v.
2436 4801 2633 4860 adnot.
2656 4798 2731 4858 ad
2758 4800 2906 4859 coni.
2931 4800 3078 4872 214,
3100 4789 3230 4878 26).

614 4889 1022 4949 Antecessisse
1058 4909 1198 4950 vero
1244 4890 1643 4950 definitionem
1694 4892 1938 4966 eiusque
1975 4892 2409 4950 enarrationem
2457 4891 2511 4947 ei
2555 4890 2734 4965 parti,
2779 4907 2898 4964 qua
2943 4886 3234 4966 agebatur

608 4977 680 5036 de
726 4981 985 5054 syntaxi,
1031 4978 1102 5038 de
1138 4982 1375 5055 protaxi
1412 4983 1474 5038 et
1509 4980 1798 5057 hypotaxi
1836 4975 2015 5063 (213,
2038 4972 2105 5063 6)
2146 4983 2205 5039 61
2251 4979 2322 5039 de
2359 4982 2442 5040 eis
2479 4978 2722 5040 vocibus
2761 4996 2913 5055 61166
2958 4979 3230 5039 essentne
