3738 5530
1307 349 1676 401 ADvssRmA
1712 349 1788 399 m
1823 334 1977 402 δὲῖτ
2012 332 2283 413 (ET-61).
2968 343 3081 407 191

492 561 610 623 τοῦ
655 557 727 621 δὲ
770 554 974 619 πόθεν
1019 553 1474 633 ςυνεχὲςτερον
1521 553 1622 617 καὶ
1666 551 1876 618 οὕτως
1929 550 2318 631 λεγομένου·
2378 548 2760 630 ἔγραψας;
2806 549 3086 626 πόθεν;

399 674 446 714 ¹⁵
495 660 656 738 ὅπερ
702 658 861 722 κατὰ
902 657 1018 735 τήν
1062 654 1365 733 τοιαύτην
1412 653 1715 733 ςημαςίαν
1759 653 1835 718 τὸ
1881 653 2158 731 πώμαλά
2212 652 2335 717 ἐςτι
2366 654 2557 731 παρὰ
2610 654 2747 718 τοῖς
2785 651 3087 718 Ἀττικοῖς

493 761 653 826 κατὰ
696 761 772 824 τὸ
816 762 1139 825 πλεῖςτον.

665 863 759 928 Τὰ
816 862 1143 945 ςυμφώνῳ
1199 857 1726 939 παρεδρευόμενα
1779 862 1912 922 τῶν
1958 855 2048 921 εἰς
2103 842 2217 921 θἐἶ
2258 856 2593 934 ληγόντων
2645 855 3091 937 ἐπιρρημάτων

496 965 671 1045 παρὰ
700 964 1018 1043 Δωριεῦςι
1063 961 1164 1026 καὶ
1192 960 1520 1026 Αἰολεῢςιν
1552 958 1790 1039 ἀμείβει
1833 959 1908 1024 τὸ
1952 963 1987 1023 ἒ
2032 958 2120 1024 εἰς
2164 959 2241 1023 τὸ
2286 962 2359 1040 ἃ,
2404 959 2505 1024 καὶ
2546 958 2688 1023 κατ’
2731 958 3089 1023 ἑπακολού-
3125 973 3158 1022 5

497 1071 674 1145 θηςιν
730 1067 807 1131 τὸ
864 1067 903 1131 ἦ
961 1063 1344 1143 ἀποβάλλει,
1415 1061 1700 1140 καθάπερ
1761 1061 1864 1125 καὶ
1925 1057 2037 1125 ἐπ’
2091 1059 2313 1125 ἄλλων
2369 1066 2598 1127 παθῶν
2656 1061 2731 1126 τὸ
2786 1065 3090 1127 τοιοῦτον

397 1178 448 1218 ²⁰
499 1167 787 1248 εύρέςθαι
861 1166 1009 1232 ἔςτι.
1112 1165 1188 1229 τὸ
1274 1164 1451 1248 ᾔδειν
1529 1162 1688 1242 παρ’
1763 1162 1931 1227 Ἴωςι
2014 1162 2369 1241 λεγόμενον
2440 1163 2623 1246 ᾔδεα,
2696 1163 3089 1241 ,πεποιήκειν

499 1270 919 1351 ἐπεποιήκεα,
974 1268 1077 1332 καὶ
1133 1266 1346 1331 πάντα
1399 1265 1482 1329 τὰ
1537 1267 1791 1330 τούτοις
1847 1264 2067 1342 ὅμοια·
2126 1264 2228 1328 καὶ
2281 1263 2392 1329 ἐπ’
2437 1263 2778 1343 αἰτιατικῆς
2822 1264 3094 1345 Ξέρξεα,

497 1370 942 1454 Πολυδέκτεα,
1004 1369 1233 1445 Γύγεα·
1290 1367 1391 1431 καὶ
1445 1367 1551 1431 ἐπὶ
1593 1366 1944 1446 ςυνδέςμου
1986 1369 2105 1430 τοῦ
2150 1365 2368 1431 ἕνεκεν
2425 1366 2612 1432 ἕνεκα
2621 1418 2640 1450 ,
2695 1368 2799 1432 καὶ
2840 1367 2932 1433 ἔτι
2974 1370 3093 1431 τοῦ

499 1473 610 1539 κέν
664 1473 768 1537 καὶ
827 1471 923 1536 κά.
1002 1469 1217 1550 ὥςπερ
1274 1469 1468 1533 πάλιν
1528 1467 1582 1532 εἰ
1635 1469 1710 1534 τὸ
1756 1473 1798 1532 ἃ
1842 1466 1929 1532 εἰς
1983 1468 2059 1533 τὸ
2111 1471 2145 1532 ἒ
2201 1467 2571 1551 μεταπέςοι,
2630 1468 2706 1533 τὸ
2753 1471 3095 1547 τηνικαῦτα
3134 1481 3197 1529 ιο

401 1585 450 1626 ²⁵
500 1574 780 1655 πρόςειςι
833 1574 910 1638 τὸ
967 1575 1005 1638 ν
1063 1571 1223 1651 παρ’
1280 1570 1595 1635 Αἰολεῦςι·
1658 1570 1733 1634 τὸ
1800 1570 2117 1650 λεγόμεθα
2152 1569 2527 1649 Λεγόμεθεν
2592 1571 2696 1635 καὶ
2749 1570 2961 1636 πάντα
3016 1570 3096 1634 τὰ

500 1680 766 1743 τοιαῦτα
807 1681 941 1740 τῶν
988 1673 1304 1754 ῥημάτων.
1379 1672 1635 1753 (Ταῦτα
1679 1669 1800 1739 οὖν
1843 1676 1976 1737 τῶν
2022 1671 2510 1756 ἐπιρρημάτων)
2566 1671 2694 1737 ἐςτὶ
2743 1673 2850 1737 διὰ
2891 1674 3009 1736 τοῦ
3054 1673 3098 1735 ἇ

502 1778 1031 1860 μεθιςτανόμενα,
1090 1775 1179 1839 ὡς
1225 1774 1511 1857 ἔφαμεν,
1564 1774 1724 1838 κατὰ
1765 1774 1842 1837 τὸ
1888 1775 2220 1853 πλεῖςτον,
2267 1774 2546 1854 πρόςθεν
2593 1773 2872 1856 πρόςθα,
2918 1773 3093 1853 ἔνερ-

502 1887 615 1945 θεν
663 1880 931 1960 ἔνερθα,
990 1875 1251 1940 ὄπιςθεν
1295 1874 1559 1958 ὄπιςθα,

759 1980 799 2044 ὁ
847 1980 915 2045 δ’
957 1978 1256 2044 ἐξύπιςθα
1299 1977 1622 2042 καςταθείς
1668 1974 1813 2062 (lyr.
1858 1996 1956 2061 gr.
2002 1974 2128 2039 111³
2171 1977 2249 2040 fr.
2296 1975 2511 2060 adesp.
2558 1975 2639 2042 67
2691 1974 2966 2061 Bergk),
3138 1989 3202 2038 15

406 2091 457 2131 ³⁰
505 2084 693 2150 ἔνθεν
748 2082 923 2146 ἔνθα.
1009 2082 1112 2145 καὶ
1167 2079 1238 2143 ἐν
1295 2076 1518 2143 ἄλλοις
1575 2080 1647 2145 δὲ
1702 2079 2145 2160 ἐπιρρήμαςιν,
2212 2077 2302 2142 ὡς
2367 2078 2438 2143 ἐν
2492 2081 2630 2145 τοῖς
2695 2079 2839 2157 ἑξῆς
2898 2079 3094 2144 δεδεί-

508 2194 710 2269 ξεται,
753 2185 828 2250 τὸ
882 2184 919 2247 ἒ
963 2180 1054 2246 εἰς
1095 2181 1173 2245 τὸ
1219 2184 1260 2245 <i
1304 2175 1677 2261 μεταπίπτει
1718 2181 1896 2260 παρὰ
1938 2183 2079 2247 ταῖς
2124 2180 2568 2260 προκειμέναις
2612 2182 2984 2246 διαλέκτοις.

375 2297 475 2346 605
676 2283 1044 2365 Παρείπετο
1101 2286 1239 2346 τοῖς
1296 2283 1740 2361 προκειμένοις
1796 2282 2239 2363 ἐπιρρήμαςιν,
2293 2282 2348 2347 εἰ
2406 2284 2521 2361 μὲν
2565 2281 2697 2347 ἀπὸ
2755 2281 3098 2362 ὀνομάτων

511 2388 644 2455 εἶεν
687 2388 791 2453 καὶ
832 2389 913 2466 μὴ
957 2389 1050 2467 τῷ
1097 2381 1135 2448 ὃ
1181 2384 1681 2466 παρεδρεύοιτο,
1739 2384 1911 2449 τάςις
1955 2383 1994 2462 ἡ
2040 2383 2232 2467 αὐτή,
2287 2385 2413 2467 (ἢ)
2467 2384 2547 2464 ἦν
2593 2385 2752 2449 κατὰ
2796 2385 2870 2449 τὸ
2913 2385 3102 2449 τέλος

509 2496 621 2570 τῆς
665 2490 933 2565 γενικῆς.
1013 2486 1089 2550 τὸ
1135 2486 1336 2565 ἀρχῆς
1381 2488 1784 2564 περιςπᾶται·
1841 2489 1994 2570 τῇδε
2051 2484 2183 2565 ἔχει
2225 2487 2331 2551 καὶ
2371 2485 2448 2550 τὸ
2494 2485 2787 2565 ἀρχῆθεν.
2862 2485 3102 2564 ὁμοίως
3137 2495 3204 2546 20

512 2595 612 2659 καὶ
657 2590 938 2656 Ἰωνικὸν
983 2587 1059 2651 τὸ
1104 2586 1375 2666 ἀγορῆς·
1420 2591 1572 2669 τῇδε
1618 2586 1749 2666 ἔχει
1792 2587 1897 2652 καὶ
1938 2588 2014 2652 τὸ
2060 2587 2403 2667 ἀγορῆθεν.
2479 2587 2817 2667 βαρύνεται
2858 2588 2934 2651 τὸ
2976 2587 3102 2666 Θή·

413 2711 439 2750 ει
516 2700 657 2777 βης·
721 2697 873 2776 τῇδε
942 2688 1074 2769 ἔχει
1140 2690 1243 2753 καὶ
1307 2688 1382 2752 τὸ
1449 2689 1759 2769 Θήβηθεν.
1857 2688 2027 2754 ἀλλὰ
2090 2690 2196 2754 καὶ
2260 2690 2338 2754 τὸ
2404 2687 2669 2769 Ἀθήνης
2735 2688 3102 2771 Ἀθήνηθεν,

515 2796 736 2874 ςιπύης
782 2792 1118 2873 ςιπύηθεν,

771 2895 840 2959 ἐκ
884 2893 958 2958 δ’·
997 2891 1235 2972 ἄρτους
1280 2891 1582 2971 ςιπύηθεν
1626 2889 1905 2972 (callim.
1950 2891 2029 2957 fr.
2074 2891 2205 2956 454
2247 2889 2642 2974 Schneider).

517 3000 711 3064 πάλιν
754 3000 873 3060 τοῦ
916 2997 1034 3071 γῆς
1078 2994 1567 3074 περιςπωμένου
1612 2995 1687 3060 τὸ
1732 2998 1929 3072 γῆθεν
1973 2997 2485 3077 ςυμπεριςπᾶται.
2561 2994 2678 3061 κᾶν
2735 2994 2839 3059 διὰ
2882 2998 3000 3058 τοῦ
3047 2994 3109 3077 ἇ,
3142 3005 3210 3053 25

417 3118 463 3159 ιο
517 3098 743 3168 Λυκίας
817 3094 1143 3162 Λυκίαθεν.
1214 3129 1301 3142 —-
1375 3095 1509 3160 Ἐπὶ
1582 3096 1800 3175 μέντοι
1877 3099 2010 3162 τῶν
2089 3102 2182 3181 τῷ
2259 3101 2298 3160 ὃ
2366 3095 2947 3177 παρεδρευομένων
3026 3094 3105 3161 ού

519 3202 756 3267 ταύτὸν
815 3197 1194 3277 παρέπεται·
1264 3197 1492 3277 ςχεδὸν
1555 3199 1680 3277 γὰρ
1745 3198 2001 3264 ἅπαντα
2065 3198 2314 3279 ὀφείλει
2373 3199 2859 3280 παροξύνεςθαι.
2934 3198 3110 3276 παρὰ

524 3302 966 3386 βαρυνομένην
983 3303 1000 3379 ,ζ’
1022 3299 1146 3378 γὰρ
1199 3302 1456 3379 γενικὴν
1504 3300 1618 3378 τὴν
1661 3299 1905 3380 Λέςβου
1949 3298 2026 3365 τὸ
2068 3300 2383 3379 Λεςβόθεν
2441 3301 2893 3380 παροξύνεται·
2955 3304 3109 3384 τῇδε

520 3407 652 3487 ἔχει
693 3405 796 3469 καὶ
835 3403 1012 3482 παρὰ
1054 3403 1172 3480 τὴν
1206 3400 1466 3480 Κύπρον
1509 3401 1585 3466 τό
1620 3401 1974 3486 Κυπρόθεν,
2014 3400 2378 3484 Ἀβυδόθεν,
2422 3402 2804 3482 οὐρανόθεν,
2847 3400 3108 3478 Διόθεν,

524 3547 558 3553 -,
843 3540 927 3547 ——-

657 3625 910 3677 Anem-
938 3625 972 3674 4
1005 3618 1089 3673 Ea
1130 3619 1191 3672 in
1227 3624 1325 3674 θέν
1362 3618 1659 3687 adverbia,
1705 3636 1943 3689 quorum
1980 3620 2332 3691 paenultima
2365 3620 2587 3690 syllaba
2620 3621 2676 3673 in
2713 3620 3112 3673 consonantem

521 3710 887 3772 terminatur,
925 3702 986 3757 in
1022 3702 1216 3758 dorios
1251 3706 1311 3758 et
1344 3704 1559 3760 aeolica
1593 3705 1837 3761 dialecto
1873 3711 1971 3762 95ae
2008 3708 2067 3760 in
2102 3711 2173 3762 θᾶ
2196 3707 2436 3763 mutant.
2474 3736 2541 3747 -
2583 3711 2641 3759 18
2665 3704 2879 3759 Horum
2905 3719 3052 3770 quae
3077 3720 3114 3758 a

523 3790 842 3848 nominibus
888 3788 1217 3844 derivantur
1259 3805 1444 3859 neque
1487 3797 1522 3844 ὃ
1563 3790 1623 3844 in
1666 3790 2023 3859 paenultima
2064 3792 2308 3861 habent,
2360 3793 2654 3846 accentum
2700 3789 3119 3860 genetivorum,·

525 3894 556 3934 o
600 3878 804 3947 quibus
847 3874 1003 3928 faeta
1045 3874 1201 3940 sunt,
1255 3880 1505 3938 servant3
1564 3904 1631 3915 —-
1683 3880 1750 3929 26
1802 3892 2040 3944 quorum
2085 3877 2276 3931 autem
2319 3876 2379 3930 in
2423 3876 2775 3947 paenultima
2809 3881 2843 3930 ὃ
2878 3877 2991 3941 est,
3044 3890 3115 3929 ea

523 3964 745 4017 tantum
779 3975 892 4014 non
929 3958 1118 4012 omnia
1149 3959 1504 4028 paroxytona
1536 3961 1689 4025 sunt;

660 4164 847 4218 stca.
892 4180 1092 4216 sempr.
1158 4168 1204 4222 1.
1240 4164 1515 4231 ἔγραψας;
1553 4164 1780 4235 πόθενς]
1832 4162 1923 4219 Sic
1961 4165 2219 4220 distinxit
2242 4164 2485 4232 FJBast,
2523 4165 2826 4221 assentitur
2849 4165 2885 4219 b
2910 4165 2969 4219 in
2996 4181 3111 4222 var.

528 4250 684 4317 lect.,
721 4248 820 4317 qui
855 4246 915 4299 in
951 4248 1114 4301 textu
1151 4246 1374 4316 scripsit
1406 4249 1656 4317 ἔγραψας
1692 4253 1873 4304 ποθεν
1924 4251 1935 4317 Ι
1986 4255 2033 4304 2.
2073 4252 2216 4319 ὅπερ
2251 4253 2445 4320 (ἐςτίν
2480 4251 2803 4320 οὐδαμῶς.)
2838 4252 2938 4304 aut
2971 4252 3115 4318 ὅπερ

461 4342 482 4365 ⁰
529 4335 718 4403 (ἐςτίν
753 4333 881 4387 ἀντὶ
915 4335 1020 4386 τοῦ
1057 4332 1186 4401 οὔ.)
1221 4330 1670 4387 GFSohoemann
1700 4335 1709 4401 Ι
1738 4335 2014 4404 τοιαύτην
2039 4334 2132 4391 ΑΙ)
2168 4335 2228 4389 in
2262 4336 2450 4404 textu,
2487 4335 2568 4390 ‘R
2604 4337 2809 4404 αὐτὴν
2846 4338 2883 4390 b
2915 4336 2974 4388 in
3002 4352 3116 4394 var.

527 4418 653 4476 leet.
686 4421 697 4486 Ι
727 4424 774 4478 5.
801 4418 957 4484 παρὰ
979 4417 1277 4485 Δωριεῠςι]
1315 4415 1408 4471 fol.
1438 4424 1534 4472 144
1558 4435 1610 4471 v.
1642 4426 1652 4479 Ι
1685 4424 1765 4476 12.
1791 4421 2082 4487 ῥημάτων.
2121 4422 2390 4489 (Ταῦταο
2414 4421 2484 4475 ὗν
2516 4426 2639 4476 τῶν
2673 4421 3116 4488 ἐπιρρημάτων)

529 4505 639 4558 ἑςτὶ
674 4504 761 4558 διὰ
796 4505 902 4556 τοο
941 4506 977 4555 ἃ
1014 4503 1455 4568 μεθιςτανόμενα
1492 4500 1790 4570 GDronke‚
1830 4506 2104 4574 ῥημάτων
2140 4506 2253 4561 ὲςτί
2290 4508 2379 4560 διὰ
2414 4506 2487 4560 τὰ
2523 4506 2964 4572 μεθιςτανόμενα
3001 4506 3114 4572 Ab,

531 4590 814 4655 ῥημάτων.
888 4586 1002 4639 ἐςτι
1045 4587 1108 4641 δὲ
1152 4588 1226 4642 τὰ
1271 4590 1708 4655 μεθιςτανόμενα
1745 4587 1972 4659 GUhlig
2033 4594 2043 4657 Ι
2113 4597 2190 4644 14.
2226 4591 2429 4645 ὔπιςθα
2463 4607 2566 4659 pro
2603 4592 2806 4646 ὄπιςθα
2841 4588 3067 4660 GUhlig
3103 4592 3111 4660 Ι

539 4679 615 4725 15.
653 4669 947 4726 καςταθείς
984 4668 1022 4723 b
1058 4669 1362 4741 ThBergk‚
1402 4673 1689 4727 καςτάθεις
1715 4671 2063 4741 HLAhrens3
2101 4674 2213 4730 vid.
2249 4693 2306 4745 p.
2349 4680 2470 4742 153,
2511 4680 2572 4729 19
2602 4677 2612 4743 Ι
2645 4680 2727 4730 19.
2765 4679 2853 4744 τῷ
2888 4680 2924 4729 δ
2943 4674 3010 4743 b,
3047 4692 3117 4730 το

533 4758 568 4808 ’ὁ
602 4760 685 4824 ΑΙ
724 4758 759 4825 ἢ
797 4758 861 4822 b,
904 4768 1012 4811 om.
1051 4756 1095 4810 Α
1136 4759 1148 4823 Ι
1192 4762 1272 4814 20.
1308 4772 1379 4810 το
1414 4757 1544 4810 ante
1581 4773 1754 4825 αρχης
1790 4759 1860 4813 Αι
1894 4759 1952 4811 in
1990 4775 2187 4829 marg„
2224 4775 2332 4818 om.
2369 4762 2436 4815 Α1
2486 4762 2497 4828 Ι
2542 4766 2625 4817 26.
2663 4761 2769 4814 κᾶν
2805 4760 2873 4828 b,
2912 4777 3016 4815 καν
3054 4764 3117 4829 Α,

536 4844 624 4895 καὶ
657 4839 1026 4897 BSkrzeczka
1053 4845 1062 4907 Ι
1092 4846 1174 4896 26.
1213 4841 1332 4896 Ἐπὶ
1366 4839 1431 4907 b,
1470 4841 1596 4896 ἐπει
1633 4842 1677 4896 Α
1708 4846 1718 4910 Ι
1747 4848 1833 4911 τῷ
1869 4851 1905 4899 ὃ
1941 4845 1996 4913 b,
2034 4862 2103 4901 το
2139 4851 2171 4900 ὃ
2210 4845 2254 4899 Α
