3738 5530
656 382 778 451 174
1558 380 1734 437 ΠΕΡΙ
1772 380 2325 436 ΕΠῙΡΡΗΜΑΤῼΝ.

1668 507 1711 543 p.
1737 495 1828 542 585.
1857 496 1909 534 14
1936 516 1982 524 —
2008 494 2099 544 587,
2124 494 2170 532 ει
2203 494 2232 533 b

821 592 1167 670 Ἠπόρηται
1211 593 1283 655 δὲ
1328 593 1428 655 καὶ
1472 591 1549 655 τὸ
1594 589 1846 653 αὔτως
1891 593 2029 652 πῶς
2060 587 2339 662 ἐγένετο.
2403 586 2481 650 οὐ
2511 588 2636 665 γὰρ
2668 585 2797 665 ἔχει
2827 590 2941 669 τὴν
2974 587 3235 656 ἔννοιαν

646 698 757 771 τῆς
801 692 995 759 αὐτός
1039 691 1473 770 ἀντωνυμίας,
1530 692 1747 756 καθότι
1790 692 1866 755 τὸ
1925 692 2171 754 ἐκεῖνος
2218 689 2308 753 ῶς
2353 690 2516 766 πρὸς
2571 691 2646 754 τὸ
2691 689 2952 756 ἐκείνως
3006 693 3108 755 καὶ
3160 694 3236 756 τὸ

646 794 838 860 οὗτος
872 796 963 859 ὡς
992 796 1156 872 πρὸς
1184 795 1261 858 τὸ
1293 794 1520 858 οὕτως.
1594 795 1758 871 πρὸς
1791 791 1889 857 οἷς
1921 793 2024 856 καὶ
2052 793 2132 855 τὰ
2160 794 2278 854 τοῦ
2320 791 2521 854 τόνου
2561 791 2887 870 διελέγχει.
2954 793 3235 872 Τρύφων

646 897 732 981 (ρ.
764 897 849 959 52
875 893 1137 976 Velsen)
1168 896 1311 973 περὶ
1342 899 1458 958 τοῦ
1489 895 1904 972 ςημαίνοντος
1932 895 2008 958 τὸ
2041 892 2247 956 οὕτως
2273 891 2592 971 ἐκδέχεται
2624 893 3019 970 μετάπτωςιν
3049 899 3165 959 τοῦ
3197 899 3234 958 ὃ

576 1014 608 1060 5
646 998 733 1061 εἰς
763 998 838 1061 τὸ
888 1001 929 1061 ἇ
979 1000 1364 1073 γεγενῆςθαι.
1419 996 1583 1060 ἀλλὰ
1628 996 1916 1060 ἐλείπετο
1962 996 2060 1057 καὶ
2105 995 2251 1072 περὶ
2293 998 2409 1058 τοῦ
2454 995 2874 1085 ςημαίνοντος
2917 997 2992 1059 τὸ
3035 995 3236 1074 μάτην

650 1102 992 1179 διαλαβεῖν.
1067 1098 1218 1161 ὅθεν
1261 1098 1300 1175 ἢ
1348 1099 1450 1161 καὶ
1493 1097 1652 1160 αὐτὸ
1700 1098 1961 1161 δεκτέον
2007 1091 2372 1175 θεματικὸν,
2419 1096 2458 1173 ἢ
2506 1096 3006 1171 ςυγκαταθετέον
3051 1096 3237 1174 Ἡρα-

649 1201 895 1281 κλείδῃ,
959 1200 1229 1281 φαμένῳ
1278 1200 1368 1263 ὡς
1413 1201 1571 1263 κατὰ
1616 1197 1899 1275 ςτέρηςίν
1945 1198 2070 1262 ἐςτι
2114 1199 2272 1275 (τὴν
2317 1197 2462 1278 διὰ)
2505 1201 2623 1262 τοῦ
2667 1202 2709 1261 ἇ
2752 1197 2995 1278 αὔτως,
3051 1219 3237 1262 ςυνα-

643 1303 877 1379 λοιφῆς
943 1301 1295 1378 γενομένης
1359 1305 1477 1364 τοῦ
1536 1305 1576 1364 ἆ
1642 1301 1741 1364 καὶ
1797 1304 1834 1362 ὃ
1892 1298 1980 1363 εἰς
2036 1302 2077 1362 ἇ
2142 1298 2414 1378 μακρόν,
2485 1298 2575 1361 ὡς
2638 1299 2715 1363 τὸ
2773 1299 3110 1363 Μενέλαος
3156 1335 3238 1346 —-

643 1402 965 1483 Μενέλαε,
1036 1400 1387 1479 Δορύλαος
1444 1401 1783 1482 Δορύλας,
1839 1400 2207 1478 Πτερέλαος
2261 1399 2607 1476 Πτερέλας.
2701 1401 2782 1464 τὰ
2836 1401 2960 1477 γὰρ
3016 1399 3088 1465 ἐν
3143 1405 3236 1482 τῷ

544 1518 607 1565 10
641 1505 855 1567 δέοντι
921 1504 1001 1581 μὴ
1072 1503 1389 1581 γενόμενα
1446 1502 1721 1581 ματαίως
1777 1502 2045 1576 γίνεται·
2116 1501 2326 1579 φαμὲν
2391 1499 2515 1577 γὰρ
2568 1501 2649 1564 τὰ
2718 1500 2789 1565 ἐν
2854 1508 2928 1583 τῇ
3004 1502 3235 1585 δεούςῃ

643 1605 933 1682 ποιότητι
979 1604 1314 1681 ποίηςον
1362 1602 1628 1668 οὕτως.

809 1705 976 1768 ’Έςτι
1021 1705 1120 1768 καὶ
1164 1705 1290 1769 ἰδία
1334 1707 1689 1783 παραγωγὴ
1735 1703 1935 1787 [περὶ]
1979 1708 2110 1769 τῶν
2158 1703 2244 1768 εἰς
2289 1706 2423 1782 {affe
2468 1703 2829 1780 ληγόντων,
2888 1703 2929 1766 ἃ
2974 1703 3238 1783 μάλιςτα

642 1806 816 1885 παρὰ
873 1806 989 1883 τὴν
1044 1810 1176 1870 τῶν
1233 1805 1501 1884 ἀριθμὸν
1562 1807 1941 1884 δηλούντων
1995 1805 2188 1870 πάλιν
2246 1804 2694 1883 ἐπιρρημάτων
2746 1804 3234 1888 ἀντιπαράθεςιν

643 1908 1074 1989 ἀποτελεῖται,
1120 1910 1237 1971 τοῦ
1281 1909 1508 1972 τέλους
1552 1907 1642 1972 εἰς
1686 1908 1760 1972 τὸ
1805 1911 1940 1987 χ’ὧξ
1984 1906 2407 1984 τρεπομένου.
2467 1904 2630 1984 ἅπερ
2678 1904 2889 1970 οὐκέτι
2934 1906 3236 1985 ἀναμένει

542 2022 606 2070 15
640 2009 838 2073 τόνον
912 2006 1257 2086 ἀλλότριον
1283 2058 1296 2084 ,
1368 2008 1492 2091 ἰδίᾳ
1556 2011 1628 2073 δὲ
1698 2011 2073 2087 περιςπᾶται
2157 2007 2408 2071 ἅπαντα
2433 2055 2448 2083 ,
2528 2007 2812 2084 τετράκις
2883 2012 3231 2089 τετραχῶς,

641 2109 937 2175 πεντάκις
992 2113 1359 2192 πενταχῶς,
1437 2109 1742 2174 πολλάκις
1798 2112 2165 2189 πολλαχῶς.
2270 2109 2342 2175 ἐν
2409 2108 2814 2191 ἰςοςυλλαβίᾳ
2881 2107 3000 2174 οὖν
3064 2108 3233 2173 ἀντι-

641 2212 1009 2291 παράκειται
1052 2214 1189 2275 τοῖς
1232 2211 1675 2291 προκειμένοις
1720 2211 2108 2289 ἐπιρρήμαςι.

815 2313 927 2377 Καὶ
969 2315 1128 2376 κατὰ
1170 2316 1366 2377 τοῦτο
1412 2312 1532 2377 οὖν
1585 2332 1680 2378 τις
1725 2314 2133 2390 ςημειώςαιτο
2179 2313 2255 2376 τὸ
2313 2315 2552 2390 διχῶς
2602 2312 2703 2375 καὶ
2741 2317 3075 2394 «τριχῶς,
3133 2310 3231 2376 ὅτι

641 2416 1189 2494 πλεονοςυλλαβεῑ
1229 2417 1347 2479 τοῦ
1393 2415 1489 2479 δίς
1533 2414 1634 2479 καὶ
1676 2414 1825 2492 τρίς.
1900 2414 2078 2479 Ἀλλ’
2120 2412 2269 2478 ἰ’ςως
2323 2413 2462 2477 ἐπεὶ
2505 2412 2660 2476 οὐδὲ
2703 2412 3026 2491 ὁλόκληρα
3070 2413 3235 2477 αὐτὰ

539 2529 606 2578 20
639 2519 718 2581 τά
779 2516 1196 2594 ἐπιρρήματα,
1263 2516 1336 2581 ἐν
1392 2517 1463 2580 δὲ
1523 2521 1838 2598 ςυγκοπῇ,
1902 2515 2003 2579 καὶ
2058 2515 2138 2578 τά
2192 2515 2622 2593 παρακείμενα
2679 2514 2758 2578 οὐ
2816 2519 2892 2607 τῇ
2950 2520 3233 2596 ςυγκοπῇ

639 2618 1016 2698 ἠκολούθει,
1074 2623 1151 2700 τῇ
1196 2619 1268 2681 δὲ
1313 2618 1650 2700 ὁλοκλήρῳ
1696 2622 2027 2698 προφορᾷ.
2071 2653 2151 2662 -
2211 2616 2389 2680 Ἀλλ’
2448 2616 2583 2681 ἐπεὶ
2642 2615 2963 2695 ἐμποδίζει
3019 2616 3095 2679 τὸ
3152 2618 3232 2694 μή

645 2723 1036 2785 ςυνιςοῦςθαι
1104 2720 1269 2785 αὐτὰ
1321 2725 1414 2804 τῶ
1485 2719 1698 2784 δυάκις
1754 2721 1856 2783 καὶ
1910 2719 2179 2799 τριάκις,
2248 2716 2513 2796 ἄμεινον
2567 2717 2775 2782 ἐκεῖνο
2846 2716 3078 2798 φάναι,
3145 2717 3235 2782 ὡς

644 2821 953 2885 πολλάκις
999 2822 1079 2885 τά
1123 2820 1255 2885 ἀπὸ
1300 2821 1799 2901 μονοςυλλάβων
1859 2821 2096 2887 λέξεων
2141 2820 2558 2898 παραγόμενα
2600 2820 2638 2897 ἢ
2686 2820 2785 2883 καὶ
2828 2820 3235 2897 ςυντιθέμενα

640 2921 993 3002 φυλακτικά
1037 2923 1162 2986 ἐςτι
1206 2928 1341 2987 τῶν
1387 2922 1563 2987 ἰδίων
1610 2923 2012 3003 φωνηέντων
2058 2909 2219 2999 ὑπὲρ
2262 2924 2381 2985 τοῦ
2426 2921 2508 2999 μὴ
2553 2921 3115 2999 παραναλίςκεςθαι
3145 2920 3234 2985 εἰς

538 3035 604 3084 25
640 3024 753 3087 τὰς
808 3025 1201 3101 παραγωγὰς
1255 3022 1454 3089 αύτάς
1510 3025 1623 3089 τὰς
1678 3023 2146 3102 πρωτοτύπους
2205 3023 2433 3096 λέξεις,
2460 3020 2619 3098 εἴγε
2664 3023 2765 3085 καὶ
2819 3022 2857 3099 ἡ
2902 3021 3031 3101 πρό
3076 3024 3230 3101 πρό-

641 3129 803 3190 θεςις
862 3125 1267 3204 ςυντιθεμένη
1313 3125 1431 3189 οὐκ
1477 3126 1831 3205 ἀποβάλλει
1874 3126 1951 3189 τό
1998 3128 2066 3202 ὃ,
2114 3124 2493 3204 φωνήεντος
2539 3123 3039 3205 ἐπιφερομένου,
3081 3124 3121 3202 ἡ
3160 3127 3232 3189 δὲ

640 3225 771 3291 ἀπό
816 3227 919 3290 καὶ
963 3224 1118 3290 ὑπό·
1178 3227 1276 3290 καὶ
1318 3227 1394 3290 τὸ
1449 3229 1739 3306 γήδιον
1784 3226 2331 3304 ὑποκοριζόμενον
2388 3224 2668 3303 ἐφύλαξε
2717 3226 2792 3289 τὸ
2839 3227 2876 3302 ἦ
2933 3230 3051 3289 τοῦ
3105 3229 3230 3307 γῆ,

639 3331 755 3392 τοῦ
822 3329 1046 3391 τέλους
1112 3333 1242 3392 τῶν
1306 3329 1621 3394 τοιούτων
1684 3332 1959 3404 γενικῶν
2020 3326 2109 3392 εἰς
2174 3327 2251 3390 τὸ
2318 3313 2484 3391 siff&
2558 3328 3230 3406 μεταλαμβανομένου,

642 3428 835 3493 κυνός
891 3428 1206 3506 κυνίδιον,
1278 3429 1479 3508 ἄρτου
1534 3428 1849 3508 ἀρτίδιον,
1900 3429 2087 3504 ,λέγω
2143 3436 2274 3493 τῶν
2330 3429 2488 3507 μετὰ
2545 3430 2894 3507 ςυμφώνου
2952 3428 3225 3506 ἐκφερο-
3308 3451 3334 3489 5

538 3540 606 3588 30
640 3530 883 3609 μένων·
938 3531 1035 3593 καὶ
1078 3530 1154 3595 τὸ
1200 3533 1468 3608 μνααῑος
1513 3531 1793 3611 ἐφύλαξε
1837 3533 1913 3596 τὸ
1959 3534 2019 3594 ᾱ.
2066 3566 2144 3576 —
2201 3529 2330 3594 ἔςτι
2373 3531 2475 3592 καὶ
2529 3527 2694 3592 ἄλλα
2739 3529 3087 3605 πάμπολλα
3142 3528 3229 3593 εἰς

638 3633 714 3696 τὸ
758 3636 1059 3696 τοιοῦτον
1105 3632 1507 3711 παραθέςθαι.
1581 3631 1897 3708 ἀναγκαία
1941 3632 2065 3711 ἄρα
2108 3633 2211 3696 καὶ
2252 3631 2290 3707 ἡ
2337 3632 2502 3711 μονὴ
2546 3635 2663 3696 τοῦ
2707 3633 2729 3696 ἰ
2785 3630 2855 3696 ἐν
2897 3636 2990 3715 τῷ
3035 3634 3229 3709 διχῶς

649 3734 751 3797 καὶ
793 3738 1041 3812 τριχῶς.
3083 3737 3090 3744 “

644 3888 733 3895 ——0
768 3889 781 3892 -
804 3887 947 3893 ›mh-—

775 3971 988 4022 Anava.
1082 3975 1100 4020 1
1155 3970 1355 4024 Αὕτως
1403 3986 1471 4022 ex
1516 3971 1703 4025 οὕτως
1750 3971 1935 4024 ortum
1982 3985 2100 4024 esse
2146 3970 2339 4022 censet
2383 3966 2638 4037 Tryph03
2694 3986 2762 4022 ex
2809 3969 3056 4023 ἀ-ούτως
3101 3984 3229 4022 con·

641 4053 886 4106 tractum
922 4054 1091 4122 putat
1123 4052 1468 4107 Heraclides,
1507 4084 1570 4093 —
1625 4060 1686 4107 12
1723 4053 2009 4108 Adverbia
2040 4054 2100 4106 in
2133 4059 2252 4118 ’χῶς
2289 4069 2325 4106 a
2355 4052 2740 4106 numeralibus
2775 4052 2831 4106 in
2868 4059 2952 4108 itt-c
2987 4055 3229 4122 aequato

639 4137 981 4206 syllabarum
1018 4153 1250 4191 numero
1296 4137 1535 4191 derivari
1575 4137 1775 4191 solent.
1813 4169 1875 4179 —
1929 4145 1989 4192 18
2026 4137 2275 4202 Quacum
2319 4136 2446 4206 lege
2493 4139 2751 4206 pugnant
2793 4140 2959 4204 διχῶς
2994 4143 3225 4206 τριχῶς,

639 4237 821 4290 neque
878 4223 1116 4291 possunt
1158 4237 1229 4275 ex
1282 4223 1471 4277 δυάκις
1522 4225 1736 4289 τριάκις
1787 4223 1941 4277 faeta
1984 4239 2118 4280 esse.
2198 4221 2481 4276 Videntur
2537 4221 2713 4291 igitur
2752 4224 2775 4276 ῑ
2827 4238 3104 4286 servasse,
3156 4237 3226 4274 ne

638 4321 864 4374 prorsus
900 4305 1300 4364 oblitterentur
1338 4306 1569 4361 voculae
1606 4306 1949 4375 primitivae.

770 4525 956 4583 Discit.
997 4546 1198 4582 sempr.
1268 4533 1317 4579 4.
1352 4530 1456 4581 τοῦ
1495 4531 1528 4580 ὃ
1565 4527 1630 4593 b,
1674 4543 1744 4580 το
1780 4532 1814 4580 ὃ
1852 4529 1895 4582 Α
1961 4526 1972 4594 Ι
2037 4533 2085 4580 7.
2127 4529 2238 4592 τὴν
2281 4528 2369 4581 διὰ
2415 4532 2518 4581 τοῦ
2556 4532 2592 4580 ἃ
2629 4529 2818 4582 αὔτως
2854 4526 3225 4588 RSehneider,

635 4617 741 4666 τοο
776 4619 812 4667 ἃ
846 4616 1031 4669 οὕτως
1071 4610 1192 4676 Ab,
1230 4613 1294 4664 ἐκ
1329 4615 1433 4664 τοῦ
1470 4611 1697 4665 ἀούτως
1735 4609 2182 4665 GFSohoemann
2222 4615 2231 4678 Ι
2272 4617 2421 4665 7-8,
2460 4615 2802 4680 ςυναλειφης
2840 4616 2881 4667 Α
2924 4621 2932 4678 Ι
2982 4620 3059 4665 12².
3098 4613 3226 4677 περὶ

639 4696 849 4751 delevit
870 4695 1251 4761 RSkrzeczka,
1275 4695 1333 4747 in
1359 4696 1762 4761 ἐπιρρημάτων
1786 4696 2032 4748 mutavit
2055 4694 2331 4749 GDronke
2362 4698 2372 4761 Ι
2409 4703 2486 4754 13.
2513 4699 2666 4764 παρὰ
2691 4698 2744 4764 b,
2774 4713 2900 4763 περι
2926 4701 2966 4750 Α
3000 4702 3008 4759 Ι
3048 4704 3120 4750 ικ.
3147 4694 3225 4750 ‘R

636 4781 743 4832 οὐκ
781 4781 852 4833 ἄν
885 4788 991 4836 τις’
1030 4781 1067 4833 b
1101 4780 1160 4833 in
1198 4796 1313 4833 var.
1349 4778 1474 4832 lect.
1506 4782 1515 4846 Ι
1547 4785 1629 4832 21.
1665 4781 1924 4849 (τοῦτο)
1959 4783 2028 4833 τὸ
2064 4779 2344 4834 GDronke
2375 4784 2384 4847 Ι
2415 4787 2497 4838 22.
2534 4784 2742 4836 δυιακις
2783 4783 2824 4834 Α
2857 4785 2865 4845 Ι
2906 4786 3122 4833 24-25.
3148 4779 3225 4834 είς

637 4863 768 4933 τὰς]
807 4863 901 4921 sol.
942 4870 1034 4917 137
1060 4882 1102 4916 r.
1136 4870 1145 4931 1
1175 4869 1261 4918 30.
1302 4865 1589 4929 μνααιδιος
1626 4866 1668 4918 Α

3293 602 3340 643 15

3288 1010 3341 1049 20

3288 1517 3341 1555 25

3272 2326 3374 2374 586

3286 3047 3336 3083 10
