3738 5530
801 264 879 327 lO
1167 330 1173 335 ,
1735 271 1914 321 ΠΕΡι
1951 269 2447 321 ΑΝἸῺΝΤΜιΑΣ.

1658 390 1702 427 p.
1734 379 1782 422 ιο
1809 378 1920 427 (270)
1947 380 1985 418 B
2010 381 2035 420 8
2062 400 2111 409 -
2139 380 2187 417 13
2215 378 2322 428 (2⁵18)
2351 379 2394 419 A
2421 381 2470 420 ιο
2497 380 2527 418 b

795 475 898 538 καὶ
942 474 1246 555 δεύτερον
1292 471 1505 551 μόνως
1554 473 1880 555 δεικτικαί,
1926 474 1989 536 αἱ
2034 475 2193 538 κατὰ
2236 475 2312 538 τὸ
2357 474 2573 551 τρίτον
2617 476 2719 539 καὶ
2763 446 3057 539 δεικτικαὶ
3103 476 3203 539 καὶ
3233 477 3385 542 ἀνα-

797 575 1088 656 φορικαί,
1122 574 1304 654 <ὅςαι
1333 575 1565 649 γένους
1596 575 1709 640 εἰςὶ
1739 574 2265 657 παραςτατικαί,>
2298 575 2571 651 ἐκεῖνος,
2619 575 2762 654 ὅδε,
2812 575 3035 657 οὗτος,
3082 577 3387 642 ὑπεςταλ-

798 678 988 755 μένης
1017 680 1130 755 τῆς
1161 677 1374 759 αὐτός,
1414 677 1548 754 ἥτις
1580 677 1773 742 πάλιν
1807 679 2073 755 δεικτικὴ
2106 678 2344 753 γίνεται
2375 678 2836 756 ςυνταςςομένη
2868 682 3008 743 ταῖς
3053 684 3388 744 δεικτικαῑς

797 778 1237 858 ἀντωνυμίαις.
1310 779 1373 842 αἱ
1418 780 1920 858 ὑπολειπόμεναι
1967 780 2383 863 ἀναφορικαί,
2430 780 2467 859 ἥ
2514 801 2581 844 τε
2624 780 2676 857 ἵ,
2724 779 2831 856 οὗ,
2881 779 2976 857 οἵ,
3025 781 3075 844 ἕ.
3169 782 3222 846 εἰ
3268 781 3386 846 οὖν

731 897 761 943 5
798 880 878 942 τὰ
920 881 1292 957 δεικνύμενα
1323 880 1627 962 ὁρίζεται,
1670 881 1880 945 καὶτὰ
1915 881 2371 962 ἀναφερόμενα
2405 889 2641 959 γνῶςιν
2686 882 3145 958 ἐπαγγέλλεται
3188 894 3387 962 προϋ-

799 985 1155 1064 φεςτῶςαν,
1190 980 1227 1044 ὅ
1259 983 1382 1046 ἑςτι
1414 983 1606 1047 πάλιν
1637 983 1992 1062 πρόςωπον
2026 983 2405 1062 ὡριςμένον,
2439 983 2649 1062 ὀρθῶς
2681 982 2806 1062 ἄρα
2839 985 3211 1064 ὡριςμένων
3231 1007 3388 1064 προ·
3427 998 3468 1051 C

800 1084 1035 1146 ςώπων
1082 1086 1505 1162 παραςτατικὴ
1552 1084 1591 1161 ἡ
1637 1085 2020 1163 ἀντωνυμία.

970 1183 1163 1262 Φήςει
1207 1204 1327 1249 τις·
1388 1187 1473 1249 «τί
1530 1185 1682 1257 οὖν;
1743 1187 1887 1265 οὐχὶ
1941 1188 2045 1251 καὶ
2089 1188 2167 1251 τὰ
2214 1188 2458 1266 ῥήματα
2504 1186 2757 1265 ὁρίζει»;
2817 1187 2985 1252 Ἀλλ’
3030 1190 3109 1253 οὐ
3162 1192 3389 1255 πάντα.

798 1286 877 1348 τὰ
919 1287 1044 1361 γὰρ
1088 1285 1262 1364 τρίτα
1293 1287 1544 1353 τούτων
1577 1288 1853 1366 ἀόριςτα.
1925 1289 2209 1369 γράφει
2253 1288 2411 1371 γάρ,
2457 1289 2580 1364 τίς;
2627 1289 2727 1352 καὶ
2772 1295 3223 1373 περιπατεῖ,
3267 1293 3389 1367 τίς;

704 1402 762 1450 10
798 1387 898 1450 καὶ
961 1384 1079 1449 οὐκ
1145 1385 1359 1451 ἄλλως
1424 1388 1812 1467 ὁριςθήςεται
1878 1390 1917 1467 ἢ
1982 1393 2118 1453 ταῖς
2186 1389 2637 1470 ἀντωνυμίαις,
2706 1391 2994 1470 γράφει
3051 1390 3388 1471 ἐκεῖνος,

796 1489 1087 1568 γράφει
1135 1488 1292 1552 ὅδε.
1337 1526 1416 1533 -
1463 1490 1659 1553 «Ἀλλ’
1691 1490 1839 1555 ἴςως
1873 1493 2076 1556 καὶτὰ
2108 1492 2291 1571 κύρια
2321 1490 2532 1570 ὁρίζει,
2576 1494 2904 1571 μάχεται
2933 1490 3146 1575 Αἴας,
3189 1516 3382 1574 περι·

798 1594 1030 1654 πατεῖ
1076 1592 1355 1655 Δίων».
1445 1592 1636 1657 Ἀλλὰ
1681 1593 1780 1656 καὶ
1835 1597 2035 1658 ταῦτα
2092 1593 2219 1658 ὑπὸ
2265 1596 2374 1671 τῆς
2432 1592 2798 1671 ὁμωνυμίας
2845 1595 3152 1659 πολλάκις
3197 1596 3386 1674 ἀμφι·
3421 1610 3543 1662 ιιΑ

801 1691 1096 1771 βάλλεται
1145 1740 1159 1755 .
1207 1693 1477 1771 ὁρίζεται
1524 1698 1689 1769 γοῦν
1734 1694 1804 1758 ἐν
1850 1702 1942 1777 τῷ

1012 1793 1177 1858 ἀλλά
1222 1815 1342 1872 περ
1390 1794 1532 1860 οἶος
1574 1795 1689 1859 ἴτω
1734 1796 2144 1874 Τελαμώνιος
2188 1795 2453 1876 ἄλκιμος
2499 1795 2649 1860 Αἴας
2696 1798 2790 1878 (Μ
2836 1795 2977 1860 349.
3024 1797 3178 1879 362)

701 1910 762 1957 15
799 1894 903 1958 διὰ
946 1897 1058 1971 τῆς
1105 1896 1423 1976 ἐπιφορᾶς
1468 1901 1584 1961 τοῦ
1615 1897 2039 1976 Τελαμώνιος.
2113 1905 2252 1963 πῶς
2297 1897 2420 1962 οὖν
2464 1898 2538 1961 τὸ
2571 1897 2951 1976 ὁριζόμενον
3000 1899 3126 1963 ὑπὸ
3169 1900 3390 1977 ἑτέρου

799 1995 1114 2073 ὁριςτικὸν
1161 1996 1252 2060 ἔτι
1295 1999 1679 2076 κεκλήςεται;
1725 2000 1763 2078 ἡ
1795 2001 2011 2077 μέντοι
2045 1999 2409 2077 ἀντωνυμία
2440 1999 2592 2063 οὔτε
2623 1999 3039 2079 ἀναφορικῶς
3071 2003 3390 2080 νοουμένη

802 2096 950 2161 οὔτε
996 2102 1318 2163 δεικτικῶς
1363 2101 1987 2181 παραλαμβανομὲνη
2034 2101 2509 2181 ἀμφιβάλλεται.

970 2200 1146 2264 ’Ίςως
1190 2203 1306 2265 τιςὶ
1350 2202 1519 2268 δόξει
1562 2203 1638 2266 τὸ

962 2404 967 2409 ·
1336 2325 1546 2386 κεῖνος
1592 2320 1731 2385 δἀὖ
1777 2322 1921 2400 περὶ
1965 2325 2106 2400 κῆρι
2151 2323 2547 2401 μακάρτατος
2596 2320 2655 2404 (ζ
2709 2320 2852 2407 158)

699 2451 764 2498 ‘20
801 2437 1199 2502 ἀντικεῖςθαι.
1278 2438 1459 2502 «οὔτε
1504 2442 1629 2518 γὰρ
1674 2440 2019 2520 δεικτικόν,
2068 2440 2216 2504 οὔτε
2274 2440 2377 2503 ἐπί
2421 2461 2477 2503 τι
2522 2439 2900 2519 ὁριζόμενον
2947 2442 3391 2521 ἀναφέρεται.»

801 2538 969 2601 Ἀλλ’
998 2538 1036 2616 ἡ
1068 2539 1375 2619 ἀναφορὰ
1408 2540 1496 2604 ώς
1529 2542 1630 2605 ἐπί
1659 2564 1716 2606 τι
1747 2543 2098 2620 πρόςωπον
2132 2542 2393 2606 πάντως
2430 2543 2739 2621 ἐςόμενον
2775 2545 3178 2624 λαμβάνεται,
3228 2543 3391 2624 ὅπερ
3431 2556 3475 2609 Β

806 2639 1314 2719 εὐφημιζόμενος
1358 2647 1809 2721 προληπτικῶς
1854 2644 2295 2724 ἀνεφώνηςεν.
2389 2644 2610 2707 «Ἀλλὰ
2654 2646 2776 2723 μὴν
2821 2646 2920 2708 καὶ
2965 2645 3041 2709 τὸ

1334 2759 1527 2826 οὗτος
1575 2762 1738 2842 ἀνὴρ
1784 2768 1902 2828 νῦν
1948 2763 2024 2840 δὴ
2072 2763 2503 2843 ξυμβλήμενος
2550 2764 2635 2846 (ψ
2681 2762 2832 2842 260)

802 2880 939 2941 τοῖς
985 2876 1204 2942 αὐτοῖς
1250 2878 1626 2959 ἐγκλήμαςιν
1672 2881 2071 2946 ὑποπίπτει.»
2162 2881 2329 2944 Ἀλλ’
2385 2880 2423 2957 ἡ
2473 2879 2796 2961 ὑπερβολὴ
2841 2888 2951 2960 τῆς
2996 2885 3125 2964 πρὸ
3169 2883 3396 2960 ὀλίγου

701 3000 766 3047 25
804 2977 1210 3043 ἀποςτάςεως
1256 2982 1361 3045 διὰ
1404 2985 1514 3059 τῆς
1560 2983 1963 3062 ἀντωνυμίας
2010 2980 2442 3068 ἐπεδείκνυτο,
2497 2982 2585 3047 ὡς
2645 2982 2700 3048 εἰ
2746 2986 2967 3060 ἔλεγεν
3015 2986 3083 3049 «ὁ
3130 2986 3221 3050 ἔτι
3265 2984 3395 3049 ὑπὸ

803 3081 917 3158 τὴν
964 3078 1121 3159 ὄψιν
1166 3101 1289 3158 μου
1335 3083 1479 3149 ὥν».

971 3199 1113 3263 Ὅτι
1170 3203 1241 3266 δὲ
1298 3204 1457 3267 κατὰ
1509 3210 1746 3269 πτῶςιν
1804 3205 1903 3268 καὶ
1960 3204 2229 3283 ἀριθμὸν
2278 3206 2595 3285 διάφορος
2652 3205 2690 3283 ἡ
2737 3159 3131 3288 ἀντωνυμία,
3190 3208 3392 3284 δῆλον

803 3299 1118 3366 ἐντεῦθεν.
1226 3303 1398 3367 Ποία
1449 3306 1573 3383 γὰρ
1627 3305 1977 3370 ἀκολουθία
2031 3307 2326 3384 τῆς-ἐγώ
2385 3308 2550 3385 πρὸς
2608 3306 2830 3370 δυϊκὸν
2873 3307 2948 3371 τὸ
2995 3312 3142 3385 νῶι,
3198 3309 3235 3385 ἢ
3279 3311 3393 3385 τῆς
3431 3317 3471 3372 0

939 3524 1156 3580 Anovu.
1230 3529 1258 3578 7
1307 3523 1408 3578 Cui
1450 3541 1634 3592 neque
1678 3524 1785 3579 hoc
1829 3524 2037 3593 opponi
2084 3526 2297 3594 potest,
2345 3524 2520 3578 verba
2555 3540 2778 3592 quoque
2824 3540 3092 3593 personas
3137 3524 3396 3578 definire:

805 3625 998 3662 eorum
1037 3609 1186 3662 enim
1222 3609 1424 3662 tertiae
1467 3609 1817 3671 indefinitam
1866 3626 2051 3677 neque
2088 3609 2256 3665 illud.
2305 3608 2620 3662 nominibus
2667 3624 2892 3676 quoque
2939 3609 3181 3677 propriis
3220 3612 3401 3663 certas

804 3709 1071 3762 personas
1107 3693 1411 3763 designari:
1458 3709 1587 3746 nam
1624 3695 1855 3762 propter
1889 3693 2310 3762 homonymiam
2355 3709 2442 3746 res
2477 3709 2648 3761 saepe
2691 3692 2905 3746 incerta
2949 3692 3297 3760 relinquitur.
3333 3724 3398 3731 —-

811 3784 869 3831 17
914 3778 1102 3845 Atque
1157 3779 1252 3831 ubi
1296 3794 1604 3847 pronomen
1661 3781 1720 3832 et.
1771 3777 2059 3831 relationis
2104 3779 2161 3831 et
2204 3777 2699 3832 demonstrationis
2752 3793 2951 3846 expers
2996 3793 3115 3831 esse
3161 3776 3398 3844 videtur,

805 3864 1024 3931 spectat
1070 3863 1144 3916 ad
1195 3879 1491 3932 personam
1540 3864 1811 3932 aliquam,
1859 3879 2006 3928 quae
2052 3865 2150 3916 aut
2203 3864 2394 3916 mente
2440 3861 2811 3930 anticipatur,
2867 3863 2969 3915 aut
3019 3864 3308 3929 tamquam
3353 3861 3398 3914 si

804 3952 1031 4016 praesto
1086 3948 1160 4000 sifi
1204 3947 1499 4017 cogitatur.
1546 3979 1608 3988 —
1659 3955 1724 4002 26
1770 3953 1815 4014 3)
1839 3964 1873 4002 a
1910 3948 2048 4002 Octo
2094 3962 2334 4000 canones
2376 3944 2710 4012 afferuntur,
2761 3962 2828 3999 ex
2874 3946 3075 4014 quibus
3112 3947 3428 4015 apparea&

804 4032 1162 4101 pronomina,
1210 4033 1306 4086 ubi
1344 4048 1557 4101 genera
1589 4033 1983 4087 terminatione
2019 4046 2130 4084 non
2168 4031 2516 4096 discernunt,
2562 4030 2920 4099 inaequalem
2963 4030 3174 4084 habere
3210 4032 3269 4084 et
3301 4045 3404 4098 per

805 4134 1067 4170 numeros
1103 4121 1162 4172 et
1196 4134 1298 4187 per
1334 4135 1497 4172 casus
1532 4116 1983 4172 declinalzionem.

941 4338 1126 4398 stcn.
1161 4357 1355 4392 semp-r.
1437 4343 1485 4392 2.
1531 4339 1653 4394 ὅςαι
1696 4339 1898 4403 γένους
1944 4337 2046 4393 elci
2091 4338 2496 4404 παραςτατικαὶ
2544 4352 2574 4390 ε
2621 4335 2804 4393 Schol.
2841 4334 3004 4390 Dion.
3046 4334 3178 4389 Thr.
3228 4334 3404 4389 adicit:

808 4423 1032 4493 GUhlig
1095 4426 1104 4492 Ι
1167 4430 1216 4476 4.
1253 4425 1428 4492 <καί>
1472 4425 1601 4476 unte
1638 4424 1706 4477 οὗ
1743 4423 1920 4476 adicit
1954 4420 2202 4490 GUhlig,
2251 4424 2287 4487 ἥ
2323 4437 2388 4485 γε
2425 4436 2527 4489 pro
2563 4423 2600 4487 ἥ
2637 4438 2701 4474 τε
2750 4423 2810 4474 et
2845 4420 2996 4490 apud
3032 4419 3215 4489 Apoll.
3253 4420 3314 4473 et
3345 4418 3405 4472 in

809 4507 993 4562 Schol.
1021 4507 1183 4561 Dion.
1208 4507 1339 4561 Thr.
1377 4493 1733 4562 scribendum
1771 4523 1894 4561 esse
1931 4506 2136 4561 conicit
2169 4504 2527 4559 RSchneider
2562 4509 2643 4572 16.
2680 4507 2812 4573 post
2847 4521 2959 4560 εςτι
2996 4521 3138 4558 eras,
3178 4522 3211 4557 ν
3234 4503 3293 4556 in
3318 4506 3362 4559 Α
3393 4506 3400 4569 Ι

814 4597 893 4644 13.
936 4597 1078 4656 γοῦν
1125 4593 1185 4656 b,
1233 4610 1335 4646 ουν
1383 4594 1425 4646 Α
1470 4590 1824 4661 JGuttentag
1887 4593 1896 4659 Ι
1964 4597 2042 4643 14.
2078 4593 2410 4656 τελαμονιος
2457 4594 2688 4656 αλκιμος
2735 4606 2857 4644 αιας
2894 4591 2937 4643 Α
2950 4629 2964 4656 ,
3014 4590 3186 4656 μέγας
3230 4591 3404 4644 Τελα-

813 4677 1021 4741 μώνιος
1060 4677 1193 4731 Αἴας
1228 4677 1265 4730 b
1312 4681 1322 4744 1
1381 4683 1458 4730 15.
1492 4677 1853 4741 Τελαμώνιος
1889 4674 1956 4744 b,
1992 4678 2324 4742 τελαμονιος
2363 4676 2405 4728 Α
2454 4691 2462 4741 ι
2513 4680 2592 4728 19.
2618 4674 2764 4742 κῆρι]
2803 4673 2898 4732 fol.
2929 4679 3025 4728 148
3043 4691 3085 4727 r.
3140 4679 3149 4741 1
3200 4680 3285 4729 24.
3320 4674 3406 4739 ἐγ-

812 4763 1083 4831 κλήμαςιν
1129 4762 1164 4813 b
1189 4804 1202 4828 ,
1251 4764 1568 4828 εγκλιμαςιν
1613 4763 1656 4815 Α
