3738 5530
573 359 1022 415 Commentarius
1051 357 1280 413 criticus
1309 357 1368 411 et
1395 355 1718 425 exegeticus
1744 353 1805 407 in
1833 353 2122 424 Apollonii
2148 350 2379 421 Dyscoli
2406 352 2621 421 scripta
2647 350 2882 406 minora.
2959 350 3084 415 211

649 529 897 605 202,31
952 525 1329 587 OSchneider
1374 525 1438 584 Π
1484 527 1630 584 447.

650 621 798 694 202,
819 619 900 677 33
951 613 1023 678 ἑν
1067 618 1160 698 τῷ
1205 612 1353 691 περὶ
1390 608 1866 692 ἐπιρρημάτων]
1910 615 2059 692 178,
2083 615 2165 673 25
2187 631 2316 690 sqq.
2394 611 2480 672 cf,
2517 612 2704 674 Lehrs
2740 604 2954 673 Arist?
2991 613 3093 671 70.

651 710 797 783 202,
819 708 901 766 35
951 702 1055 767 ἐπί
1102 706 1263 766 delet
1304 704 1587 784 Egenolff
1625 703 1656 762 I
1703 705 1850 762 845.

649 798 952 873 Quaedam
989 797 1288 865 adverbia,
1336 813 1486 869 quae
1521 795 1835 854 rarissima
1871 798 2028 862 semt,
2072 795 2160 853 ita
2201 794 2269 853 in
2313 785 2389 853 δ’ἓ.
2433 794 2796 862 derivantur,
2839 796 2909 852 ut
2948 791 3099 851 nihil

472 888 645 948 aliud
689 888 1017 962 siqnifioent
1057 887 1178 945 nisi
1213 887 1278 945 id
1314 886 1467 959 quod
1501 902 1612 944 vox
1645 885 1972 958 primitiva.
2048 883 2271 958 Quibus
2308 883 2653 942 correlativa
2687 886 2927 957 praesto
2961 883 3102 941 sunt

471 995 621 1051 quae
655 994 695 1035 a
733 975 770 1034 ῐ
806 977 1101 1050 ’ἱπσῂοὶαηέ
1144 969 1334 1053 (ἦμος
1360 1006 1449 1016 -
1475 972 1675 1049 τῆμος
1703 1005 1791 1016 -
1816 968 2138 1050 τημόςδε).
2210 971 2328 1032 Sed
2362 989 2484 1033 non
2518 975 2718 1033 onmia
2754 972 3101 1032 correlativa

462 1084 577 1141 per
633 1059 705 1125 δῖ
761 1066 1204 1140 amplificantur
1215 1084 1239 1137 ;
1294 1081 1480 1138 neque
1532 1064 1799 1123 omnibus
1852 1080 2003 1138 quae
2055 1063 2495 1135 mpliftcanmr
2547 1063 2894 1122 correlativa
2952 1078 3103 1136 quae

472 1174 513 1216 a
557 1154 594 1215 ῐ
640 1156 930 1229 incipiwzt
970 1158 1211 1229 praesto
1255 1158 1425 1225 swa,-
1482 1156 1550 1214 in
1592 1155 1685 1212 his
1729 1146 1878 1213 ὧδε
1924 1156 1978 1212 et
2022 1146 2298 1212 ἐνθάδε
2352 1154 2506 1212 eunt.
2594 1152 2758 1212 Nam
2800 1153 2942 1211 haec
2982 1168 3103 1210 non

462 1263 577 1319 per
623 1245 684 1304 id
728 1236 802 1303 δῖ
858 1244 1145 1318 suffixum
1197 1244 1464 1303 derivata
1522 1260 1643 1303 esse
1696 1260 1808 1316 quo
1851 1244 2009 1302 notio
2055 1241 2257 1301 localis
2302 1242 2572 1315 efficitur,
2619 1259 2687 1301 επ
2732 1259 2794 1301 eo
2839 1244 3104 1315 apparet,

473 1336 626 1408 quod
670 1337 941 1392 accentum
983 1350 1104 1392 non
1147 1334 1466 1393 retrahitur
1512 1327 1790 1410 (ἐνθάδε,
1836 1350 1956 1391 non
1996 1325 2254 1408 ἔνθαδε)
2303 1335 2356 1391 et
2401 1332 2554 1404 quod
2597 1333 2816 1392 abiecto
2861 1324 2935 1391 δῖ
2978 1330 3105 1403 suf-

475 1426 594 1496 fioeo
638 1423 835 1497 forma
880 1440 1030 1497 quae
1073 1426 1338 1497 superest
1378 1423 1534 1482 idem
1577 1422 1733 1482 valet
1775 1422 1930 1496 quod
1986 1422 2183 1494 forma
2236 1421 2616 1495 mplificata.
2708 1420 2936 1480 Eodem
2967 1436 3107 1494 per-

476 1516 615 1572 tinet
643 1515 817 1573 etiam
846 1507 1165 1573 ἐνθένδε
1196 1513 1343 1587 203,
1369 1514 1647 1587 1-204,
1670 1512 1726 1569 6.
1786 1510 2454 1588 cf.adv.178‚3—18.
2498 1510 3104 1587 179,11—180‚12.

659 1603 804 1678 203,
829 1603 864 1660 6
916 1600 1038 1660 ska
1083 1601 1146 1661 Π
1195 1603 1277 1660 28
1336 1596 1553 1661 ‘Wenn
1608 1601 1776 1659 nicht
1819 1601 1973 1661 noch
2029 1599 2197 1658 mehr
2252 1600 2620 1678 ausgefallen
2666 1600 2775 1676 ist,
2830 1618 2895 1660 so
2942 1601 3110 1676 passt

477 1690 580 1752 der
626 1710 812 1770 ganzo
860 1686 1075 1751 ZuSatz
1121 1692 1289 1750 nicht
1340 1690 1878 1774 zumq-Folgenden.
1971 1689 2011 1747 J
2013 1690 2135 1749 etzt
2188 1689 2271 1749 ist
2326 1709 2390 1749 er
2442 1690 2541 1749 fiir
2595 1689 2706 1749 den
2755 1689 2902 1749 Sinn
2959 1708 3108 1768 ganz

475 1774 872 1859 iiberfliissig'.

658 1871 809 1947 203,
833 1872 868 1929 7
918 1867 1038 1944 τὴν
1087 1863 1519 1931 ἀνταπόδοςιν
1557 1868 1675 1931 τοῦ
1712 1864 1776 1949 ἶ]
1817 1869 1896 1929 ad
1933 1870 2082 1928 coni.
2116 1870 2264 1946 236,
2286 1869 2400 1944 253
2448 1869 2580 1930 adv.
2616 1871 2762 1946 179,
2783 1871 2869 1929 30
2906 1871 2997 1929 est
3032 1865 3109 1943 τὴ

477 1955 916 2020 ἀνταπόδοςιν
963 1955 1082 2033 τὴν
1132 1955 1239 2019 διὰ
1282 1958 1401 2020 τοῦ
1446 1958 1485 2020 ἶ·
1530 1953 2034 2037 παραλαμβάνει.

661 2050 910 2125 203,13
958 2044 1075 2127 mc]
1124 2047 1254 2110 adv.
1293 2051 1560 2126 179,14.

661 2139 809 2215 203,
832 2140 914 2198 24
961 2133 1092 2198 ὧδε
1135 2132 1324 2219 (καὶ)
1368 2134 1424 2198 ὥ
1468 2139 1681 2199 Matth.
1719 2139 1752 2197 1
1797 2140 1911 2214 703
1963 2137 2059 2198 ad
2104 2156 2272 2214 pron.
2308 2139 2471 2213 7,28.

662 2230 811 2304 203,
834 2228 915 2287 25
972 2229 1045 2287 cf.
1093 2227 1223 2289 adv.
1269 2229 1549 2306 171‚21;
1606 2247 1772 2305 pron.
1822 2230 1927 2305 48,
1956 2228 2067 2303 283
2128 2230 2283 2304 synt.
2327 2229 2473 2305 156,
2497 2230 2609 2304 223
2666 2226 3115 2287 Ahr.dia11.11

488 2320 632 2395 149,
655 2321 710 2379 9.
760 2318 1032 2393 378,14.

666 2408 915 2483 203,31
966 2402 1048 2466 τὰ
1092 2406 1383 2479 τοιαῦτα,
1429 2401 1549 2485 <τὸ
1596 2400 1711 2467 ὅδε
1757 2403 1862 2467 καὶ
1906 2403 1983 2467 τὸ
2031 2401 2069 2466 ὁ
2116 2402 2215 2485 δέ]
2262 2405 2476 2466 Matth.
2515 2407 2546 2465 I
2595 2408 2709 2482 663
2760 2406 2920 2483 quod
2968 2410 3114 2483 quin

484 2499 706 2557 falsum
750 2498 833 2556 sit
876 2516 996 2556 non
1043 2496 1280 2556 dubitat
1324 2496 1605 2576 Egenolff
1633 2496 1721 2554 IV
1759 2498 1862 2555 49.
1957 2495 2384 2572 Recipiendum
2430 2499 2561 2555 erat
2605 2496 2765 2573 quod
2811 2496 3113 2573 proposui.

666 2585 970 2646 Adverbia
1004 2588 1070 2645 in
1115 2580 1186 2650 ῗὲ
1221 2588 1326 2646 hoc
1359 2604 1547 2646 unum
1582 2603 1695 2661 quo
1730 2587 1960 2660 aliqwid
1994 2590 2197 2660 veryat
2228 2587 2525 2657 indicant‚·
2568 2604 2751 2661 neque
2783 2588 2849 2646 id
2881 2589 3116 2655 mirum,

487 2694 631 2737 nam
675 2669 711 2739 ἶ
757 2680 810 2735 et
853 2671 892 2734 δ
938 2680 1216 2751 coynatae
1259 2681 1399 2737 sunt
1445 2678 1593 2752 204,
1617 2678 1807 2735 7—9.
1884 2674 1972 2734 cf.
2012 2675 2146 2736 adv.
2189 2677 2636 2752 194,18—21.

669 2768 870 2842 204,7
920 2762 1027 2826 διὰ
1070 2764 1188 2828 τοῦ
1233 2759 1269 2829 ἶ
1314 2762 1530 2843 μόνως
1573 2765 1787 2827 Matth.
1826 2764 1858 2824 I
1908 2768 2018 2842 793
2064 2765 2142 2826 ad
2187 2786 2353 2842 pron.
2394 2768 2500 2842 42,
2522 2767 2625 2826 25.

671 2857 877 2931 204,9
925 2855 1069 2915 Lob.
1108 2856 1316 2916 Rham.
1361 2858 1509 2917 291.

549 2985 558 2995 ·
667 2943 969 3005 Adverbia
1026 2948 1093 3005 in
1152 2943 1208 3006 ὥ
1266 2963 1416 3021 quae
1473 2964 1515 3006 a
1570 2947 1905 3006 nomnibus
1960 2949 2306 3015 mmmm,
2362 2946 2597 3006 easdem
2653 2949 2824 3020 atque
2875 2947 3120 3005 nomina

490 3038 748 3095 notiones
798 3036 1041 3107 habent;
1098 3053 1249 3109 quae
1301 3053 1342 3094 a
1383 3037 1921 3110 praepositionibus
1974 3036 2337 3104 derivantur,
2399 3039 2451 3095 et
2501 3037 2605 3095 ubi
2659 3035 2888 3109 abiqmd
2939 3038 3019 3096 sit
3069 3038 3123 3094 ct

493 3142 605 3200 quo
660 3126 858 3184 tendat
910 3126 1259 3200 siqnificoent.
1352 3125 1564 3199 Itaque
1606 3143 1727 3185 non
1782 3129 1865 3185 est
1909 3126 2061 3199 quod
2103 3127 2338 3185 mireris
2383 3127 2558 3183 etiam
2614 3118 2789 3185 εἴςω
2834 3125 3125 3199 duplicem

492 3216 647 3273 hanc
691 3217 979 3273 notionem
1021 3216 1279 3274 induere.
1369 3215 1544 3274 ΠΜ
1577 3217 1780 3289 potius
1822 3215 2077 3274 notabile
2132 3210 2363 3275 ἔνδον
2406 3214 2587 3273 locale
2634 3231 2782 3284 esse,
2829 3216 2974 3288 quia
3018 3215 3126 3273 ad-

494 3305 693 3363 verbia
735 3306 802 3363 in
848 3295 965 3364 '8651
1011 3305 1347 3377 qualitatem
1394 3305 1730 3379 siqnificare
1774 3301 1971 3364 solent.
2053 3303 2170 3364 Sed
2215 3305 2307 3362 lex
2353 3307 2436 3362 est
2472 3307 2539 3362 ut
2583 3320 2975 3378 quaecumque
3020 3304 3125 3363 ad-

495 3395 696 3453 verbia
731 3411 772 3453 a
804 3394 1344 3468 praepositionibus
1378 3394 1763 3463 deducuntur,
1798 3394 2039 3453 localem
2080 3395 2369 3452 notione-m
2405 3397 2715 3452 assumant
2750 3396 2803 3452 et
2843 3394 3128 3469 barytcma

496 3485 627 3542 sint.
710 3482 873 3541 Eam
915 3485 1176 3557 sequitur
1222 3478 1450 3544 ἔνδον
1500 3485 1646 3560 204,
1670 3484 1998 3558 10—205,
2020 3484 2121 3542 28.
2202 3481 2288 3541 Cf.
2329 3482 2462 3542 adv.
2506 3483 3124 3560 167‚14—169‚19.

504 3573 1128 3648 195‚23-197,15.

680 3663 828 3738 204,
853 3663 932 3720 16
979 3681 1089 3739 pro
1129 3655 1516 3741 ἀναύδ<ως>
1551 3661 1737 3723 Lehrs
1776 3661 1986 3723 scribit
2022 3656 2416 3741 ἀναύδ<ητι>
2456 3661 2611 3720 Ann.
2641 3656 2760 3722 litt.
2789 3661 2922 3721 Jen.
2957 3662 3126 3738 1879

499 3772 558 3828 p.
602 3753 747 3809 224.
838 3751 1038 3811 Verba.
1083 3748 1186 3812 καὶ
1230 3748 1307 3811 τὸ
1354 3746 1655 3813 ἀναύδως
1700 3753 1860 3812 delet
1906 3752 2120 3812 Matth.
2168 3751 2199 3810 Ι
2247 3754 2330 3811 32
2387 3755 2458 3811 ut
2513 3751 2721 3811 addita
2776 3751 2851 3810 ab
2907 3750 3129 3828 aliquo,

502 3841 606 3917 qui
663 3840 859 3900 verbis
917 3839 1033 3914 τῆς
1091 3837 1288 3914 αὐτῆς
1349 3837 1604 3903 ἑννοίας
1661 3862 1780 3901 non
1833 3842 2199 3901 intellexerit
2253 3842 2469 3918 respici
2525 3840 2602 3900 ad
2658 3838 2776 3901 τὸν
2837 3835 3131 3916 ἄφωνον.

506 3929 620 3989 Sed
666 3930 781 3989 hoc
827 3933 1245 4008 argumentum
1293 3930 1585 3990 caducum
1630 3935 1736 3990 est.
1829 3930 2075 3992 Poterat
2118 3950 2260 3990 sane
2310 3932 2504 3990 dicere
2550 3929 2843 4006 Dyscolus
2889 3924 3003 4006 ἀφ’
3052 3924 3131 3991 οὗ

502 4014 697 4079 πάλιν
755 4014 1070 4095 ἐπίρρημα
1123 4015 1363 4091 πίπτει,
1427 4017 1504 4080 τὸ
1553 4014 1750 4101 ἄνεῳ,
1807 4019 1921 4094 τῆς
1977 4016 2174 4094 αὐτῆς
2231 4015 2485 4081 ἐννοίας
2534 4014 2849 4094 ἐχόμενον
2906 4017 3011 4079 καὶ
3055 4015 3132 4079 τὸ

505 4103 814 4184 ἀφώνως;
875 4109 980 4168 sed
1036 4126 1214 4169 ausus
1274 4112 1366 4168 est
1417 4128 1527 4186 pro
1586 4104 1874 4185 ἀφώνως
1926 4129 2148 4186 ponere
2203 4103 2504 4169 ἀναύδως
2563 4111 2625 4168 et
2681 4108 3135 4169 collocationem

505 4198 824 4260 verborum
872 4198 1314 4275 aliquantulum
1359 4199 1691 4258 immutare.

685 4289 938 4364 204,18
976 4283 1230 4366 πόρρω]
1275 4288 1420 4365 165,
1443 4290 1555 4364 203
1596 4289 1937 4363 167,1--8
1978 4280 2159 4372 (166,
2181 4289 2563 4363 24—167‚1
2604 4289 2973 4365 interpolata
3009 4305 3135 4349 esse

510 4368 832 4458 videntur).
924 4376 1137 4436 Matth.
1184 4378 1217 4435 I
1264 4378 1346 4437 53
1395 4378 1577 4438 verba
1621 4373 2079 4452 Ἀττικώτερον
2127 4373 2391 4438 ἐκταθέν
2438 4376 2513 4436 ab
2561 4377 2767 4437 eodem
2812 4378 3134 4455 interpola-

509 4470 638 4527 tore
685 4466 862 4526 illata
908 4484 1032 4527 esse
1079 4470 1277 4528 censet
1321 4468 1424 4544 qui
1477 4468 1623 4542 166,
1644 4468 1727 4525 24
1748 4485 1834 4542 sq.
1884 4467 2356 4526 additamentum
2403 4466 2636 4527 adiecit.
2714 4467 2799 4527 Ut
2842 4467 2954 4527 hoc
3001 4485 3138 4526 con-

508 4557 671 4629 cedo,
728 4559 817 4616 ita
873 4556 1124 4616 alteram
1177 4556 1534 4616 medicinam
1588 4575 1770 4633 quam
1815 4556 1872 4615 h.
1910 4556 1949 4615 l.
1999 4556 2274 4616 adhibuit
2332 4557 2726 4617 necessariam
2786 4574 2912 4616 esse
2956 4575 3140 4635 n0303

510 4646 718 4706 scribit
780 4646 941 4705 enim
1003 4638 1072 4728 (I
1121 4639 1236 4729 66)
1299 4646 1338 4704 1.
1390 4647 1470 4705 19
1536 4640 1731 4708 πάλιν
1796 4646 2062 4721 τοπικῆς
2126 4641 2382 4722 ἐννοίας
2443 4640 2664 4725 <αὐτῷ
2720 4641 2932 4727 τούτῳ
2989 4635 3137 4725 ἑν>-’

513 4731 731 4810 ούςης;
797 4753 866 4795 ac
923 4755 998 4795 ne
1052 4734 1204 4794 illud
1261 4735 1500 4812 quidem
1554 4735 1754 4812 placet
1809 4736 1968 4812 quod
2029 4735 2310 4814 Egenolff
2357 4735 2613 4814 protulit
2658 4733 2746 4792 IV
2791 4736 2875 4794 49
2941 4730 3139 4796 πάλιν

512 4824 777 4903 τοπικῆς
847 4819 1047 4904 (τῆς)
1115 4819 1369 4886 ἐννοίας
1439 4819 1630 4900 οὔςης
1697 4825 1793 4885 vel
1859 4821 2057 4886 πάλιν
2120 4823 2385 4899 τοπικῆς
2461 4820 2716 4885 ἐννοίας
2788 4819 3142 4906 <ἐν>ούςης

515 4909 987 4994 ((ςυν>ούςης).
1439 4927 1448 4936 ·

696 5005 843 5083 204,
866 5005 946 5063 23
998 5002 1122 5064 ska
1165 5002 1227 5062 H
1275 5004 1387 5082 283
1432 5003 1631 5083 Egger
1675 5003 1786 5080 Ap.
1832 5005 1957 5063 186
1988 5024 2045 5063 n.

2614 5104 2717 5157 14*
