3738 5530
706 360 837 426 228
912 360 1353 418 Commentarius
1383 360 1611 417 criticus
1640 365 1699 417 et
1725 361 2048 432 exegeticus
2074 362 2137 417 in
2162 361 2453 433 Apollonii
2478 361 2709 433 Dyscoli
2736 362 2947 432 scripta
2972 361 3203 417 minora.

704 533 793 590 ita
838 530 1078 608 quidem
1121 534 1191 590 ut
1235 530 1485 608 optandi
1530 534 1698 592 notio
1744 550 1898 609 qnae
1941 551 2050 609 per
2094 550 2157 593 se
2201 532 2264 591 in
2313 533 2584 610 optativo
2632 526 3036 610 (ἀρηεαίατο)
3083 534 3206 607 ost,
3250 527 3323 591 κέ

704 621 1117 681 coniunctione
1173 621 1533 681 intendatur.
1643 621 1813 692 Quod
1874 623 1926 682 si
1985 624 2075 682 ita
2135 625 2255 700 est,
2318 618 2389 683 κέ
2447 626 2753 699 tamquam
2818 621 3015 682 locum
3074 619 3321 695 μᾶλλον

703 712 866 770 vocis
913 713 1164 788 occupat
1207 712 1304 771 vel
1351 713 1509 771 certe
1552 710 1797 786 indicat,
1842 706 1883 786 ἤ
1933 729 2057 772 esse
2102 712 2158 770 b„
2198 713 2235 770 l.
2284 712 2644 772 disertivam.

884 802 1031 877 223,
1053 802 1133 859 22
1183 804 1322 860 ante
1367 796 1543 876 Ἑξῆ(
1586 802 1708 861 tria
1752 802 1958 878 capita
2000 802 2371 861 interierunt.
2445 800 2517 859 V.
2557 802 2733 879 epim.

1360 964 1417 1021 4.
1466 961 1557 1022 De
1601 961 1950 1022 dubitalivis
1998 953 2122 1043 (vel
2167 954 2664 1044 interrogativis).

880 1059 946 1149 a)
991 1061 1174 1144 Ἆρα
1216 1069 1284 1128 in
1327 1070 1595 1129 omnibns
1630 1070 1911 1139 dialecti&
1947 1074 2188 1145 praeter
2222 1071 2525 1144 vulgarem
2559 1073 2614 1128 et
2647 1071 2902 1138 atticmn,
2947 1062 3092 1144 ἦρα
3133 1072 3318 1129 sonat.

701 1150 783 1217 Ἠ
821 1160 1299 1234 intmoyattvam
1336 1158 1583 1232 fuerunt
1615 1162 1717 1233 qwt
1753 1177 1822 1218 ex
1856 1153 2002 1235 ἦρα
2039 1155 2154 1237 (=
2176 1152 2329 1237 ἄρα)
2366 1160 2728 1221 decurtatam
2755 1175 2876 1219 esse
2903 1159 3320 1228 contenderent,

702 1248 805 1307 sed
828 1265 1161 1322 perperam.
1211 1247 1394 1308 Omne
1431 1251 1584 1308 enim
1618 1249 1965 1309 vocabalwm
1987 1267 2103 1323 per
2138 1265 2431 1323 apocopen
2454 1250 2679 1322 factum
2705 1250 2948 1308 mandem
2971 1249 3040 1306 in
3065 1249 3325 1308 oratione

699 1337 888 1397 locwm
923 1354 1206 1411 occupare
1240 1339 1382 1398 solet
1416 1341 1589 1412 atque
1612 1339 1765 1398 ithai
1790 1339 1948 1398 wnde
1982 1343 2174 1398 ortum
2202 1342 2311 1398 est:
2347 1342 2413 1398 at
2444 1332 2589 1412 ἦρα
2622 1355 2742 1397 non
2767 1338 3080 1397 collocatur
3103 1338 3225 1397 nisi
3257 1339 3326 1397 in

697 1428 867 1486 initio
903 1428 1235 1497 sententiae,
1272 1421 1311 1502 ἦ
1340 1428 1594 1487 mediam
1620 1429 1813 1488 sedem
1838 1432 2095 1502 occupat.
2147 1425 2388 1487 Accedit
2411 1429 2565 1502 quod
2589 1429 2753 1501 facta
2778 1443 3030 1502 apocope
3056 1431 3325 1488 accentioe

697 1518 920 1576 nmtari
953 1534 1075 1577 non
1109 1517 1263 1576 solet.
1336 1517 1549 1591 Itaque
1583 1515 1624 1592 ἦ
1664 1510 1756 1599 (in
1790 1516 1992 1594 priore
2037 1516 2301 1583 membro
2346 1507 2641 1597 positum)
2686 1518 2742 1576 si
2785 1518 2862 1577 ab
2906 1511 3052 1591 ἦρα
3096 1517 3323 1577 descen-

699 1606 871 1684 deret,
900 1608 1351 1681 perispomenon
1388 1624 1509 1666 esse
1544 1608 1852 1681 oportebat.
1912 1607 2147 1682 Trypho
2184 1610 2372 1666 censet
2396 1600 2435 1681 ἦ
2464 1607 2879 1667 disiwnctivam
2911 1608 2979 1666 in
3003 1608 3324 1682 interroya-

699 1697 882 1756 tz'vam
923 1698 1145 1756 mutari
1177 1713 1380 1770 posse,
1426 1697 1529 1755 ubi
1571 1698 1638 1756 in
1680 1698 1849 1756 mitio
1897 1698 2330 1756 enwntiatorum
2375 1694 2699 1756 collocatum
2788 1694 2906 1755 Sed
2946 1695 3097 1755 nihil
3138 1696 3327 1756 obstat

697 1802 772 1845 ne
807 1785 1134 1846 dubitativa
1170 1802 1302 1845 cum
1337 1786 1691 1846 disiunctiva
1725 1788 1882 1847 vocis
1916 1802 2058 1846 sono
2096 1787 2413 1855 conveniat,
2449 1787 2515 1845 id
2546 1787 2700 1860 quod
2735 1786 2874 1845 aliis
2908 1786 3143 1845 vocibus
3176 1787 3326 1845 satis

696 1874 897 1935 multis
955 1876 1169 1937 accidit
1228 1875 1373 1950 223,
1408 1876 1731 1951 24—225‚
1756 1878 1810 1935 7.
1906 1874 1992 1935 cf.
2031 1875 2213 1935 Prisc.
2252 1875 2395 1935 XVI
2437 1877 2517 1935 12
2565 1895 2622 1952 p.
2666 1877 2870 1950 101‚9
2933 1874 3325 1934 Dubitativae

700 1966 858 2040 sunt,
905 1982 1057 2041 quae
1094 1963 1528 2024 dubitationem
1575 1964 1933 2042 significant,
1965 2011 1976 2022 .
2009 2011 2021 2022 .
2054 2011 2065 2022 .
2104 1965 2581 2041 frequentissime
2617 1968 2821 2024 tamen
2867 1963 3107 2023 eaedem
3142 1966 3324 2023 inter-

697 2053 1009 2131 rogativae
1046 2056 1187 2113 sunt
1216 2099 1227 2111 .
1260 2100 1271 2112 .
1305 2099 1316 2111 .
1354 2053 1502 2113 haec
1538 2053 1744 2114 eadem
1777 2045 1907 2136 (ne)
1943 2056 2247 2114 invenitur
2283 2056 2345 2114 et
2378 2073 2489 2130 pro
2527 2054 2964 2129 confirmativa3
3009 2053 3205 2112 DThr.
3239 2055 3323 2112 94

698 2136 1195 2219 Ἀπορηματικοί
1241 2138 1314 2203 δέ
1360 2137 1513 2204 εἰςιν
1565 2138 1702 2205 ὅεοι
1749 2139 2237 2219 ἐπαποροῦντεε
2275 2137 2529 2205 εἰώθαει
2573 2143 2841 2204 ευνδεῖν.
2900 2137 3013 2203 εἰεί
3048 2139 3122 2203 δὲ
3157 2136 3323 2203 οἵδε·

701 2224 828 2306 ἆρα
872 2230 1035 2292 κᾶτα
1081 2232 1234 2307 μῶν.
1305 2231 1484 2293 schol.
1522 2233 1718 2292 DThr.
1761 2234 1907 2309 968,
1930 2235 2013 2293 32
2060 2230 2167 2293 καὶ
2202 2229 2242 2294 ὁ
2276 2229 2316 2307 ἤ
2355 2231 2430 2294 δὲ
2475 2229 2925 2309 διαπορητικό(
2972 2228 3100 2293 ἑετι
3144 2228 3248 2292 καὶ
3284 2225 3325 2291 ὁ

698 2315 775 2396 ἦε
814 2365 827 2381 .
867 2368 880 2381 .
963 2316 1038 2382 Ὁ
1094 2320 1256 2382 κᾶτα
1312 2317 1657 2398 cupient-:rat
1711 2317 1855 2382 ἀντὶ
1908 2322 2028 2384 τοῦ
2084 2318 2240 2383 καί.
2279 2368 2293 2382 .
2376 2322 2455 2382 ib.
2496 2323 2644 2398 968,
2668 2324 2749 2383 23
2806 2316 2845 2382 ὁ
2901 2315 3029 2396 ἆρα
3083 2317 3322 2397 ἐρωτη-

701 2406 960 2486 ματικὸε
1016 2406 1111 2471 ὢν
1157 2407 1416 2486 μηκύνει
1462 2408 1539 2472 τὸ
1586 2410 1653 2484 ἆ,
1716 2408 2186 2484 cuno-sicunde
2232 2410 2304 2473 δὲ
2344 2407 2662 2488 βραχύνει.
2752 2410 2846 2472 Jo.
2895 2411 3062 2471 Alex.
3114 2412 3218 2487 39,
3238 2411 3323 2471 33

701 2526 785 2548 =
805 2500 944 2560 Her.
983 2500 1015 2559 I
1063 2500 1210 2576 515,
1233 2501 1271 2560 8
1321 2496 1359 2560 ὁ
1407 2494 1548 2577 ἆρα,
1598 2496 1710 2562 ὅτε
1756 2498 2210 2578 διαπορητικόε
2257 2496 2441 2573 ἐςτιν,
2490 2497 2792 2562 ἐκτείνων
2829 2497 2906 2561 τὸ
2953 2500 3216 2576 πρῶτον
3263 2497 3324 2571 ἃ,

698 2586 803 2650 καὶ
832 2585 870 2649 ὁ
901 2586 1370 2661 ευλλογιετικὸε
1397 2586 1501 2650 καὶ
1537 2587 2206 2667 παραπληρωματικὸε
2243 2585 2551 2667 ἑκάτερον
2589 2586 2965 2651 (υςτέλλων.
3030 2589 3124 2649 Jo.
3155 2590 3323 2649 Alex

700 2681 805 2756 40,
829 2681 908 2739 26
934 2679 1177 2739 =Her.
1215 2678 1248 2737 I
1295 2680 1444 2756 516,
1467 2682 1548 2739 24
1597 2675 1635 2739 ὁ
1683 2680 1821 2755 μῶν
1878 2676 2028 2755 παρ’
2074 2676 2433 2755 Ἀθηναίοις
2488 2675 2941 2755 διαπορητικόε
2996 2675 3091 2739 ὢν
3146 2694 3323 2754 περι-

700 2768 955 2831 (πᾶται·
1020 2764 1152 2830 ἀπὸ
1189 2765 1313 2846 γὰρ
1350 2769 1469 2832 τοῦ
1508 2767 1590 2846 μή
1631 2767 1733 2831 καὶ
1773 2770 1892 2832 τοῦ
1931 2765 2049 2831 οὖν
2088 2765 2417 2842 (ξύγκειται,
2464 2764 2938 2846 Δωρικώτερον
2984 2765 3326 2846 τραπείεη(

698 2859 812 2933 τῆς
870 2857 952 2920 ὅῡ
1005 2856 1368 2935 διφθόγγου
1431 2854 1521 2920 εἰς
1579 2855 1656 2920 τὸ
1712 2858 1784 2920 ὦ.
1876 2859 2253 2920 Herodianus
2313 2862 2497 2920 etiam
2557 2855 3027 2936 ἑρωτηματικόε
3085 2859 3325 2919 nomine

698 2950 906 3025 utitur,
953 2951 1023 3008 ut
1057 2948 1151 3007 J0.
1182 2948 1348 3009 Alex.
1380 2950 1485 3026 41,
1509 2950 1608 3009 15.
1650 2951 1732 3009 29
1755 2975 1840 2997 =
1860 2949 2001 3009 Her.
2029 2949 2061 3008 I
2100 2950 2248 3025 518,
2272 2951 2369 3010 10.
2463 2950 2689 3009 Eodem
2733 2952 2971 3010 nomine
3014 2948 3325 3026 probabile

700 3056 825 3099 esse
878 3038 1027 3097 dicit
1070 3038 1258 3117 Uhlig
1309 3039 1375 3097 in
1428 3038 1548 3097 ind.
1602 3040 1727 3098 139
1786 3040 1971 3098 etiam
2014 3038 2341 3116 Dyscolum
2396 3058 2571 3099 usum
2625 3057 2777 3114 esse,
2833 3057 2969 3098 cum
3023 3033 3326 3114 ἐρώτηει(

699 3130 937 3187 nomine
981 3129 1193 3187 utatur
1229 3127 1303 3188 de
1347 3128 1677 3188 enuntiatis
1723 3127 2076 3189 dubitativis
2114 3120 2293 3210 (coni.
2327 3130 2475 3204 226,
2497 3130 2598 3188 25.
2641 3119 2783 3209 27),
2827 3147 2946 3187 uno
2990 3128 3121 3187 loco
3168 3127 3325 3187 idem

702 3210 829 3293 ἆρα
865 3220 1043 3278 vocat
1078 3211 1562 3292 ἀπορηματικόν
1600 3220 1746 3278 coni.
1782 3218 1930 3294 258,
1955 3219 2052 3277 15.
2127 3217 2213 3277 Of.
2242 3217 2474 3278 Ahrens
2511 3218 2584 3278 de
2622 3217 2775 3278 crasi
2811 3220 2873 3277 et
2909 3217 3221 3295 aphaeresi
3260 3220 3324 3293 73

701 3305 1070 3367 GFSchoem.
1108 3306 1251 3366 Red.
1293 3310 1438 3367 217.

880 3398 1030 3472 224,
1050 3399 1089 3456 4
1136 3398 1403 3474 profecto
1458 3416 1578 3457 non
1639 3399 1769 3457 erat
1823 3396 2198 3458 scribendum
2241 3393 2282 3472 ἤ
2331 3399 2391 3457 et
2437 3390 2564 3472 ἄρα
2609 3415 2744 3456 cum
2789 3395 3080 3472 Bekkero,
3135 3395 3239 3455 sed
3283 3389 3321 3469 ἦ

700 3490 762 3547 et
816 3479 943 3561 ἆρα
999 3505 1132 3545 cum
1187 3485 1432 3546 Lehrsio
1488 3506 1543 3563 q.
1583 3506 1629 3546 e.
1681 3486 1943 3546 58—59
1993 3489 2056 3546 et
2098 3484 2446 3546 Ludwichio
2500 3487 2565 3545 in
2611 3485 2764 3545 Ann.
2813 3486 2930 3545 litt.
2977 3485 3110 3544 Jen.
3152 3486 3320 3545 1879

699 3596 757 3654 p.
792 3578 937 3636 224.
1015 3570 1346 3653 eFuerunt',
1392 3578 1593 3653 inquit
1628 3576 1831 3651 Lehrs‚
1880 3570 2009 3653 ‘qui
2046 3574 2447 3635 dubitativam
2481 3576 2839 3654 particulam
2874 3569 2913 3648 ἦ
2953 3573 3325 3635 decurtatam

699 3684 826 3726 esse
880 3665 1265 3726 defenderent
1318 3686 1389 3726 ex
1443 3661 1570 3741 ἦρα
1614 3666 1651 3724 i.
1696 3685 1742 3725 e.
1794 3659 1946 3740 dpa:
2006 3684 2148 3725 nam
2201 3659 2329 3740 ἦρα
2381 3684 2490 3742 pro
2544 3683 2664 3724 uno
2717 3663 3027 3741 vocabulo,
3087 3667 3157 3722 ut
3205 3664 3326 3723 alia

699 3757 894 3815 forma
939 3756 1021 3816 sit
1064 3756 1311 3816 voculae
1359 3749 1510 3832 ἄρα,
1573 3758 1906 3833 agnoscunt
1949 3757 2177 3814 veteres
2224 3755 2626 3833 grammatici,
2671 3756 2733 3814 et
2775 3752 3132 3830 Apollonius
3178 3754 3321 3831 ipse.

698 3845 951 3904 Refutat
993 3844 1147 3904 illud
1189 3844 1545 3921 Apollonius
1591 3843 1821 3905 duobus
1868 3845 2264 3922 argumentis,
2312 3845 2505 3921 primo
2553 3842 2712 3920 quod
2757 3844 2985 3903 formae
3028 3862 3138 3920 per
3183 3861 3324 3919 apo-

700 3954 884 4010 copen
922 3935 1119 3995 factae
1156 3926 1362 4016 (quale
1401 3937 1557 3994 esset
1590 3929 1629 4008 ἦ
1670 3937 1731 3994 et
1766 3924 1920 4015 ἦρα)
1960 3933 2208 3993 eandem
2246 3933 2531 3992 orationis
2577 3932 2777 3993 sedem
2813 3935 3103 4009 occupent
3143 3951 3325 4009 quam

699 4024 841 4082 illae
887 4042 1060 4083 voces
1106 4024 1263 4084 unde
1310 4026 1432 4084 sint
1475 4024 1687 4084 factae.
1779 4022 1910 4082 Iam
1957 4042 2097 4083 vero
2144 4022 2265 4081 dici
2309 4018 2348 4096 ἢ
2396 4019 2620 4096 δολιχὴ
2668 4021 2900 4083 νοῦεο(
2945 4016 2983 4096 ἦ
3032 4017 3325 4097 Ἄρτεμι(

700 4107 991 4187 ἰοχέαιρα
1028 4116 1089 4172 et
1125 4114 1364 4189 similia,
1412 4116 1478 4173 at
1520 4132 1828 4190 nunquam
1874 4111 2130 4172 secundo
2166 4111 2429 4171 membro
2474 4114 2618 4188 poni
2662 4129 2836 4189 posse
2874 4105 3017 4187 ἄρα.
3094 4110 3325 4170 Deinde

701 4200 805 4260 ubi
840 4201 930 4260 ita
965 4201 1307 4261 decurtatur
1342 4201 1716 4279 vocabulum,
1762 4204 1832 4262 ut
1866 4202 2085 4261 ultima
2119 4200 2319 4279 gravis
2358 4200 2689 4278 abiiciatur,
2734 4202 2994 4280 priorem
3030 4199 3328 4278 syllabam

700 4307 873 4350 suum
926 4293 1127 4350 tenere
1184 4295 1517 4368 accentum,
1577 4295 1647 4352 ut
1700 4291 1887 4366 δῶμα
1939 4291 2052 4351 δῶ.
2144 4290 2276 4351 Iam
2328 4309 2467 4350 vero
2522 4291 2585 4349 in
2638 4287 2678 4365 ἢ
2726 4288 2951 4366 δολιχὴ
3006 4289 3238 4351 νοῦεο(
3283 4284 3325 4363 ἦ

699 4374 995 4455 Ἄρτεμις
1032 4375 1325 4456 ἰοχέαιρα
1370 4384 1433 4441 et
1476 4381 1770 4442 similibus
1814 4383 1879 4440 in
1924 4381 2123 4458 priore
2169 4380 2433 4439 membro
2479 4399 2599 4439 non
2644 4379 2822 4440 scribi
2866 4375 2906 4456 ἦ
2945 4379 3048 4440 sed
3090 4376 3159 4454 ἤε
3203 4398 3327 4439 non

704 4487 829 4529 esse
874 4470 1064 4547 igitur
1101 4470 1474 4530 decurtatum
1519 4491 1591 4531 ex
1635 4465 1775 4546 ἦρα.
1854 4470 2013 4530 Huic
2055 4473 2258 4529 tamen
2302 4471 2618 4546 posteriori
2654 4472 3005 4548 argumento
3041 4467 3326 4546 quodam-

699 4558 875 4618 modo
932 4558 1176 4635 Trypho
1237 4563 1600 4620 occurrerat:
1658 4561 1895 4620 dixerat
1952 4561 2111 4620 enim
2168 4562 2234 4619 in
2293 4558 2582 4619 eiusmodi
2641 4558 2994 4619 dubitativis
3054 4558 3330 4618 enuntia-

698 4647 962 4708 tionibus
1011 4649 1085 4707 ab
1131 4650 1308 4709 initio
1354 4651 1577 4710 assumi
1614 4649 2039 4710 disiunctivum
2073 4645 2133 4724 ἤ.
2207 4648 2376 4719 Quod
2421 4652 2622 4709 tamen
2667 4667 2788 4708 non
2834 4648 3103 4708 admittit
3138 4647 3328 4725 Apol-

701 4736 922 4797 lonius:
983 4737 1110 4798 sine
1156 4738 1336 4798 dubio
1384 4738 1543 4816 quod
1595 4739 1837 4799 illorum
1893 4738 2317 4817 significationi
2362 4738 2561 4815 aptior
2604 4740 2735 4799 visa
2781 4737 3145 4797 dubitativa:
3198 4756 3331 4811 nec,

700 4825 923 4902 inquit,
978 4826 1089 4888 hoc
1135 4846 1269 4888 cum
1315 4828 1634 4906 Tryphone
1678 4832 1940 4889 statuere
1984 4846 2217 4888 necesse
2263 4830 2381 4888 est:
2439 4847 2659 4905 neque,
2713 4830 2766 4887 si
2809 4828 3003 4888 forma
3046 4827 3331 4887 vocabuli

701 4918 987 4976 consonat
1031 4935 1166 4976 cum
1210 4917 1589 4994 disiunctiva,
1633 4918 1769 4978 ideo
1815 4921 1907 4979 est
1952 4918 2324 4977 disiunctiva.
2416 4917 2575 4977 Nam
2619 4919 2693 4978 ut
2737 4917 3103 4978 diversorum
3149 4935 3328 4977 voca-

702 5002 976 5065 bulorum
1028 5007 1254 5066 formae
1308 5009 1659 5082 consonent,
1716 5007 1780 5066 id
1834 5006 2053 5069 accidit
2104 5008 2167 5066 in
2214 5000 2460 5068 multis’.
2554 5005 2641 5067 Of.
2690 5007 2828 5067 Her.
2875 5006 2907 5065 I
2956 5007 3103 5083 517,
3128 5008 3210 5066 12
3260 5000 3334 5090 (a
