3738 5530
674 322 1114 380 Commentarius
1143 322 1370 378 criticus
1399 325 1457 378 et
1484 321 1804 393 exegeticus
1832 322 1894 375 in
1920 319 2210 391 Apollonii
2236 319 2467 389 Dyscoli
2495 320 2705 390 scripta
2740 319 2974 375 minora.
3061 321 3148 385 29

535 492 761 555 ποθεῖ
806 488 1190 564 ευζυγίανε
1251 486 1560 568 ‘quoniam
1616 491 1956 569 personalia
2008 510 2096 568 pr.
2144 507 2295 567 pers.
2343 490 2491 568 sing.
2550 490 2750 550 omnia
2804 490 2878 549 ab
2924 486 2959 550 ’ἐ
3002 490 3145 549 inci-

533 583 711 661 piunt
744 582 951 659 itaque
980 581 1240 658 quodam
1273 580 1449 642 modo
1488 582 1765 658 aequalia
1791 583 1946 655 sunt,
1984 582 2200 638 natura
2226 580 2344 638 fert
2370 582 2440 639 ut
2467 598 2538 638 ea
2564 578 2817 658 eoniuga
2844 597 2971 640 esse
2999 598 3146 657 opus

534 691 654 733 non
692 674 773 732 sit
808 669 1331 731 terminationibus
1369 664 1643 731 ostendi.’
1727 670 1915 748 Uhlig
1950 670 2380 745 interpretatur
2415 664 2605 729 κλίει(
2643 669 2801 745 quod
2837 670 3152 745 proposuit

537 762 629 821 ita
675 763 744 821 ut
789 760 946 821 idem
993 760 1287 838 significet
1330 760 1386 818 h.
1435 760 1472 818 l.
1522 759 1681 836 quod
1727 753 2186 819 ἀνακολουθία;
2244 753 2661 834 ‘inaequabilis
2707 758 2771 817 in
2815 758 2933 817 fine
2976 757 3149 818 flexio

537 871 625 928 pr.
682 869 835 928 pers.
893 849 1256 910 confusionis
1312 868 1492 909 eausa
1545 867 1669 909 esse
1722 868 1841 909 non
1896 848 2122 924 potest,
2187 848 2394 908 statim
2440 848 2597 907 enim
2642 849 3015 925 agnoscimus
3060 849 3150 906 in-

540 941 797 1019 cipiente
842 936 879 998 ἒ
925 940 1131 999 littera
1174 940 1395 999 formas
1439 939 1577 998 illas
1622 956 1748 998 esse
1794 931 2116 1015 coniugas’.
2202 936 2509 997 Sententia
2546 937 2750 997 eadem
2787 937 3005 1013 evadit,
3050 937 3152 997 sed

537 1030 746 1089 dubito
781 1025 975 1089 κλίειε
1012 1031 1276 1106 possitne
1312 1048 1420 1106 per
1455 1047 1516 1088 se
1554 1022 1662 1086 ‘in
1678 1028 2049 1104 aequabilem
2079 1021 2413 1086 flexionem’
2451 1026 2810 1104 signifieare3
2846 1030 3152 1103 praeterea

541 1117 917 1179 scribendum
962 1121 1091 1178 erat
1133 1113 1174 1192 ἡ
1222 1114 1413 1179 κλίειε
1456 1114 1496 1192 ἡ
1545 1112 1615 1178 ἐν
1660 1117 1797 1179 τοῖς
1840 1113 2100 1177 τέλεειν.

716 1205 986 1283 Apparet
1036 1209 1219 1283 iqitm'
1270 1209 1401 1267 sola
1452 1209 1682 1267 notione
1734 1208 1996 1282 diynosei
2038 1207 2409 1281 pronominis
2465 1201 2610 1277 ἐγώ
2661 1209 2988 1280 genetivum
3033 1225 3153 1267 esse

538 1293 728 1372 ἐμοῦ
776 1301 830 1357 et
873 1297 1108 1356 dualem
1153 1296 1314 1368 νῶι;
1359 1316 1554 1374 neque
1598 1296 1662 1355 id
1705 1296 1945 1371 mirum,
1988 1298 2044 1355 si
2079 1296 2311 1370 quidem
2349 1298 2521 1355 etiam
2553 1297 2707 1354 inter
2739 1298 2981 1357 nomina
3016 1301 3155 1356 sant

540 1383 1058 1461 ἑτερόπτωτα,
1104 1387 1256 1445 inter
1299 1388 1478 1446 verba
1523 1382 1972 1460 ἑτερόκλιτα
2020 1386 2121 1461 12,
2144 1385 2500 1460 27—13,3.
2576 1417 2589 1428 -

727 1477 830 1551 13,
851 1477 1021 1534 1--2
1072 1471 1484 1549 ἑτερόπτωτα
1519 1507 1608 1517 -
1644 1470 2037 1554 ἑτερόκλιτα]
2086 1473 2164 1533 ad
2213 1476 2315 1550 10,
2338 1476 2436 1533 27.

723 1565 856 1624 ΙΙΙ.
932 1563 1251 1634 Quaeritur
1314 1583 1466 1641 quae
1529 1565 1770 1624 nomina
1828 1564 2151 1641 primitivis
2197 1566 2259 1623 et
2303 1563 2586 1623 derivatis
2630 1561 2989 1641 imponenda
3034 1564 3155 1622 sint

548 1654 1398 1729 13,4—17,19.1.1a.m
1451 1673 1590 1714 vero
1637 1656 1813 1713 elucet
1867 1654 2128 1713 notiones
2173 1655 2611 1728 compositormn
2654 1655 2743 1714 ita
2786 1657 3155 1727 omnparatas

542 1762 680 1814 esse,
725 1747 793 1804 at
835 1744 1063 1818 aliqwid
1105 1762 1331 1819 semper
1375 1737 1522 1826 (non
1559 1734 1886 1824 interdum)
1934 1760 2054 1802 esse
2096 1743 2383 1814 indicent;
2425 1744 2581 1802 velut
2624 1737 3154 1817 μιεάνθρωπο(

541 1836 634 1894 est
669 1833 774 1911 qui
811 1851 1043 1910 semper
1077 1833 1343 1894 homines
1381 1833 1524 1893 odit.
1615 1833 1780 1908 Eryo
1826 1833 2109 1892 absonum
2153 1837 2237 1892 est
2257 1834 2568 1907 primativa
2604 1825 2887 1908 ἀευναρ
2900 1833 2937 1892 θ
2947 1848 2984 1906 ρ
2997 1848 3152 1903 ouc

545 1924 873 1984 derivativa
918 1917 1389 1997 (υνάρθρουε
1433 1924 1636 1982 dicere.
1746 1921 1909 1981 Nam
1961 1923 2222 1998 primum
2278 1939 2347 1983 ea
2400 1939 2550 1996 quae
2608 1917 3015 1996 (ύναρθροι
3061 1939 3156 1981 vo·

551 2016 787 2082 cantur,
844 2013 1018 2072 etiam
1061 2013 1163 2071 ubi
1207 2013 1692 2073 demonstrativas
1734 2012 1949 2072 habent
1979 2029 2270 2086 personas
2329 2003 2394 2094 (i.
2433 2030 2480 2070 e.
2528 2011 2590 2069 in
2635 2012 2830 2088 prima
2875 2010 3155 2072 secunda·

543 2121 659 2178 que
701 2119 956 2178 persona
991 2103 1146 2178 synt.
1179 2103 1283 2175 60,
1303 2093 1372 2182 4)
1419 2100 1718 2161 interdum
1755 2101 2069 2161 articulum
2105 2090 2629 2183 (praepositivum)
2675 2118 2795 2160 non
2831 2105 3155 2170 assumam,

547 2192 704 2250 velut
746 2191 812 2250 in
856 2191 948 2250 his
995 2185 1172 2265 ἐμὸς
1218 2184 1309 2262 εἴ,
1358 2185 1546 2251 ‘meus
1593 2184 1706 2266 es'3
1765 2189 1977 2249 deinde
2023 2208 2173 2265 quae
2216 2185 2678 2265 ἀεύναρθροι
2724 2194 3006 2252 vocantur
3038 2208 3159 2250 non

545 2298 778 2357 semper
820 2284 1107 2355 respmmt
1149 2281 1461 2341 mic-aliun
1493 2282 1977 2355 praepositivum,
2022 2281 2175 2340 vebat
2220 2276 2400 2339 Attici
2445 2280 2645 2340 diciwot
2687 2275 2822 2339 τὸν
2870 2276 2903 2340 ἐ
2913 2276 3022 2355 μέ,
3070 2283 3157 2340 at-

543 2387 654 2445 que
698 2371 753 2429 si
795 2371 864 2429 in
905 2370 998 2428 his
1043 2372 1385 2429 constructio
1430 2388 1561 2429 cam
1603 2371 1831 2429 ratione
1863 2373 2114 2444 puynat,
2162 2374 2306 2430 certe
2342 2387 2472 2429 cum
2496 2370 2875 2444 postpositivo
2912 2370 3156 2431 articulo

544 2477 777 2536 semper
822 2460 1096 2533 coniimyi
1127 2462 1382 2533 possunt
1423 2459 1775 2536 personalia.
1866 2459 2081 2533 Itaque
2114 2461 2357 2518 nomina
2389 2459 2498 2519 illa
2532 2460 2685 2518 inter
2718 2476 2781 2518 se
2817 2460 3159 2519 commutari·

533 2551 817 2624 possunt‚·
880 2566 1023 2608 nam
1068 2544 1525 2623 ευνάρθροι(
1571 2565 1735 2622 quae
1764 2552 2047 2609 vocantur
2091 2549 2405 2609 articubwm
2438 2549 2885 2622 postpositivwn
2931 2548 3159 2609 adicere

543 2655 662 2697 non
708 2638 850 2707 licet,
895 2639 1016 2697 nisi
1057 2655 1281 2714 nomen,
1330 2640 1411 2698 ad
1455 2639 1607 2712 quod
1641 2640 2061 2712 postpositivus
2105 2640 2338 2712 spectat,
2386 2637 2661 2697 addimus
2710 2638 2811 2712 13,
2831 2639 3066 2698 4-25.

727 2727 831 2803 13,
851 2728 888 2787 6
954 2726 1026 2787 of.
1074 2729 1228 2805 synt.
1281 2727 1487 2802 56,15
1527 2745 1653 2830 sqq.
1762 2726 1982 2787 Mirum
2047 2731 2139 2788 est
2198 2726 2587 2805 Apollonium
2650 2745 2830 2804 quam
2896 2726 3157 2806 appella-

543 2819 768 2877 tionem
819 2816 877 2875 h.
932 2818 971 2876 1.
1027 2818 1233 2878 reiecit
1295 2816 1542 2877 eandem
1603 2818 1800 2895 ipsum
1865 2817 2006 2877 dare
2071 2811 2145 2877 ὅς
2206 2817 2540 2895 possessivo
2593 2835 2760 2894 pron.
2827 2819 3018 2893 76,1;
3082 2816 3160 2881 ad

731 2997 833 3071 13,
855 2998 890 3055 7
949 2999 1089 3056 ante
1134 2993 1408 3058 δεκτικαὶ
1453 2995 1850 3074 supplendum
1896 2998 1987 3056 est
2033 2992 2270 3068 ἐνίοτε,
2318 2991 2417 3058 ἀεὶ
2464 3000 2600 3057 ante
2649 2992 2855 3068 ἐκτόες
2922 3015 3042 3074 qua
3087 2995 3159 3056 de

547 3105 611 3144 re
658 3085 782 3144 dixi
828 3085 904 3144 ad
953 3087 1011 3161 7,
1033 3086 1132 3145 28.

732 3175 834 3250 13,
855 3175 893 3234 8
947 3175 1243 3252 praecipit
1294 3175 1482 3253 igitur
1525 3174 1638 3252 Ap.
1687 3175 1759 3234 de
1813 3176 1996 3235 tertia
2049 3176 2289 3253 quidem
2342 3194 2597 3254 persona
2651 3176 2845 3236 dicere
2899 3175 3075 3235 licere
3122 3170 3160 3234 ὁ

549 3258 701 3337 ἐμός
750 3258 991 3324 ἐςτιν
996 3283 1061 3325 er
1104 3264 1187 3324 ist
1231 3264 1337 3323 der
1378 3259 1676 3343 meinigess
1731 3264 1834 3324 sed
1889 3285 2009 3326 non
2053 3266 2229 3325 licere
2274 3268 2339 3325 in
2383 3266 2578 3344 prima
2624 3270 2732 3325 aut
2776 3263 3032 3326 secunda
3077 3264 3162 3323 sic

547 3353 716 3429 loqui
771 3348 809 3413 ὁ
865 3348 1016 3428 ἐμὸε
1073 3347 1132 3413 εἴ
1175 3349 1214 3413 ὁ
1262 3349 1371 3414 coc
1416 3348 1537 3429 εἰμι
1602 3348 1706 3413 du
1760 3354 1884 3414 bist
1931 3353 2036 3413 der
2078 3355 2362 3433 meinige,
2425 3356 2521 3415 ioh
2583 3355 2689 3414 bin
2736 3355 2841 3415 der
2885 3348 3160 3433 deinige’.

550 3440 722 3511 Quod
765 3461 887 3502 non
931 3442 1368 3502 concedendum
1413 3461 1538 3503 esse
1584 3442 1905 3520 Apollonio
1950 3447 2154 3504 monet
2200 3442 2568 3505 GF80hoem
2618 3448 2729 3505 art.
2781 3445 2865 3504 50
2885 3463 3004 3521 sq.,
3050 3445 3164 3503 etsi

548 3550 765 3609 graeca
811 3532 936 3592 eius
983 3533 1214 3610 generis
1260 3533 1531 3610 exempla
1574 3552 1695 3591 non
1740 3532 1804 3591 in
1849 3538 2134 3610 promptu
2178 3534 2373 3594 habet.
2464 3534 2555 3594 De
2601 3533 2809 3594 eadem
2852 3554 2916 3594 re
2963 3531 3165 3612 agitur

551 3639 716 3697 pron.
770 3624 872 3697 14,
894 3623 1003 3699 153
1057 3625 1212 3699 synt.
1265 3623 1366 3699 23,
1389 3624 1487 3682 10.
1538 3624 1642 3697 49,
1665 3623 1853 3681 2-5,
1904 3624 2007 3698 56,
2031 3624 2111 3683 15
2142 3642 2226 3700 sq.
2279 3626 2426 3699 101,
2445 3626 2515 3700 4,
2573 3624 2645 3683 of.
2693 3623 2873 3683 Prisc.
2921 3623 3040 3682 XII
3080 3625 3164 3683 10

550 3730 606 3786 p.
649 3710 798 3785 582,
815 3712 873 3769 4.

735 3800 941 3875 13,1Ο
986 3796 1104 3860 τὸν
1152 3795 1288 3879 ἐμέ]
1337 3803 1491 3877 synt.
1543 3801 1766 3875 26,15.
1819 3801 2023 3874 59‚19
2057 3819 2141 3877 sq.
2237 3800 2603 3863 GFSehoem.
2653 3806 2763 3863 art.
2816 3803 2896 3862 57
2929 3821 3054 3879 sqq.

733 3889 938 3964 13,12
986 3889 1165 3950 schol.
1210 3887 1323 3948 AG
1374 3890 1521 3964 923,
1544 3890 1591 3948 5
1631 3915 1716 3937 =
1758 3892 1858 3965 91,
1883 3892 1919 3948 2
1959 3890 2123 3968 Hilg.

742 3978 844 4053 13,
865 3980 945 4037 22
994 3975 1098 4038 καὶ
1144 3974 1335 4050 οὕτω,
1382 3980 1731 4056 pronomine
1776 3980 2109 4056 possessivo
2157 3981 2389 4041 omisso.

738 4068 840 4142 13,
861 4068 941 4127 25
992 4066 1147 4128 Skae
1195 4060 1253 4150 (I
1292 4059 1361 4148 6)
1408 4068 1742 4127 emendatio
1788 4070 2121 4129 necessaria
2165 4072 2256 4130 est
2299 4074 2536 4148 praeter
2581 4066 2773 4146 φίλος
2817 4071 2969 4130 illud
3007 4070 3166 4147 quod

554 4172 624 4215 ex
674 4158 878 4229 14,17
929 4158 1172 4233 petivit3
1218 4157 1289 4217 ef.
1337 4176 1503 4234 pron.
1556 4158 1660 4232 13,
1680 4158 1719 4216 8
1768 4160 1828 4217 et
1875 4161 2026 4234 synt.
2079 4160 2181 4234 49,
2203 4161 2392 4219 2—4.
2529 4182 2541 4194 ·
3206 4223 3216 4234 .

727 4245 930 4320 Supra
981 4247 1335 4306 ostendimus
1369 4248 1682 4320 primitiva
1724 4247 1880 4320 falso
1927 4242 2401 4322 ἀευνάρθου(
2446 4250 2589 4317 dici,
2649 4253 2791 4324 qm'a
2845 4243 3166 4332 (postposi-

559 4326 781 4416 tivum)
827 4336 1139 4395 artioabwm
1182 4337 1394 4409 ubique
1439 4354 1735 4396 assumere
1768 4342 2035 4411 possaemt.
2115 4336 2300 4398 Cuius
2343 4341 2431 4398 rei
2473 4339 2614 4399 haec
2651 4343 2733 4398 est
2765 4342 2933 4400 ratic.
3007 4337 3169 4400 Arti-

558 4425 705 4483 culis
747 4441 869 4483 non
913 4425 1365 4501 demonstrandi,
1413 4426 1515 4485 sed
1560 4425 1851 4499 referendi
1894 4428 1986 4485 vis
2029 4428 2194 4496 mest,
2229 4430 2541 4501 primitiia
2586 4432 2779 4489 autem
2823 4429 3170 4502 adhibentur

557 4513 636 4571 ad
686 4531 783 4573 res
837 4514 1355 4587 demonstrandas;
1418 4531 1601 4588 quare
1647 4516 1930 4576 animatus
1977 4518 2059 4575 eis
2100 4533 2222 4576 non
2255 4521 2647 4592 praeponitur
2706 4510 2878 4601 (quia
2923 4537 2992 4578 eo
3038 4519 3167 4578 loeo

558 4620 676 4661 non
720 4602 903 4662 habet
947 4602 1025 4662 ad
1070 4603 1230 4680 quod
1273 4595 1613 4684 referatur),
1658 4605 1760 4664 sed
1793 4606 2182 4679 postponitur,
2228 4611 2293 4665 at
2338 4608 2418 4667 ad
2453 4624 2777 4681 pronomen
2814 4609 2966 4682 quod
2990 4626 3169 4682 prae-

560 4692 705 4751 cedit
744 4692 1039 4766 referatwr
1088 4694 1399 4767 14,1-7».

740 4782 897 4857 14‚1
932 4800 1017 4858 sq.
1083 4783 1155 4841 cf.
1203 4781 1383 4842 Prisc.
1430 4782 1615 4842 XH8
1661 4802 1719 4860 p.
1760 4784 2208 4859 581,11—21.

741 4874 844 4945 14,
865 4873 897 4929 1
960 4867 1000 4945 ἡ
1058 4866 1156 4932 ἐπ’
1206 4868 1427 4932 αὐταῖς
1482 4871 1713 4947 κλῆειε,
1780 4872 1940 4950 quod
1997 4874 2411 4950 explicandum
2465 4893 2591 4935 esse
2650 4878 2851 4936 monet
2896 4875 3178 4954 Egenolff

536 4955 655 5059 ’ΠΙ
695 4960 848 5035 166,
912 4962 1002 5020 est
1056 4956 1293 5021 ‘nomen
1350 4954 1416 5045 (a
1461 4954 1840 5043 quibusdam)
1898 4964 1982 5022 eis
2039 4954 2474 5045 (personalibus
2521 4968 2582 5024 et
2626 4957 3000 5047 possessivis)
3062 4967 3143 5024 im
