3738 5530
1459 400 1834 453 AnvssRmA
1874 404 1949 454 m
1986 385 2099 454 [ff.
2952 405 3067 468 159

478 602 565 667 εἰς
609 602 1097 682 ἐπιρρηματικὴν
1145 604 1457 686 ςύνταξιν,
1506 609 1620 686 τὴν
1666 607 1897 686 φωνὴν
1941 610 2056 670 τοῦ
2094 605 2410 684 ὀνόματος
2441 606 2762 686 φυλάςςει,
2812 608 2902 672 ὡς
2937 609 3064 688 ἔχει

476 707 552 770 τὸ
597 704 779 783 εὐρύ,
838 705 913 768 τὸ
961 704 1251 788 ἀτρεκές,
1308 708 1383 771 τὸ
1429 708 1667 789 πυκνά,
1721 709 1796 772 τὸ
1842 707 2035 786 καλά,
2093 710 2167 772 τὸ
2214 707 2371 792 ἰδίᾳ,
2427 709 2504 772 τὸ
2550 708 2846 792 δημοςίᾳ,
2901 709 3066 774 ἄλλα

477 807 841 883 πάμπολλα.
920 807 973 889 ᾧ
1020 807 1196 890 λόγῳ
1244 808 1397 872 οὐδὲ
1442 809 1516 872 τὸ
1564 809 1912 890 <πάμπᾰν>
1961 808 2276 893 [πρόπαν]
2324 810 2724 888 ὠλιγώρηται
2756 813 2956 892 <κατά
2989 813 3065 876 τὸ

401 927 426 964 5
475 907 776 988 πρόπᾱν)
830 908 870 986 ἢ
916 907 1192 986 ςύμπᾶν·
1249 910 1441 973 πάλιν
1498 911 1621 988 γὰρ
1666 909 1798 975 ἀπὸ
1844 910 2225 989 ὀνοματικῆς
2272 912 2626 977 ςυντάξειυς
2671 912 2760 976 εἰς
2815 913 3066 991 ἐπιρρη-

478 1012 744 1089 ματικὴν
810 1009 1149 1090 ἐχώρηςεν.
1245 1011 1369 1075 ἔςτι
1433 1013 1509 1076 τὸ
1574 1015 1736 1093 πᾶν,
1804 1011 2050 1094 (ὅπερ)
2116 1012 2601 1093 μονοςύλλαβον
2667 1015 2779 1092 μὲν
2847 1015 2926 1080 ὂν
2992 1014 3063 1080 ἐν
3100 1032 3154 1097 5⁴

480 1112 718 1176 ἑκτάςει
763 1117 880 1176 τοῦ
927 1116 969 1176 ἆ
1013 1115 1210 1196 ἐςτίν,
1257 1114 1418 1192 ὑπὲρ
1464 1113 1609 1191 μίαν
1654 1118 1725 1179 δὲ
1772 1115 2088 1194 ςυλλαβὴν
2139 1115 2548 1197 καθεςτηκός,
2594 1113 2717 1179 εἴτε
2763 1116 2865 1180 καὶ
2908 1116 3068 1180 κατὰ

482 1214 764 1279 ςύνθεςιν
853 1214 979 1279 εἴτε
1059 1217 1159 1279 καὶ
1225 1216 1368 1279 κατ’
1439 1215 1761 1281 ἐντέλειαν
1825 1221 1943 1280 τοῦ
2011 1216 2429 1281 ἐλλείποντος
2492 1221 2561 1295 α,
2641 1218 2712 1281 ἐν
2780 1220 3065 1301 ςυςτολῇ,

379 1334 426 1371 ιο
479 1315 801 1396 ςύμπᾰν,
861 1318 1207 1402 πρόπᾶν,
1265 1318 1507 1382 ἅπᾶν·
1571 1317 1734 1397 ὅπερ
1791 1316 2171 1383 ἀνεδέδεκτο
2229 1319 2328 1382 καὶ
2382 1318 2459 1382 τὸ
2504 1317 2815 1398 ἐπίρρημα
2859 1318 2930 1383 ἐν
2976 1326 3066 1401 τῷ

473 1438 759 1494 παμπαν.

644 1520 717 1584 ‘O
764 1518 958 1584 αὐτὸς
1017 1522 1213 1598 λόγος
1257 1522 1885 1602 παρακουλουθήςει,
1947 1521 2035 1587 ὡς
2080 1522 2267 1586 ἕνεκά
2321 1541 2394 1597 γε
2452 1525 2569 1585 τοῦ
2613 1522 2842 1599 τόνου,
2903 1520 3067 1604 <ού>
3111 1542 3170 1588 ιο

479 1623 577 1684 καὶ
633 1622 736 1686 ἐπὶ
792 1625 909 1686 τοῦ
966 1622 1202 1705 ὠτᾶν,
1262 1628 1378 1703 τὴν
1435 1627 1549 1705 μὲν
1603 1624 1962 1704 μακρότητα
2004 1628 2122 1687 τοῦ
2167 1625 2209 1686 ἆ
2262 1624 2585 1704 φυλάξαν,
2643 1624 2723 1687 οὐ
2778 1625 2901 1702 μὴν
2952 1624 3068 1701 τὴν

479 1724 676 1789 τάςιν.
736 1725 834 1788 καὶ
864 1724 1008 1788 κατ’
1051 1723 1253 1791 ἄλλον
1287 1728 1357 1791 δὲ
1392 1727 1591 1802 λόγον
1622 1724 2000 1790 ἐπιςτάςειυς
2031 1725 2247 1804 ἔτυχε,
2296 1724 2454 1789 καθὸ
2486 1727 2740 1789 διτονεῑ.
2773 1761 2854 1810 -Ι
2888 1725 3066 1801 Γεγε-

379 1840 427 1880 15
478 1830 696 1903 νῆςθαι
727 1827 798 1888 δὲ
831 1824 892 1889 οἱ
922 1828 1038 1903 μὲν
1069 1829 1230 1907 παρ’
1260 1829 1573 1906 ἑταιρικὴν
1606 1828 1990 1908 ἐκφώνηςιν,
2037 1828 2124 1891 ὡς
2157 1827 2445 1904 Δίδυμος
2475 1824 2565 1911 (p.
2596 1825 2722 1890 403
2754 1824 3068 1906 Schmidt)

479 1927 637 2006 ἔφη,
671 1927 770 1991 καὶ
792 1930 1269 2008 παραλαμβάνει
1300 1930 1458 1993 αὐτὸ
1490 1931 1665 2007 παρὰ
1693 1931 1769 1993 τὸ
1800 1928 1944 2007 ἔτης
1975 1930 2131 2009 μετὰ
2160 1929 2386 2007 μορίου
2415 1931 2532 1992 τοῦ
2565 1925 2619 1989 ὦ
2643 1930 2958 2006 κλητικοῦ.
2996 1964 3067 1973 -·-

477 2029 657 2108 Πρὸς
689 2028 769 2093 ὅν
803 2051 955 2108 φηςι
985 2030 1271 2110 Τρύφων
1303 2031 1393 2114 (p.
1424 2030 1509 2094 49
1540 2029 1824 2112 Velsen)‚
1858 2032 1950 2095 ὡς
1994 2032 2075 2095 τὰ
2116 2033 2225 2108 τῆς
2273 2032 2561 2108 κλητικῆς
2593 2029 2672 2094 οὐ
2704 2030 3034 2120 καταςταίη
3054 2052 3067 2065 ·
3112 2052 3171 2098 15

480 2131 679 2210 βραχὺ
711 2133 833 2210 γὰρ
864 2133 969 2196 καὶ
999 2133 1157 2210 βαρὺ
1185 2133 1262 2197 τὸ
1295 2136 1336 2197 ἃ
1359 2132 1631 2214 ἀπαιτεῖ,
1664 2131 1878 2210 ὥςπερ
1909 2132 2119 2213 καὶτῷ
2147 2132 2354 2208 δώτης
2377 2133 2452 2195 τὸ
2478 2135 2650 2196 δῶτα
2677 2131 3068 2214 παράκειται,

377 2247 427 2286 20
480 2230 671 2310 θύτης
712 2237 886 2297 θῦτα.
963 2232 1157 2297 αὐτός
1198 2254 1270 2309 γε
1315 2237 1436 2313 μήν
1480 2254 1700 2314 φηςιν,
1749 2235 1840 2298 ὼς
1867 2233 1946 2296 τὸ
1979 2231 2031 2294 ὦ
2064 2233 2290 2311 μόριον
2321 2232 2664 2298 ἐπεκταθὲν
2699 2234 2804 2297 διὰ
2831 2239 2948 2298 τοῦ
2990 2238 3072 2297 τᾶ

481 2333 763 2398 ἐποιεῖτο
809 2336 913 2398 καὶ
956 2337 1250 2413 κλητικὸν
1297 2336 1674 2416 ἐπίφθεγμα,
1724 2336 1942 2400 καθότι
1986 2336 2090 2399 καὶ
2131 2341 2224 2417 τῷ
2268 2334 2346 2412 δή
2390 2335 2466 2398 τὸ
2510 2338 2668 2412 δῆτα
2698 2336 3067 2415 παρέκειτο·

485 2435 588 2499 καὶ
630 2436 736 2499 διὰ
778 2437 893 2511 τὴν
939 2435 1329 2517 ἀντέμφαςιν
1373 2439 1492 2516 τὴν
1536 2439 1698 2516 πρὸς
1743 2440 1823 2502 τὰ
1868 2436 2004 2501 ὦτα
2043 2438 2118 2502 τὸ
2152 2441 2189 2500 ν
2220 2436 2696 2514 προςεληλύθει.
2729 2473 2810 2482 -
2841 2437 3069 2516 Δῆλον

480 2539 551 2599 δὲ
609 2535 707 2600 ὅτι
753 2537 909 2600 οὐδὲ
954 2537 1152 2603 αὐτὸς
1196 2539 1566 2618 κατέςτηςεν
1613 2538 1763 2603 οὔτε
1808 2540 1952 2619 περὶ
2010 2539 2253 2618 χρόνου
2313 2536 2465 2601 οὔτε
2509 2539 2655 2615 περὶ
2696 2538 2912 2604 τόνου.
2988 2540 3068 2603 οὐ
3106 2557 3172 2602 20

381 2652 432 2691 25
485 2638 610 2716 γὰρ
655 2639 803 2716 περὶ
846 2641 1347 2718 ςυςτελλομένου
1391 2645 1506 2705 τοῦ
1551 2639 1726 2706 ὦτᾰν
1768 2640 1807 2718 ἡ
1853 2641 2115 2722 ζήτηςις,
2159 2641 2307 2719 περὶ
2340 2641 2411 2704 δὲ
2440 2643 2560 2704 τοῦ
2591 2640 3070 2722 <ἐκ>τείνοντος

478 2738 553 2803 τὸ
607 2741 647 2803 ἆ
693 2741 795 2804 καὶ
836 2741 981 2820 περὶ
1025 2746 1139 2807 τοῦ
1183 2747 1615 2810 διτονοῦντος.
1693 2749 1832 2808 πῶς
1894 2745 1965 2807 δὲ
2012 2742 2091 2808 ού
2143 2743 2406 2818 γέλοιον
2452 2740 2744 2806 αἰτεῖςθαι
2799 2742 2906 2808 διὰ
2956 2743 3070 2810 τὰς

479 2843 942 2918 ςυνεμπτώςεις
981 2847 1349 2923 προςθὲςεις
1382 2846 1749 2925 ςυμφώνιυν
1791 2845 1831 2923 ἢ
1864 2843 2246 2927 ἀφαιρέςεις,
2290 2844 2400 2908 ὅτε
2442 2846 2669 2922 ςχεδὸν
2700 2847 2868 2909 πᾶςα
2908 2847 3070 2910 λέξις

361 2950 366 2954 ’
478 2942 596 3007 ὑπ’
655 2943 1022 3025 ἀμφίβολον
1077 2946 1318 3028 πίπτει,
1372 2949 1472 3012 καὶ
1530 2948 1610 3012 οὐ
1666 2947 1930 3013 πάντως
1987 2948 2093 3010 διὰ
2145 2947 2258 3011 τὰς
2315 2945 2627 3011 ςυνούςας
2686 2945 3070 3027 ἀμφιβολίας

375 3059 427 3097 3ο
478 3048 576 3109 δεῖ
619 3046 1002 3123 προςνέμειν
1046 3049 1086 3126 ἢ
1131 3046 1434 3127 ἀφαιρεῖν
1480 3050 1791 3130 ςύμφωνα
1834 3049 1873 3126 ἢ
1919 3048 2281 3127 φωνήεντα.
2357 3048 2513 3111 οὐδὲ
2566 3049 2691 3126 γὰρ
2744 3047 3068 3129 αἰτηςάμε·
3105 3068 3173 3115 25

479 3166 592 3211 νος
635 3147 710 3211 τὸ
755 3148 835 3225 μὴ
883 3149 1221 3227 διδόμενον
1267 3151 1595 3228 κατέςτηςε
1638 3152 1713 3214 τὸ
1760 3149 2089 3229 ἐπίρρημα.
2139 3186 2220 3195 —-
2265 3150 2463 3213 Ἔνιοι
2507 3150 2622 3227 μὲν
2670 3147 2789 3215 οὖν
2830 3149 3070 3216 ἀξιοῦςι

479 3249 554 3311 τὸ
600 3247 771 3314 ὠτᾶν
815 3249 1289 3330 Δωρικώτερον
1335 3251 1500 3317 εἶναι
1556 3255 1809 3329 γενικῆς
1853 3255 2303 3332 πληθυντικῆς,
2362 3251 2719 3329 νοουμένης
2778 3251 2884 3316 ἐπὶ
2939 3260 3070 3319 τῶν

344 3361 444 3409 570
482 3351 806 3432 ςυνήθων,
866 3351 956 3412 ὼς
1012 3350 1071 3416 εἴ
1117 3373 1210 3417 τις
1266 3352 1437 3417 εἴποι
1491 3352 1545 3417 ὦ
1598 3357 1732 3418 τῶν
1790 3353 2095 3432 ἑταίρων,
2153 3352 2205 3415 ὦ
2253 3357 2385 3417 τῶν
2431 3353 2673 3432 φίλων,
2734 3354 3071 3433 λειπούςης

482 3488 885 3496 ..ὴ-*ῥυ-

622 3580 836 3632 Anava.
911 3582 975 3629 13
1019 3576 1197 3629 Ὦτᾶν
1232 3572 1506 3641 Didymus
1551 3573 1753 3626 statuit
1798 3571 2045 3627 derivari
2089 3572 2160 3625 ab
2197 3573 2327 3637 ἐτης
2365 3575 2425 3624 et
2460 3571 2506 3624 ὦ
2544 3571 2959 3634 interiectione3
3004 3602 3070 3611 --

490 3667 550 3713 15
598 3659 828 3731 Trypho
875 3662 947 3714 ab
985 3661 1032 3712 ὦ
1071 3658 1460 3713 interiectione
1497 3664 1568 3712 τα
1604 3656 1824 3725 syllaba
1859 3657 2106 3720 adiecta3
2154 3656 2253 3710 alii
2299 3654 2551 3708 doricum
2586 3656 2911 3725 genetivum
2949 3672 3069 3710 esse

488 3745 785 3813 perhibent
819 3746 1000 3813 (ἑτᾶν)
1039 3762 1165 3798 oum
1203 3744 1250 3795 ὦ
1286 3742 1674 3796 interiectione
1712 3742 2089 3795 coniunctum.

489 3870 889 3880 ——.—.-...---—-

624 3949 840 4004 Tnnrm.
917 3955 976 4003 17
1016 3948 1082 4003 cf.
1109 3946 1278 4001 schoL
1303 3945 1447 4002 Plat.
1475 3945 1639 4015 Apol.
1665 3952 1729 4000 25
1754 3962 1802 4003 ο.
1855 3943 1943 3999 Et„
1968 3945 2042 3999 M.
2062 3951 2189 4012 825,
2224 3950 2298 4000 18.
2335 3974 2400 3983 —
2437 3951 2500 3999 27
2525 3945 2595 4000 cf.
2618 3945 2710 4002 Et.
2739 3945 2812 3999 Μ.
2837 3952 2962 4006 825,
2989 3951 3070 3999 21.

622 4136 818 4190 stcn.
867 4155 1073 4189 sempr.
1139 4142 1170 4189 3
1205 4134 1386 4188 locum
1423 4132 1673 4186 restituit
1697 4130 1946 4197 KLehrs,
1983 4132 2117 4186 οὐδὲ
2153 4135 2223 4186 τὸ
2258 4135 2489 4200 πρόπαν
2526 4133 2885 4199 ὠλιγώρηται
2923 4134 3072 4197 (ωλι-

488 4237 717 4289 γορηται
755 4224 821 4289 Α)
859 4224 893 4287 ἢ
934 4223 1156 4286 ςύμπαν
1196 4219 1285 4272 ΑΙ)
1338 4219 1348 4286 Ι
1413 4223 1460 4271 ὅ.
1497 4220 1610 4271 ἔςτι
1645 4218 1716 4271 τὸ
1753 4221 1896 4284 πᾶν,
1933 4218 2077 4284 ὅπερ
2112 4215 2360 4282 ΚΕοΙιτε,
2409 4219 2490 4271 ἐτι
2526 4218 2595 4271 τὸ
2633 4221 2747 4270 πᾶν
2785 4219 2826 4271 Α
2854 4216 2890 4269 b
2943 4228 2952 4284 ι
3005 4235 3072 4271 ον

488 4322 656 4373 supra
698 4305 795 4358 lin.
838 4307 879 4358 Α
945 4308 954 4370 Ι
1019 4310 1066 4358 6.
1106 4304 1404 4371 ςυλλαβὴν]
1453 4301 1552 4356 fol.
1601 4308 1697 4356 130
1722 4319 1764 4359 ι·.
1825 4304 1833 4368 Ι
1904 4307 1952 4354 7.
1997 4305 2411 4357 κατέντελειαν
2457 4318 2576 4356 esse
2620 4301 2677 4354 in
2715 4302 2759 4354 Α
2797 4300 3072 4367 cernitur,

490 4393 901 4444 κατέυτελειαν
939 4389 1015 4454 L,
1053 4435 1064 4446 .
1105 4430 1117 4443 .
1155 4430 1166 4442 .
1204 4405 1324 4442 ειαν
1361 4388 1424 4453 b,
1461 4391 1587 4441 κατ’
1620 4388 1908 4441 ἑντέλειαν
1945 4386 2034 4440 vel
2073 4389 2213 4441 κατὰ
2249 4388 2532 4441 ἐντέλειαν
2567 4386 2894 4440 coniectura
2927 4401 3073 4439 asse-

489 4472 604 4527 cuti
647 4475 780 4528 sunt
813 4473 1036 4528 KLehrs
1072 4472 1548 4538 GFSchoemann,
1598 4473 1733 4525 κατ’
1776 4473 1997 4525 ἔνδειαν
2034 4469 2431 4537 CJBlomfield‚
2481 4473 2622 4525 κατὰ
2659 4473 2945 4538 ςυνέχειαν
2983 4470 3074 4524 vel

489 4559 782 4612 ςυνὲπειαν
794 4557 1150 4612 OSchneider
1172 4559 1178 4625 Ι
1200 4562 1304 4611 τοῦ
1326 4558 1603 4623 λήγοντος
1625 4572 1725 4624 pro
1745 4561 1847 4610 τοῦ
1871 4555 2233 4611 ἐλλείποντος
2248 4554 2624 4624 OSchneider¹
2650 4557 3072 4619 10-11.τόνου,

488 4644 554 4696 οὺ
593 4647 680 4697 και
716 4641 1096 4709 RSchneider,
1136 4644 1338 4704 τόνου,
1376 4644 1464 4694 καὶ
1503 4641 1595 4694 Ab
1631 4640 1687 4694 in
1724 4642 1914 4705 textu,
1962 4640 2239 4693 ‘Fortasse
2277 4642 2510 4708 χρόνου,
2548 4643 2639 4693 καὶ
2675 4642 2769 4694 ἐπὶ
2803 4642 2875 4693 τὸ
2913 4640 3071 4695 ὡτᾶν

486 4729 554 4782 τὸ
589 4730 716 4795 ‘mv'
757 4728 793 4781 b
831 4729 900 4794 iu,
923 4744 1036 4781 var.
1075 4726 1225 4793 lech,
1260 4730 1364 4779 τοῦ
1408 4727 1594 4780 τύπου
1629 4741 1732 4794 pro
1767 4730 1872 4780 τοῦ
1907 4727 2081 4779 τόνου
2115 4727 2282 4780 scribi
2317 4726 2442 4780 vult
2475 4725 2753 4780 GDronke
2790 4728 2907 4793 111.
2935 4728 3072 4793 ἐφύ-

488 4815 651 4867 λαξεν
687 4829 787 4881 pro
824 4814 1079 4880 φυλάξαν
1116 4810 1395 4865 GDronke
1448 4813 1457 4877 Ι
1510 4817 1588 4864 15.
1627 4814 1874 4879 κλιτικης
1913 4814 1955 4864 Α
2002 4814 2010 4881 Ι
2062 4818 2141 4870 18.
2177 4813 2372 4866 καθότι
2409 4811 2473 4878 Β,
2511 4821 2601 4865 και
2638 4828 2723 4865 οτι
2761 4813 2805 4865 Α
2847 4815 2856 4881 Ι
2898 4817 2980 4867 21.
3007 4813 3070 4866 ἐκ

487 4896 617 4955 add.
657 4897 695 4951 b
726 4903 734 4963 Ι
764 4904 845 4952 24.
881 4915 960 4953 υπ
995 4900 1068 4966 Α,
1106 4898 1220 4952 ὑπὸ
1254 4895 1291 4950 b
1322 4898 1332 4964 Ι
1362 4899 1445 4951 28.
1480 4899 1748 4965 λιπουςης
1787 4897 1828 4950 Α
