3738 5530
498 430 507 441 ἱ
610 352 745 410 VIII
1687 361 2123 418 PRAEFATIO.

608 526 946 591 memoires
991 547 1099 591 sur
1144 526 1475 593 differents
1522 529 1912 593 Manuscrits
1958 530 2158 594 Grecs
2202 553 2261 615 p.
2303 531 2426 613 8¹).
2515 530 3044 609 Membranaceus
3089 536 3205 612 est,

613 628 866 694 saeculo
911 628 1189 712 scriptus
1234 629 1608 695 duodecimo
1623 631 1677 715 2)
1733 631 1803 694 in
1847 631 2020 696 foliis
2069 632 2191 696 194
2246 633 2781 717 quadruplicatiS,
2841 637 3204 699 atramento

611 736 676 795 et
718 752 943 815 parum
998 731 1189 815 nigro
1246 734 1312 796 et
1353 732 1686 816 permultis
1747 733 1904 797 locis
1949 734 2256 816 evanido,
2321 735 2785 820 compendiatis
2840 735 3211 821 plerumque

612 833 911 898 extremis
957 833 1278 917 versibus,
1324 834 1693 899 accentibus
1736 856 1939 918 prope
1984 835 2211 918 nullis,
2258 837 2561 902 membris
2593 838 2899 903 orationis
2945 843 3010 903 et
3053 839 3209 923 ipsis

611 935 873 999 vocibus
929 955 1074 999 raro
1132 935 1506 1002 distinctis..
1584 934 1895 1000 Continet
1948 936 2004 1000 is
2047 937 2383 1021 Apollonii
2437 943 2503 1002 et
2557 938 2761 1004 editos
2816 942 3089 1024 quatuor
3132 939 3209 1003 de

611 1035 883 1118 Syntaxi
926 1036 1126 1101 libros
1173 1041 1239 1102 et
1280 1037 1559 1102 ineditos
1605 1038 1799 1103 libros
1843 1042 1993 1104 tres.
2070 1038 2250 1103 Editi
2289 1038 2445 1104 folia
2472 1039 2746 1123 implent-
2773 1040 2886 1123 923
2928 1041 3205 1105 truncati

610 1141 820 1202 autem
878 1142 1032 1202 sunt
1084 1138 1272 1203 initio
1338 1143 1528 1224 atque
1584 1140 1698 1222 iis,
1766 1161 1927 1223 quae
1983 1141 2151 1224 apud
2205 1139 2618 1226 Sylburgium
2685 1141 2990 1226 leguntur
3041 1142 3210 1205 inter

611 1260 795 1304 voces
826 1241 1493 1322 παραλαμβανόμενον
1540 1264 1601 1326 p.
1645 1242 1731 1306 22
1777 1263 1835 1305 ν.
1884 1242 1924 1307 3
1966 1246 2030 1306 et
2068 1243 2106 1307 ὁ
2141 1244 2423 1325 Τρύφων
2468 1265 2531 1327 Ρ.
2565 1243 2647 1307 72
2677 1264 2734 1308 ν.
2765 1243 2880 1327 3ος
2928 1246 3209 1307 ceterum

609 1345 796 1406 tanta
850 1342 1203 1425 scripturae
1267 1345 1332 1407 et
1390 1344 1677 1408 bonitate
1732 1349 1799 1409 et
1849 1344 2260 1428 integritate,
2328 1366 2489 1428 quae
2544 1349 2822 1429 praestet
2888 1345 3203 1423 omnibus,

610 1443 719 1526 qui
766 1443 972 1507 adhuc
1016 1443 1467 1528 innotuerunt,
1515 1466 1732 1510 eorum
1765 1445 2071 1511 librorum
2105 1445 2450 1511 codicibus.
2539 1446 2935 1512 Ineditorum
2965 1447 3207 1531 primus

610 1548 708 1609 est
752 1545 830 1609 de
862 1544 1464 1631 ConiunctionibuS,
1509 1547 1844 1611 lacunosus
1877 1548 1986 1612 ille
2019 1548 2191 1612 circa
2220 1548 2475 1612 initium
2495 1597 2510 1627 ‚
2559 1551 2624 1612 et
2654 1549 3068 1614 interioribus
3098 1571 3206 1634 pa-

610 1647 814 1731 ginis,
875 1646 1026 1711 inde
1071 1670 1109 1710 a
1152 1647 1309 1712 folio
1354 1650 1437 1713 95
1479 1648 1738 1713 madore
1784 1650 2132 1733 corruptis3
2192 1671 2355 1735 quae
2400 1649 2613 1714 clades
2658 1651 2918 1715 secundi
2963 1671 3212 1735 quoque

610 1748 916 1812 maiorem
962 1754 1209 1833 partem
1256 1750 1515 1814 afflixit:
1575 1753 1673 1815 est
1715 1751 1769 1815 is
1815 1751 1893 1816 de
1938 1750 2329 1815 Adverbiis.»
2419 1750 2540 1815 His
2584 1752 2896 1837 quaedam
2943 1774 3059 1816 nos
3104 1752 3209 1815 ad-

610 1851 875 1915 iecimus
919 1852 991 1914 in
1034 1850 1380 1935 scriptione
1424 1851 1806 1917 scholastica
1838 1851 2144 1918 Coloniae
2189 1874 2247 1915 a.
2281 1851 2527 1917 LXVII
2571 1853 2769 1939 edita;
2815 1875 2977 1938 quae
3022 1857 3210 1933 aucta

616 1954 741 2017 iam
787 1960 855 2017 et
897 1974 974 2017 ex
1019 1956 1200 2037 parte
1249 1958 1536 2019 correcta
1575 1958 1860 2038 repetere
1906 1953 2081 2018 libet.

783 2057 882 2119 Ac
923 2055 1198 2140 primum
1245 2054 1498 2140 quidem
1542 2056 1892 2120 tenendum
1925 2059 2050 2136 est,
2099 2055 2265 2141 quod
2295 2056 2622 2122 verissime
2653 2058 2902 2122 monuit
2932 2056 3210 2139 Bekker,

612 2161 863 2223 tantam
908 2178 1045 2221 esse
1098 2158 1168 2220 in
1213 2156 1305 2221 eis
1320 2206 1338 2239 ‚
1405 2179 1567 2240 quae
1612 2179 1840 2223 manus
1895 2157 2102 2242 prima
2166 2156 2285 2244 (A,
2332 2158 2466 2241 vel,
2522 2164 2597 2224 ut
2652 2160 2734 2223 ab
2796 2159 2937 2223 aliis
2983 2159 3212 2223 distin-

611 2263 876 2346 guatur,
922 2261 1040 2344 A¹)
1086 2260 1403 2340 exaravit,
1452 2259 1802 2343 scripturae
1850 2259 2208 2324 bonitatem
2239 2262 2304 2324 et
2336 2261 2799 2345 constantiam,
2844 2265 2917 2325 ut
2956 2265 3214 2346 praeter

493 2356 501 2365 ’
614 2383 720 2427 eos
767 2362 934 2425 locos
947 2410 966 2444 ,
1022 2361 1129 2446 qui
1187 2361 1287 2425 vel
1333 2362 1591 2425 madore
1636 2361 1921 2445 corrupti
1980 2360 2080 2426 vel
2122 2361 2382 2426 vocibus
2426 2362 2623 2427 erasis
2669 2364 3056 2447 mutatisque
3101 2363 3212 2428 ob-

612 2463 854 2528 scurati
912 2467 1092 2546 sunt,
1150 2463 1301 2547 quid
1359 2464 1645 2548 legatur,
1706 2462 1982 2527 dubitari
2039 2464 2304 2529 omnino
2360 2486 2492 2528 non
2538 2466 2758 2548 possit.
2877 2464 3000 2530 Sed
3045 2465 3214 2529 mala

614 2566 954 2629 sedulitate
985 2569 1446 2648 correctorum,
1492 2564 1599 2650 qui
1634 2568 1700 2629 et
1728 2564 1932 2629 multa
1960 2569 2292 2630 eraserunt
2336 2569 2401 2631 et
2445 2571 2749 2632 accentus
2795 2568 2981 2652 signa
3024 2571 3214 2652 atque

614 2669 1188 2751 interpretamenta
1244 2668 1703 2751 appinxerunt,
1763 2666 2007 2731 factum
2055 2671 2179 2750 est,
2239 2671 2312 2731 ut
2366 2669 2645 2752 optimus
2689 2669 2797 2732 ille
2844 2669 3042 2733 codex
3090 2669 3212 2732 «in-

614 2771 787 2855 signi
830 2770 1182 2853 scripturae
1225 2769 1610 2834 difficultate
1651 2770 1968 2834 famosus»
2026 2791 2163 2833 esse
2208 2773 2274 2834 et
2319 2775 2688 2834 «veteranos
2746 2771 3034 2834 codicum
3079 2769 3211 2833 hel-

615 2872 839 2936 luones
895 2870 1304 2935 deterruisse»
1367 2871 1702 2935 diceretur.
1760 2935 1765 2940 .
1813 2871 2116 2952 Accedit,
2176 2870 2340 2954 quod
2411 2872 2832 2955 neglegenter
2886 2892 3022 2935 rem
3079 2872 3212 2954 egit
3313 2887 3318 2896 ‘

616 2973 998 3058 bibliopega.
1088 2971 1255 3036 Nam
1300 2973 1353 3036 is
1399 2976 1464 3036 et
1507 2976 1751 3056 septem
1797 2975 2083 3035 extrema
2127 2971 2277 3034 libri
2320 2970 2397 3034 de
2444 2971 2756 3036 adverbiis
2802 2971 2962 3036 folia
3011 2972 3215 3036 177-

621 3076 741 3140 183
790 3079 880 3158 (p.
933 3074 1072 3156 194,
1124 3076 1196 3140 17
1243 3074 1469 3154 τηλόεε
1515 3111 1589 3121 -
1623 3072 1776 3155 210)
1836 3093 1980 3137 cum
2035 3072 2243 3155 primo
2297 3071 2444 3136 libri
2499 3072 2576 3136 de
2619 3074 2999 3157 pronomine
3056 3072 3212 3136 folio

622 3177 744 3240 184
789 3180 875 3259 (p.
922 3178 984 3257 3,
1037 3180 1063 3238 l
1115 3177 1562 3242 Ἀπολλωνίου
1609 3211 1688 3222 -—
1733 3175 1793 3257 5,
1844 3173 1923 3237 16
1970 3173 2310 3259 ἔξαρθρον)
2365 3177 2511 3256 post
2551 3174 2665 3239 fol.
2720 3174 2839 3239 176
2887 3176 2977 3258 (p.
3028 3174 3129 3257 88,
3175 3176 3215 3236 2

618 3279 896 3363 ὠξύνθη)
940 3278 1238 3360 inseruit,
1287 3282 1352 3341 et
1391 3299 1551 3360 quae
1594 3276 1763 3340 infra
1803 3275 2073 3340 scribam
2118 3273 2274 3338 folia
2306 3274 2397 3338 ita
2424 3276 2853 3360 transposuit,
2900 3279 2973 3339 ut
3002 3276 3214 3340 sedem

619 3383 1041 3444 commutaret
1085 3379 1193 3447 fol.
1240 3380 1283 3442 4
1329 3381 1526 3461 (synt.
1575 3402 1635 3463 p.
1684 3379 1742 3462 8,
1794 3376 1871 3440 16
1916 3377 1986 3441 ἐν
2036 3378 2283 3459 βήεεῃει
2347 3414 2413 3423 -
2472 3378 2569 3459 10,
2616 3378 2699 3441 22
2746 3377 2845 3442 ἐπ’
2890 3379 3112 3443 ἄλλων
3145 3378 3214 3462 b)

621 3505 764 3545 cnm
807 3480 923 3546 fol.
968 3481 1009 3544 3
1065 3479 1262 3566 (synt.
1312 3503 1373 3564 p.
1421 3482 1483 3560 6,
1536 3480 1615 3543 14
1658 3481 1737 3558 ὃ’ς
1782 3501 1863 3544 κα
1907 3516 1989 3526 -
2035 3478 2093 3556 8,
2145 3478 2223 3541 16
2268 3478 2588 3565 εὕρομεν),
2649 3479 2761 3574 fol.
2807 3481 2849 3545 5
2905 3480 3103 3564 (synt.
3151 3502 3212 3562 p.

626 3585 723 3663 10,
769 3584 854 3647 22
898 3584 1214 3649 πλείετων
1258 3619 1340 3629 -
1392 3582 1486 3664 12,
1533 3581 1615 3647 25
1660 3583 1979 3669 ὀνόματα)
2037 3606 2181 3649 cum
2224 3583 2335 3647 fol.
2383 3582 2423 3645 6
2481 3585 2675 3664 (synt.
2729 3582 2824 3664 12,
2869 3581 2952 3647 25
2999 3583 3089 3647 ὡς
3134 3582 3214 3648 ἂν

626 3724 695 3734 -
751 3686 848 3768 14,
892 3685 970 3748 21
1019 3685 1086 3749 αἵ
1128 3687 1303 3766 περ),
1346 3683 1453 3747 fol.
1501 3683 1580 3747 97
1630 3685 1823 3765 (coni.
1868 3685 2017 3768 219,
2059 3685 2142 3749 26
2186 3687 2442 3762 γένοιτο
2488 3720 2570 3730 —-
2613 3683 2760 3766 222,
2790 3685 2833 3746 4
2877 3688 3206 3762 παραλαμ-

623 3787 915 3870 βάνοιτο)
979 3806 1123 3848 cum
1178 3785 1291 3849 fol.
1349 3785 1430 3849 98
1491 3785 1687 3868 (coni.
1748 3786 1894 3866 222,
1939 3789 1984 3850 4
2048 3789 2213 3853 ἐςτιν
2257 3789 2296 3866 ἢ
2346 3823 2421 3832 -—-
2470 3784 2614 3864 224,
2669 3785 2743 3848 13
2803 3785 3077 3866 φαμέν);
3144 3785 3214 3846 in

621 3889 834 3953 codice
888 3893 1038 3971 post
1080 3886 1188 3951 fol.
1235 3887 1317 3951 98
1362 3888 1647 3970 sequitur
1689 3887 1797 3955 fol.
1847 3888 1972 3953 100
2018 3888 2191 3972 (224,
2241 3887 2320 3951 14
2364 3887 2531 3951 ἀλλὰ
2575 3887 2770 3952 πάλιν
2815 3923 2893 3934 -
2943 3885 3089 3968 226,
3134 3887 3218 3949 25

622 3989 1127 4072 διαπορητικήν).
1218 3987 1392 4063 Quae
1437 3989 1653 4052 omnia
1694 3990 1890 4053 tacite
1920 3990 1987 4054 in
2021 3989 2310 4054 ordinem
2355 3987 2607 4071 redegit
2640 3986 2907 4051 Bekker.
2986 3985 3218 4061 Quam—

621 4113 814 4176 quam
860 4090 993 4154 noli
1037 4090 1305 4155 nimium
1349 4090 1662 4174 imputare
1697 4090 2120 4175 bibliopegae.
2197 4090 2420 4155 Falsus
2452 4089 2624 4153 enim
2656 4092 2754 4153 est
2784 4087 3216 4167 OSchneider‚

622 4215 764 4258 cum
810 4192 931 4256 sibi
977 4191 1390 4275 persuaderet
1434 4191 1627 4278 (MuS.
1675 4191 1878 4258 Rhen.
1911 4192 2006 4257 ΙΙΙ
2056 4216 2115 4277 p.
2147 4193 2337 4278 454),
2384 4191 2560 4255 illam
2607 4190 2754 4254 libri
2801 4190 2878 4255 de
2921 4189 3220 4254 adverbio

762 4487 812 4550 1)
870 4481 949 4536 Cf.
998 4481 1135 4535 Bast
1188 4480 1262 4534 ad
1308 4480 1474 4550 Greg.
1523 4478 1646 4538 Cor.
1693 4498 1751 4549 p.
1801 4486 1886 4535 84.
1963 4478 2118 4534 Wolf
2156 4480 2338 4534 Praef.
2382 4481 2455 4534 ad
2503 4479 2686 4547 Apoll.
2736 4477 2805 4531 de
2851 4493 3009 4547 pron.
3057 4496 3109 4546 p.
3149 4478 3216 4532 V.

627 4568 931 4630 Buttmann
966 4582 1051 4634 gr.
1087 4583 1172 4635 gr.
1210 4583 1356 4621 max.
1395 4572 1426 4632 ξ
1465 4572 1556 4633 72,
1597 4574 1628 4621 3
1664 4566 1779 4619 not.

760 4655 813 4720 2)
852 4651 942 4706 Sic
978 4651 1218 4705 correxit
1240 4650 1465 4704 Bekker
1498 4651 1557 4704 in
1591 4650 1775 4706 indice
1810 4650 2143 4705 mendorum
2180 4648 2252 4704 ad
2289 4649 2492 4704 librum
2532 4648 2600 4702 de
2626 4647 2954 4715 pronomine
2980 4647 3216 4710 adiecto,

626 4755 752 4790 cum
779 4739 947 4791 antea
971 4736 1203 4805 «quarto
1228 4734 1476 4789 decimo»
1501 4736 1797 4806 posuisset,
1835 4736 2076 4800 secutus,
2102 4731 2161 4787 ni
2183 4732 2371 4799 fallor,
2395 4733 2792 4788 auctoritatem
2817 4732 3222 4786 conservatoris

627 4819 916 4876 cuiusdam
952 4819 1329 4876 bibliothecae
1364 4819 1714 4886 Parisiensis‚
1752 4819 1849 4887 qui
1882 4818 1940 4872 in
1976 4817 2160 4889 primo
2197 4816 2404 4872 codicis
2439 4816 2572 4871 folio
2607 4816 2714 4870 hoc
2750 4815 3062 4886 adscripsit.
