3738 5530
592 300 722 365 264
982 302 1491 355 ARGVMENTVM
1527 303 1727 355 LIBRI
1766 303 1892 367 Qvl
1931 301 2067 355 EST
2103 302 2203 354 DE
2241 302 2803 356 CONIVNCTIONE.

733 477 783 525 3.
822 470 904 525 De
941 471 1225 525 disertivis
1259 470 1373 540 (vel
1409 469 1683 538 eleotivis)
1721 487 1774 539 p.
1813 477 1933 536 220,
1975 477 2229 538 23-223,
2268 477 2353 526 22.

823 573 875 613 a.
914 555 1050 622 quid
1087 556 1405 625 significent
1437 574 1492 626 p.
1530 561 1647 618 220,
1685 561 1940 628 23-221,
1976 562 2058 611 26.

820 642 874 695 b.
911 644 946 707 ἤ
995 658 1106 696 11611
1150 642 1341 711 potest
1391 642 1519 695 ideo
1576 641 1761 695 eidem
1807 640 2078 696 orationis
2123 642 2274 710 parti
2317 641 2491 696 tribui
2536 644 2706 709 atque
2751 645 2820 697 οὔ
2867 643 3195 698 adverbium

737 729 742 732 ’
915 726 1267 795 negativum,
1307 726 1458 793 quod
1495 730 1581 780 est
1619 725 1717 779 ubi
1753 742 1881 780 cum
1918 726 2027 780 hoc
2063 727 2441 781 commutetur
2474 745 2529 797 p.
2565 733 2686 796 222,
2728 734 2911 782 1-23,

815 826 860 863 6.
911 813 945 878 ἦ
991 809 1392 865 disiunctivum
1440 812 1512 865 ab
1550 814 1584 878 ἦ
1645 810 2086 865 subdisiunctivo
2131 812 2192 865 et
2236 808 2501 866 disertivo
2538 812 2845 866 secernitur
2879 830 2935 882 p.
2972 818 3090 881 222,
3130 819 3196 867 24

918 901 1106 960 -223,
1143 901 1226 950 22.

737 988 785 1033 4.
822 979 908 1033 De
946 979 1277 1035 dubitativis
1316 980 1430 1045 (vel
1463 981 1909 1051 interrogativis)
1944 1000 1998 1052 p.
2039 989 2156 1048 223,
2195 987 2446 1047 24-231,
2484 989 2532 1037 3.

815 1080 865 1122 a.
904 1067 1049 1132 Ἆρα
1106 1066 1192 1119 est
1238 1065 1468 1120 dialecti
1513 1068 1822 1121 communis
1866 1070 1926 1122 et
1969 1067 2205 1132 atticae,
2258 1071 2575 1122 ceterarum
2623 1067 2732 1134 ἦρα
2778 1084 2834 1136 p.
2880 1073 3010 1133 223,
3059 1074 3189 1122 24-

925 1155 1049 1216 224,
1088 1157 1147 1215 3,
1194 1154 1230 1218 ἤ
1267 1152 1412 1205 sitne
1458 1163 1526 1206 ex
1571 1153 1685 1220 ἦρα
1727 1152 1969 1219 factum,
2018 1150 2308 1219 quaeritur
2352 1168 2405 1220 p.
2443 1158 2570 1217 224,
2605 1157 2832 1218 4-225,
2871 1157 2927 1217 7;
2974 1152 3083 1219 ἄρα
3128 1168 3196 1205 ex

932 1234 1419 1290 coniunctionibus
1472 1252 1587 1290 non
1633 1242 1720 1289 est
1764 1236 2121 1292 eximendum
2176 1254 2230 1306 p.
2280 1242 2404 1302 225,
2441 1242 2668 1303 8-226,
2717 1242 2800 1302 153
2852 1237 2981 1290 sunt
3025 1236 3196 1290 etiam

921 1319 1020 1386 qui
1074 1322 1357 1389 censeant,
1416 1322 1524 1389 ἆρα
1569 1321 1794 1375 tantum
1840 1321 1914 1375 ad
1960 1322 2278 1391 augendam
2322 1321 2711 1389 interrogandi
2756 1321 2867 1374 vim
2917 1320 3195 1375 adhiberi:

922 1402 1021 1457 sed
1058 1405 1205 1474 fugit
1242 1421 1353 1471 eos,
1390 1406 1629 1460 alteram
1665 1405 1977 1461 sententiae
2012 1405 2490 1475 partem'deess03
2530 1405 2757 1459 omnino
2785 1405 3197 1460 enuntiationes

927 1488 1281 1544 dubitativae
1327 1506 1398 1544 ex
1443 1489 1792 1546 disiunctivis
1835 1485 2271 1546 transformatae
2318 1493 2449 1545 sunt
2489 1508 2545 1559 p.
2584 1496 2707 1550 226
2748 1496 3000 1556 16-227,
3038 1496 3096 1555 6;
3133 1493 3198 1545 ut

919 1574 1227 1642 notionem,
1263 1575 1348 1629 ita
1384 1573 1555 1628 etiam
1592 1576 1832 1640 formam
1871 1578 1906 1642 ἤ
1945 1575 2263 1630 dubitativa
2299 1591 2334 1628 a
2358 1574 2696 1629 disiunctiva
2717 1578 2753 1642 ἤ
2779 1577 3040 1630 mutuata
3076 1591 3195 1629 esse

923 1659 1146 1714 videtur
1179 1678 1234 1730 p.
1272 1666 1399 1727 227,
1436 1666 1627 1762 7-2ος
1679 1661 1848 1715 etiam
1899 1662 2006 1728 ἄρα
2052 1660 2349 1716 collectiva
2382 1660 2440 1714 in
2476 1664 2586 1729 ἦρα
2621 1661 2825 1715 transit
2859 1678 2915 1729 p.
2966 1666 3090 1722 227,
3128 1668 3187 1714 21
3230 1703 3237 1708 .

916 1751 1101 1811 -228,
1140 1751 1218 1799 10.
2024 1773 2033 1782 ·

822 1831 872 1885 b
915 1830 983 1885 de
1022 1836 1144 1894 μῶν
1179 1830 1491 1899 particulae
1525 1831 1709 1885 forma
1746 1832 1806 1886 et
1837 1830 2070 1886 notione
2105 1848 2162 1900 p.
2198 1836 2316 1898 228,
2358 1836 2607 1898 11-229,
2645 1836 2728 1890 22

816 1931 863 1972 c.
913 1915 983 1968 de
1020 1920 1163 1969 κᾶτα
1199 1915 1520 1969 dubitativa
1555 1933 1610 1985 p.
1646 1922 1763 1982 229,
1799 1921 2054 1982 23-231,
2092 1923 2142 1970 3.

730 2007 776 2054 5.
813 1998 896 2054 Ι)6
934 1999 1249 2054 causalibus
1284 2017 1339 2069 p.
1376 2007 1493 2063 231,
1529 2006 1750 2067 4-247,
1788 2006 1872 2054 21.

820 2101 871 2138 a.
908 2085 1064 2153 ἕκητι
1101 2084 1196 2138 ubi
1231 2083 1381 2139 idem
1417 2089 1506 2140 est
1540 2085 1692 2155 quod
1728 2087 1911 2151 ἕνεκα,
1952 2084 2273 2139 coniunctio
2310 2088 2422 2152 est;
2460 2085 2557 2141 ubi
2596 2087 2753 2155 ἕκητί
2789 2103 2885 2141 cou
2911 2084 3195 2154 significat

908 2171 982 2222 ‘te
1038 2164 1304 2238 volente’,
1359 2170 1711 2237 adverbium3
1765 2185 1878 2224 non
1931 2171 2129 2239 ἀέκητι
2172 2187 2240 2225 ex
2285 2171 2467 2239 ἕκητι,
2520 2170 2620 2224 sed
2666 2172 2829 2238 ἕκητι
2865 2186 2933 2223 ex
2971 2170 3185 2237 ἀέκητι,

913 2255 1136 2309 ἀεκαετί
1170 2254 1382 2309 factum
1419 2258 1509 2311 est
1539 2273 1597 2325 p.
1634 2262 1753 2322 231,
1789 2260 2010 2321 4-234,
2052 2262 2129 2312 12.

822 2340 873 2392 b.
911 2338 1221 2393 causalium
1258 2356 1402 2407 quae
1439 2339 1514 2394 sit
1549 2341 1632 2394 vis
1667 2357 1723 2409 p.
1762 2346 1880 2407 234,
1920 2345 2170 2406 13-235,
2209 2346 2257 2394 4.

832 2440 882 2479 c.
925 2423 1174 2478 causales
1209 2431 1638 2493 percensentur:

914 2526 965 2562 α.
1008 2510 1095 2562 ὅτι
1131 2524 1271 2577 quas
1306 2508 1516 2563 habeat
1549 2510 1807 2565 notiones
1842 2528 1901 2579 p.
1939 2515 2053 2570 235,
2093 2515 2323 2575 5-236,
2363 2517 2443 2564 13.

914 2597 963 2660 β.
1001 2591 1072 2647 de
1110 2596 1320 2648 οὕνεκα
1357 2591 1416 2649 et
1450 2596 1618 2650 ἕνεκα
1657 2593 1885 2648 vocibus
1920 2612 1981 2663 p.
2019 2599 2135 2660 236,
2177 2599 2422 2660 14-·239,
2462 2598 2510 2646 8.

907 2695 959 2743 γ.
999 2677 1069 2732 de
1105 2681 1211 2747 γάρ
1246 2678 1530 2748 particula
1563 2697 1620 2749 p.
1656 2685 1774 2746 239,
1813 2685 2035 2747 9-241,
2073 2684 2167 2733 29..

918 2765 968 2820 ὸ.
1007 2762 1077 2818 de
1115 2765 1260 2819 διὸτι
1295 2782 1349 2833 p.
1386 2770 1506 2830 242,
1545 2752 1762 2833 12-243,
1804 2770 1887 2819 ιο.
1927 2771 1935 2781 ·

915 2864 961 2902 ε.
1000 2848 1070 2903 de
1104 2850 1199 2904 ἵνα
1235 2852 1394 2905 ὅπως
1433 2852 1585 2918 ὄφρα
1612 2856 1728 2915 243,
1761 2855 2009 2915 11-244,
2036 2855 2130 2917 23,
2167 2849 2305 2916 quid
2340 2849 2565 2905 intersit
2600 2849 2828 2903 omnino
2851 2849 2999 2904 inter
3024 2867 3183 2903 usum

999 2933 1224 2987 finalem
1250 2937 1311 2988 et
1332 2936 1613 2990 causalem
1648 2952 1703 3004 p.
1741 2942 1859 3001 244,
1896 2942 2161 3001 24-245,
2203 2942 2281 2992 14.

912 3020 955 3071 ζ.
1000 3015 1070 3070 de
1116 3018 1197 3071 eis
1239 3018 1587 3087 causalibus,
1626 3036 1770 3089 quae
1814 3022 1998 3074 forma
2041 3019 2385 3073 conveniunt
2419 3036 2545 3073 cum
2590 3017 2875 3074 adverbiis
2910 3020 3187 3088 tempora-

1005 3101 1153 3156 libus
1189 3103 1279 3157 vel
1313 3103 1587 3158 localibus
1624 3106 1787 3173 (ἐπεί,
1825 3107 1992 3172 ὅπου,
2029 3107 2144 3171 ὅτε,
2180 3106 2381 3167 ὁπότε)
2414 3121 2472 3173 p.
2510 3109 2628 3169 245,
2667 3108 2918 3173 15-246,
2958 3111 3043 3158 27.

898 3205 953 3255 η.
990 3188 1152 3255 χάριν
1177 3190 1266 3242 est
1289 3189 1654 3256 accusativus,
1690 3190 1982 3244 subtracta
2017 3190 2097 3245 εἴ(
2131 3189 2549 3259 praepositione
2584 3206 2639 3258 p.
2676 3195 2799 3255 246,
2828 3195 2894 3243 28
2907 3195 3080 3253 -247,
3107 3195 3175 3243 20

741 3278 790 3326 6.
830 3271 911 3326 De
949 3270 1247 3340 expletivis
1281 3290 1339 3342 p.
1375 3279 1494 3342 247,
1534 3278 1787 3341 22-258,
1827 3281 1903 3329 17.

822 3373 870 3413 a.
909 3356 1228 3426 expletivae
1274 3359 1335 3412 et
1377 3372 1540 3412 voces
1593 3360 1724 3413 sunt
1768 3361 1828 3413 et
1861 3376 2019 3412 suam
2071 3359 2288 3414 habent
2338 3359 2710 3426 potestatem;
2757 3358 2878 3413 iure
2932 3357 3191 3414 coniunc-

899 3441 1146 3496 tionibus
1200 3443 1641 3497 adnumerantur
1674 3461 1730 3512 p.
1768 3450 1887 3512 247,
1922 3449 2175 3510 22-252,
2219 3449 2295 3498 17.
3104 3457 3148 3498 0

819 3527 873 3580 b.
913 3544 1009 3579 cur
1044 3527 1116 3581 ab
1154 3527 1429 3595 explendo
1467 3528 1583 3595 (vel
1619 3528 2015 3598 redundando)
2052 3544 2254 3583 nomen
2290 3529 2569 3583 traxerint
2602 3546 2657 3597 p.
2686 3534 2805 3595 252,
2834 3534 3084 3595 18-253,
3111 3534 3195 3583 29.

826 3629 870 3666 c.
916 3610 1247 3681 Expletivae
1282 3614 1712 3681 percensentur:

918 3713 971 3751 α.
1007 3697 1089 3751 Αὖ
1126 3697 1185 3750 61
1216 3698 1322 3764 τάρ
1357 3697 1698 3766 primigenia
1732 3700 1863 3752 sunt
1897 3716 1952 3767 p.
1990 3704 2107 3765 254,
2147 3705 2241 3751 1-
2249 3704 2335 3753 21.

915 3784 963 3847 β.
1001 3783 1104 3847 Ἀρ
1141 3783 1201 3834 61
1235 3783 1305 3848 ῥά
1340 3781 1577 3836 fortasse
1615 3799 1682 3837 ex
1718 3785 1826 3850 ἄρα
1861 3783 2015 3837 facta
2050 3784 2183 3837 sunt
2216 3801 2270 3853 p.
2308 3787 2426 3845 254,
2466 3787 2722 3848 22-255,
2759 3788 2808 3837 4.

904 3884 957 3932 γ.
999 3868 1041 3920 Η
1086 3865 1144 3919 in
1190 3865 1350 3919 initio
1396 3868 1707 3923 sententiae
1753 3868 1941 3938 posita
1977 3867 2334 3922 circumflexo
2370 3868 2626 3932 notatur,
2663 3868 2981 3937 postposita
3013 3868 3192 3938 gravi.

1000 3950 1162 4016 Quod
1205 3951 1436 4021 Trypho
1480 3968 1593 4007 non
1636 3952 1818 4007 minus
1862 3953 2150 4023 improbat
2193 3969 2361 4020 quam
2405 3951 2531 4019 hoc,
2577 3940 2671 4006 ὧιῖ
2708 3952 2766 4004 in
2810 3952 2972 4007 initio
3026 3953 3189 4021 bary-

1003 4038 1196 4103 tonon,
1232 4035 1422 4090 media
1456 4037 1516 4089 in
1553 4039 1838 4092 sententia
1873 4039 2305 4108 perispomenon
2342 4053 2464 4091 esse
2500 4053 2556 4104 p.
2594 4042 2710 4101 255,
2746 4042 2964 4104 5-256,
3004 4046 3052 4091 3.

913 4124 962 4176 δ.
996 4123 1068 4176 Ἣ
1127 4124 1196 4188 δή
1253 4121 1397 4176 duae
1443 4123 1574 4176 sunt
1619 4123 1967 4192 expletivae,
2012 4125 2112 4192 ἠδέ
2150 4123 2231 4177 ἰδέ
2267 4122 2480 4177 habent
2515 4127 2551 4191 ἦ
2587 4124 2645 4175 61
2679 4122 2700 4175 ἰ
2734 4121 2981 4189 syllabas
3017 4120 3190 4176 abun-

1003 4205 1203 4260 dantes
1247 4223 1303 4274 p.
1349 4212 1477 4270 256,
1521 4212 1715 4273 4-22ς
1770 4223 1955 4277 neque
2002 4209 2072 4276 δή
2128 4225 2196 4262 ex
2243 4209 2280 4275 ἦ
2319 4223 2504 4274 neque
2539 4208 2576 4272 ἣ
2616 4222 2686 4259 ex
2722 4208 2791 4273 δή
2828 4206 3043 4261 factum
3078 4210 3162 4259 est

919 4292 933 4305 ‘
1001 4309 1058 4360 p.
1102 4296 1220 4356 256,
1258 4296 1514 4357 23—257‚
1550 4296 1599 4344 6.

910 4395 954 4431 ε.
1007 4374 1326 4429 Particulae
1363 4375 1491 4442 θήν,
1528 4376 1617 4443 ῥά,
1656 4377 1746 4441 νύ,
1782 4378 1896 4431 πού
1933 4378 2170 4433 eandem
2207 4379 2322 4432 vim
2357 4379 2528 4446 atque
2563 4379 2632 4444 δή
2668 4374 2898 4441 habent,
2934 4374 3033 4428 sed
3062 4374 3198 4428 sunt

1001 4461 1300 4528 poetarum
1335 4477 1391 4528 p.
1431 4465 1551 4526 257,
1590 4465 1773 4514 7-17.

912 4550 959 4603 Ζ.
1001 4548 1224 4600 Ουκουν
1259 4543 1357 4599 ubi
1392 4545 1461 4599 οὔ
1487 4544 1808 4612 negationis
1831 4563 1944 4601 non
1971 4546 2153 4601 solum
2177 4563 2391 4614 vocem,
2417 4548 2516 4603 sed
2542 4547 2714 4603 etiam
2739 4546 3033 4602 notionem
3059 4561 3188 4600 con-

998 4630 1161 4697 tinet,
1196 4629 1337 4684 baec
1359 4629 1669 4700 praevalet,
1694 4631 1890 4700 itaque
1914 4632 2232 4701 barytonon
2258 4635 2344 4688 est
2368 4636 2653 4702 (οὔκουν);
2688 4620 2893 4688 ubi—‘-
2814 4632 2916 4686 οὖν
2940 4631 3196 4686 coniunc-

1001 4715 1170 4769 tionis
1210 4720 1343 4781 (non
1379 4714 1556 4769 solum
1586 4715 1786 4781 forma,
1822 4717 1943 4783 sed)
1981 4716 2155 4771 etiam
2188 4717 2346 4772 notio
2370 4719 2535 4785 inest,
2574 4719 2695 4773 iure
2721 4717 3026 4772 accentus
3010 4734 3068 4770 1n
3091 4716 3195 4771 οὖν

1001 4806 1193 4854 manet
1229 4802 1483 4867 (οὐκοῦν)
1520 4819 1575 4870 p.
1614 4807 1732 4868 257,
1773 4806 2025 4866 18-258,
2065 4807 2146 4860 17.
