3738 5530
645 354 777 420 240
851 353 1298 411 Commentarius
1327 354 1555 411 criticus
1584 355 1644 409 et
1670 353 1993 423 exegeticus
2021 353 2083 408 in
2109 351 2399 423 Apollonii
2427 351 2657 423 Dyscoli
2685 351 2899 423 scripta
2924 352 3158 408 minora.

640 527 731 585 uti
775 527 1151 599 armentis.
1224 523 1293 598 a)
1339 524 1470 583 Eae
1513 540 1678 584 voces
1723 523 1804 583 ad
1848 539 1998 598 quas
2043 522 2531 583 dmonstrativae
2576 541 2616 582 a
2661 519 2698 582 τ’
2742 524 3083 597 moipimes
3126 524 3274 597 refe-

640 618 875 683 rwntur,
932 615 1225 688 simplices
1284 630 1404 674 esse
1459 613 1675 686 solen&
1738 612 1819 672 ad
1880 607 2159 673 οὕνεκα
2215 629 2351 672 vero
2408 614 2663 687 refer-bur
2719 609 3074 672 τούνεκα;
3141 627 3273 687 erqo

643 697 925 764 οὕνεκα
959 703 1207 778 simplest:
1242 707 1339 763 est.
1414 702 1478 777 b)
1516 697 1813 763 Οὕνεκα
1858 704 1966 761 etsi
2010 705 2093 762 est
2134 703 2238 761 ubi
2282 703 2438 762 vocis
2472 718 2589 776 per
2624 703 3047 776 appositionem
3081 704 3274 777 factae

639 795 887 867 speciem
920 811 1075 867 prae
1116 810 1180 853 se
1213 794 1393 867 ferat,
1439 796 1632 852 tamen
1675 809 1796 851 non
1838 793 2101 867 sequitur
2134 795 2202 850 ut
2232 793 2313 850 sit
2359 793 2721 866 appositione
2756 793 3009 866 factum:
3052 793 3274 865 saepis-

640 884 788 944 sime
823 884 979 943 enim
1011 882 1308 957 simplicia
1343 883 1597 941 duorum
1636 881 2053 942 vocabulorum
2076 883 2419 955 potestatem
2452 882 2666 941 habent
2695 882 2843 956 236,
2867 882 3193 956 14-237,
3214 881 3270 939 8.

827 973 973 1047 236,
997 973 1078 1032 25
1129 970 1253 1031 Ska
1289 971 1321 1030 I
1370 972 1481 1047 143
1526 970 1984 1048 pedisequorum
2030 971 2389 1031 testimoniis
2434 970 2599 1031 nisus
2646 969 2867 1030 codicis
2913 970 3273 1047 scripturum

643 1063 817 1121 tueor
860 1062 923 1121 et
967 1062 1058 1121 ita
1102 1062 1487 1138 interpretor:
1549 1055 1676 1121 ‘eae
1723 1078 1897 1120 voces
1952 1059 2029 1118 ed
2074 1078 2224 1136 quas
2271 1060 2662 1120 correlativae
2710 1050 3271 1141 (demonstrativae)

642 1151 985 1210 referuntur
1023 1170 1060 1210 a
1095 1150 1131 1209 ἶ·
1166 1143 1563 1228 incipientes',
1608 1151 1781 1227 qussi
1827 1149 1992 1209 dicat
2033 1145 2117 1209 τὰ
2161 1145 2280 1223 τὴν
2319 1144 2753 1210 ἀνταπόδοειν
2800 1148 2919 1210 τοῦ
2957 1146 2995 1208 ‘f
3032 1144 3272 1223 ἔχοντα

642 1240 738 1300 vel
784 1236 1264 1316 παραλαβόντα,
1314 1239 1446 1299 adv.
1480 1241 1629 1314 203,
1652 1242 1687 1298 7
1727 1235 1809 1299 τὰ
1846 1234 2319 1312 ἐπεκτεταμένα
2355 1234 2479 1300 ἕξει
2521 1235 2638 1313 τὴν
2677 1234 3114 1300 ἀνταπόδοειν
3150 1236 3269 1298 τοῦ

642 1326 701 1389 ἶ.
776 1329 854 1388 ib.
889 1331 1036 1405 179,
1060 1331 1141 1389 29
1179 1324 1220 1403 ἡ
1259 1326 1366 1391 διὰ
1409 1328 1529 1389 τοῦ
1576 1322 1650 1389 δέ
1696 1323 2054 1403 παραγωγὴ
2103 1324 2272 1388 πολὺ
2310 1325 2634 1404 πρότερον
2680 1324 2797 1402 τὴν
2835 1323 3270 1389 ἀνταπόδοειν

646 1415 766 1493 τὴν
811 1415 918 1479 διὰ
963 1418 1081 1479 τοῦ
1122 1417 1161 1479 ῖ-
1199 1413 1700 1495 παραλαμβάνει.
1778 1417 1864 1477 Of.
1904 1416 2283 1477 RSchneider
2318 1417 2380 1476 H
2422 1420 2521 1477 17.

825 1510 1028 1584 237,1
1080 1507 1264 1568 Lehrs
1310 1509 1374 1567 in
1421 1507 1575 1567 Ann.
1614 1508 1731 1567 litt.
1768 1507 1899 1567 Jen.
1935 1508 2106 1566 1879
2152 1527 2210 1584 p.
2245 1509 2371 1566 224
2420 1504 2526 1567 καὶ
2569 1501 2889 1584 (τούνεκα
2934 1502 3011 1567 τὸ
3060 1502 3268 1586 ἀ>πο·

643 1593 1014 1672 διδόμενον;
1075 1598 1180 1658 sed
1222 1597 1336 1674 Ap.
1383 1597 1489 1657 ubi
1542 1596 1614 1656 de
1670 1597 1783 1656 hac
1835 1616 1900 1656 re
1955 1598 2087 1675 agit
2139 1614 2373 1674 semper
2424 1596 2670 1658 vocibus
2729 1591 3272 1658 ἀνταποδίδοεθαι

643 1682 1074 1748 ἀνταπόδοειε
1121 1682 1632 1748 ἀνταποδοτικόε
1676 1688 1885 1746 utitur.

825 1778 974 1851 237,
998 1779 1034 1836 2
1081 1771 1448 1855 <ἀπλοῦν>]
1496 1771 1619 1853 (οὐ
1668 1770 2017 1854 εὐνθετον)
2060 1773 2246 1835 Lehrs
2293 1775 2331 1835 l.
2362 1793 2405 1835 s.
2435 1793 2481 1836 s.
2528 1796 2585 1853 p.
2628 1778 2774 1835 224.

826 1867 972 1941 237,
995 1867 1032 1926 3
1082 1859 1430 1941 παράθεειν
1477 1864 1851 1925 scribendum
1897 1882 2024 1925 esse
2069 1883 2205 1924 cum
2263 1884 2334 1924 ex
2378 1885 2443 1925 re
2490 1865 2562 1924 de
2609 1884 2731 1942 qua.
2775 1865 3121 1942 disputatur
3166 1882 3272 1940 ap·

644 1958 817 2033 paret
869 1957 1000 2014 tum
1055 1975 1126 2015 ex
1181 1957 1330 2015 coni.
1373 1956 1520 2031 237,
1543 1957 1625 2014 22
1682 1949 2031 2029 παράθεειν
2070 2000 2083 2012 .
2122 2000 2136 2013 .
2184 1948 2599 2029 ὑπαγορεύει,
2657 1952 2870 2017 καθὼς
2924 1950 3271 2029 πρόκειται,

645 2045 751 2104 ubi
795 2044 851 2103 h.
889 2046 930 2104 1.
976 2044 1308 2122 respicitur.

827 2135 1032 2210 237‚5
1082 2135 1156 2193 of.
1193 2153 1361 2212 pron.
1402 2135 1629 2207 30,14.
1681 2134 1963 2209 108,103
2006 2135 2161 2211 synt.
2203 2134 2306 2210 58,
2330 2134 2429 2193 28.
2482 2135 2841 2213 117,4sqq.

827 2225 976 2299 237,
998 2225 1034 2283 6
1085 2220 1162 2283 τὸ
1209 2221 1458 2299 μᾶλλον
1494 2217 1698 2302 (οὐκ)
1735 2217 1899 2283 ἄλλο
1944 2239 2004 2283 τι
2049 2221 2183 2284 τῶν
2221 2218 2335 2298 ἀφ’
2374 2217 2469 2283 ὧν
2507 2222 2821 2298 παρῆκται
2860 2221 3045 2283 Lehrs
3082 2223 3121 2281 1.
3151 2240 3195 2282 s.
3225 2240 3271 2282 s.

642 2333 699 2390 p.
735 2315 881 2389 224,
929 2331 1081 2389 quae
1127 2312 1423 2390 quomodo
1460 2312 1807 2390 accipienda.
1842 2313 1984 2387 sint,
2027 2331 2148 2372 non
2184 2312 2510 2389 perspicio,
2493 2333 2508 2349 ·
2556 2332 2709 2390 quae
2745 2313 2873 2390 ipse
2909 2313 3151 2372 restitui
3187 2313 3273 2372 sic

644 2403 1035 2481 interpretor.
1096 2397 1514 2480 ‘comparativi
1558 2405 1624 2461 in
1681 2421 1743 2462 se
1789 2403 2099 2462 continent
2152 2404 2214 2460 et
2257 2420 2472 2461 nomen
2518 2402 2765 2480 aliquod
2813 2405 2874 2461 et
2919 2400 3166 2477 μᾶλλον
3212 2403 3274 2461 et

644 2491 812 2551 aliud
858 2492 1001 2568 quid
1048 2511 1118 2552 ex
1163 2494 1247 2553 eis
1295 2512 1332 2552 a.
1377 2492 1590 2569 quibus
1638 2483 2091 2574 (comparativi)
2139 2490 2399 2551 derivati
2456 2485 2620 2552 sunt'
2667 2484 2863 2574 (velut
2908 2491 3273 2567 adverbium,

644 2601 786 2641 nam
830 2581 1076 2658 quidam
1122 2582 1516 2659 comparativi
1560 2584 1724 2641 recta
1770 2580 1845 2641 ab
1894 2580 2190 2641 adverbiis
2236 2572 2627 2662 derivantur).

821 2670 919 2730 Ad
964 2663 1032 2753 a)
1095 2672 1296 2732 Priori
1358 2675 1696 2746 argumento
1757 2672 1863 2731 hoc
1922 2672 2173 2745 fortasse
2233 2673 2531 2746 quispiam
2588 2674 2869 2746 opponat,
2934 2688 3057 2731 non
3097 2687 3274 2745 posse

643 2755 971 2822 τοῦνεκα
1015 2781 1148 2822 oum
1190 2756 1460 2837 τηνίκα
1502 2760 1906 2836 &mimasque
1948 2763 2302 2836 comparari,
2345 2764 2414 2821 ut
2446 2779 2597 2837 quae
2632 2763 2922 2837 epacta-sin
2966 2764 3275 2822 assumant

645 2847 1144 2929 (τηνικαῦτα),
1204 2870 1385 2927 quam
1439 2868 1562 2910 non
1607 2854 1884 2927 patiatur
1940 2845 2283 2912 τοῦνεκα.
2384 2850 2471 2910 At
2520 2853 2626 2911 hoc
2683 2855 3091 2926 armentum
3141 2851 3273 2912 ideo

646 2942 912 3011 concidit,
957 2942 1111 3016 qaod
1154 2959 1229 3001 ne
1264 2937 1518 3016 τόφρα
1562 2941 1813 3016 qwidem,
1857 2941 2014 3014 quod
2046 2958 2214 3001 nemo
2250 2940 2542 3000 dubitabit
2574 2959 2720 3016 qum
2755 2941 3013 3002 eiusdem
3042 2957 3273 3017 aenens

644 3033 725 3091 sit
766 3034 938 3105 atque
983 3026 1278 3107 τηνίκα,
1323 3030 1435 3090 illa
1480 3033 1727 3105 auqstur
1770 3032 2175 3090 termz'natione
2225 3032 2371 3106 237,
2393 3032 2627 3091 8-14,

832 3120 1040 3195 237,8
1089 3113 1539 3197 ἀν<τιφήεειέ>
1573 3135 1669 3181 τι(
1712 3118 1898 3179 Lehrs
1933 3119 1973 3179 1.
2003 3138 2047 3180 s.
2077 3138 2120 3179 s.
2163 3121 2308 3179 224.

833 3210 980 3283 237,
1001 3211 1038 3267 9
1077 3208 1360 3286 Egenolff
1380 3208 1437 3267 V
1477 3210 1602 3268 125
1653 3208 1894 3268 dubitat
1937 3228 2018 3269 an
2060 3228 2169 3286 pro
2216 3204 2440 3283 τηνίκα
2485 3208 2859 3269 scribendum
2906 3211 2988 3270 sit
3031 3205 3268 3285 τηλίκα,

649 3300 719 3356 ut
765 3298 1035 3374 exempla
1082 3297 1157 3357 ab
1201 3297 1314 3375 Ap.
1364 3299 1552 3357 allata.
1595 3299 1955 3358 conveniant
2002 3317 2135 3357 cum
2175 3297 2560 3375 Dionysianis
2609 3301 2712 3374 40,
2736 3300 2773 3360 3
2821 3298 3118 3360 τοιοῦτος
3163 3315 3271 3359 το-

647 3386 875 3447 εοῦτοε
929 3386 1320 3462 τηλικοῦτοε.
1413 3386 1532 3446 Sed
1587 3389 1657 3447 ut
1711 3382 2228 3449 ἀνταποδοτικόν
2281 3388 2345 3446 in
2400 3385 2443 3448 ἇ
2495 3388 2694 3449 exiens
2755 3388 2990 3465 afferat,
3048 3384 3274 3464 τηνίκα

646 3479 785 3537 ante
826 3479 1028 3537 omnia
1062 3478 1127 3537 in
1160 3480 1444 3554 promptu
1481 3479 1644 3555 orat,
1687 3479 1885 3538 minus
1931 3480 2076 3554 apta
2120 3479 2262 3537 sunt
2296 3477 2565 3539 τοιαῦτα
2600 3477 2881 3539 τοεαῦτα
2924 3476 3274 3553 τηλικαῦτα

646 3567 925 3627 casualia.

829 3657 1083 3732 237,10
1129 3652 1481 3730 παρείπετο
1526 3649 1733 3735 <οὖν>
1777 3656 1964 3716 etism
2007 3655 2194 3717 Lehrs
2240 3656 2277 3714 l.
2312 3674 2357 3717 s.
2387 3676 2432 3717 s.

823 3745 920 3806 Ad
967 3738 1392 3828 10&de
1442 3745 2668 3821 ειῳναεεοιωιάοῖοσορναεσερύωηεπ,
2724 3748 3273 3823 hanapum-aex-

643 3840 800 3896 stare
851 3835 1140 3896 vocabula
1199 3838 1288 3896 ita
1340 3839 1710 3910 comparata,
1766 3840 1834 3895 ut
1887 3836 2147 3895 duarwm
2202 3853 2409 3897 voowm
2458 3839 2750 3897 notionem
2806 3838 3082 3908 habecmt,
3139 3856 3275 3898 cum

643 3928 766 3985 smt
806 3926 1131 4001 simpucia:
1182 3926 1248 3986 id
1293 3925 1366 3986 de
1410 3927 1493 3986 eis
1539 3928 1766 3985 tantum
1809 3926 1966 3986 vala
2007 3926 2375 3996 dictionibus,
2421 3944 2676 4001 quarum
2717 3929 2786 3987 in
2828 3929 3039 4002 formis
3084 3927 3274 3988 altem

646 4032 827 4089 quam
859 4017 1200 4090 simnfiomat
1233 4014 1441 4076 vocula
1475 4032 1596 4075 non
1631 4019 1913 4088 appare&
1955 4014 2111 4075 velut
2143 4017 2211 4075 in
2246 4018 2660 4090 comparatam
2696 4017 2929 4076 nullwm
2973 4014 3272 4092 μᾶλλον

645 4106 801 4164 vocis
843 4107 1148 4180 vcstiyiwm
1201 4107 1474 4166 cemitw.
1550 4104 1767 4165 Verum
1808 4123 1877 4164 m
1910 4107 2117 4179 priore
2163 4099 2442 4166 οὕνεκα
2496 4108 2918 4167 commotionis
2951 4110 3129 4181 parte
3161 4122 3274 4181 po—

647 4196 753 4253 test
793 4211 938 4253 same
982 4188 1069 4254 οὗ
1114 4197 1319 4256 messe„
1394 4194 1590 4269 Quare
1626 4210 1696 4253 ex
1730 4194 1956 4268 daphca}
2000 4189 2281 4255 οὕνεκα
2324 4197 2480 4255 vocis
2523 4198 2755 4256 notione
2790 4197 2943 4256 duas
2989 4191 3275 4256 οὕνεκα

648 4300 767 4343 esse
811 4285 1237 4345 coniunctiones
1281 4287 1434 4345 inter
1475 4302 1539 4344 se
1572 4284 1838 4344 diversas
1884 4284 2245 4360 condamus:
2286 4285 2392 4344 ubi
2437 4278 2524 4345 οὗ
2568 4288 2726 4346 vocis
2768 4288 2927 4345 notio
2960 4302 3083 4345 non
3122 4287 3277 4345 inest

649 4367 915 4449 (οὕνεκα
956 4373 995 4431 i.
1026 4393 1081 4451 q.
1121 4368 1275 4451 ὅτι),
1330 4376 1417 4434 ibi
1461 4368 1742 4434 οὕνεκα
1791 4373 2039 4448 simplex
2072 4374 2444 4448 putandum,-
2499 4376 2605 4434 ubi
2654 4376 2850 4436 subest
2898 4375 3064 4436 illius
3114 4376 3274 4434 notio

649 4456 915 4540 (οὕνεκα
950 4465 988 4521 i.
1020 4482 1074 4539 q.
1104 4462 1301 4524 τοῦτο
1335 4457 1414 4524 οὗ
1454 4458 1687 4540 ἕνεκα),
1725 4464 1812 4523 ibi
1834 4464 2174 4538 parathesis
2199 4463 2513 4524 statuenda
2540 4468 2623 4525 est
2650 4465 2801 4540 237,
2822 4464 3146 4539 15-238,
3167 4465 3271 4522 21.

649 4549 736 4610 cf.
776 4551 900 4611 Ska
944 4552 976 4610 I
1025 4553 1302 4612 14—15.

830 4642 1080 4717 237,16
1131 4643 1286 4720 synt.
1327 4642 1554 4717 58,25.
1605 4642 1876 4720 118,18.
1927 4642 2075 4718 187,
2097 4644 2153 4701 7.

829 4731 1080 4805 237,19
1128 4750 1297 4808 pron.
1336 4733 1439 4806 77,
1462 4732 1572 4807 233
1616 4734 1775 4808 synt.
1821 4732 1970 4806 182,
1993 4732 2092 4790 28.

830 4821 978 4895 237,
1009 4822 1092 4880 20
1153 4816 1541 4896 αὐτάρεεκοε
1604 4821 2007 4899 compluribus
2066 4821 2425 4882 testimoniis
2489 4824 2605 4882 niti
2668 4822 2928 4883 ostendit
2990 4820 3133 4882 Lob.
3195 4820 3275 4882 ad

648 4908 867 4985 Phryn.
910 4910 1056 4969 621.

829 4999 978 5074 237,
1000 5001 1081 5058 22
1130 4994 1486 5078 πρόκειται]
1537 5000 1685 5076 237,
1705 5002 1762 5060 3.
