3738 5530
706 363 789 425 32
1646 363 1820 412 ΠΕΡΙ
1860 361 2366 413 ΑΝΤΩΝΤΜῙΑΣ.

1584 468 2439 518 ρ.39(299)Α3-4ι(301)351>
2496 525 2508 537 .

700 570 811 644 τῆς
853 569 1107 645 γραφῆς
1152 563 1512 628 ἀντέκειτο·
1581 563 1774 642 ἐχρῆν
1820 564 1944 641 γὰρ
1990 564 2028 641 ἢ
2073 563 2476 640 ἡμεδαπεδός
2522 565 2627 629 διὰ
2669 567 2789 628 τοῦ
2834 550 2956 628 {eb
2988 565 3026 642 ἢ
3072 564 3302 642 ἡμεδα-

706 668 832 747 φός
878 668 983 731 διὰ
1025 671 1142 731 τοῦ
1189 672 1258 746 ᾧ.
1304 702 1386 711 —-
1431 666 1595 742 πρὸς
1639 664 1895 729 τούτοις
1943 664 2029 729 εἰς
2074 663 2330 743 ἄπορον
2375 665 2759 744 περιίςταται
2815 665 2891 730 τὸ
2948 669 3150 745 ςχῆμα
3193 669 3303 743 τῆς

710 770 971 834 λέξεως·
1035 767 1185 832 οὔτε
1240 767 1363 845 γὰρ
1421 766 1659 848 ὄνομα,
1716 765 1856 830 ἐπεὶ
1912 773 2052 831 πῶς
2112 768 2376 843 πρώτου
2430 767 2790 844 προςώπου
2848 769 2953 831 καὶ
2996 769 3302 846 δευτέρου

706 870 1048 950 δεικτικόν,
1094 866 1255 947 ὅπερ
1302 867 1372 932 ἐν
1418 867 1685 946 ὀνόματι
1733 867 1813 930 οὐ
1859 870 2358 946 παρακολουθεῖ;
2407 868 2555 932 οὔτε
2602 867 2999 950 ἀντωνυμία,
3045 869 3184 933 ἐπεὶ
3222 870 3302 933 τὰ

638 995 668 1039 5
706 973 853 1048 τέλη
900 977 1033 1036 τῶν
1082 970 1415 1048 ςχημάτων
1464 970 1817 1052 ἐπικρατεῖ,
1864 969 2073 1046 ὄνομα
2116 970 2187 1033 δὲ
2229 970 2305 1033 τὸ
2349 970 2567 1052 τέλος,
2614 968 2823 1048 ὄνομα
2867 969 2993 1049 ἄρα
3036 971 3113 1034 τὸ
3157 972 3301 1049 ἡμε·

706 1074 926 1138 δαπός.
1025 1072 1115 1136 ἔτι
1163 1071 1427 1150 οὐδεμία
1472 1069 1837 1150 ἀντωνυμία
1882 1070 2025 1147 μετ’
2081 1069 2284 1134 ἄλλου
2340 1072 2572 1149 μέρους
2618 1072 2821 1146 λόγου
2866 1071 3214 1136 ςυντίθεται
3258 1072 3296 1149 ἢ
3333 1083 3381 1137 Β

707 1175 870 1255 μόνη
917 1176 955 1253 ἡ
1002 1173 1212 1238 αὐτός.
1301 1174 1688 1250 πληθυντικὴ
1735 1173 1806 1236 δὲ
1852 1171 2118 1251 οὐδεμία
2161 1173 2474 1236 καθόλου·
2524 1179 2666 1237 πῶς
2711 1171 2831 1236 οὖν
2877 1173 3183 1238 ςύνθετον
3226 1172 3301 1236 τὸ

702 1276 1055 1354 ἡμεδαπός;

521 1456 529 1466 ι
874 1377 1193 1455 Εἰρήςεται
1259 1377 1373 1453 μὲν
1443 1374 1563 1438 οὖν
1633 1375 1910 1439 ἐντελῶς
1978 1375 2048 1438 ἐν
2116 1381 2206 1457 τῷ
2273 1376 2419 1452 περὶ
2483 1376 2806 1440 ςυνθέτων
2871 1375 2911 1452 ἡ
2969 1375 3135 1440 αἰτία
3189 1380 3301 1453 τῆς

607 1499 668 1547 ιο
705 1478 1108 1559 ἀςυνθεςίας,
1168 1479 1271 1542 καὶ
1314 1481 1432 1541 νῦν
1479 1478 1636 1556 (δὲ)
1683 1478 1789 1540 διὰ
1835 1477 2108 1563 βραχέος
2155 1476 2503 1554 ῥηθήςεται.
2591 1477 2670 1540 τὰ
2715 1476 3001 1554 ὀνόματα
3047 1477 3301 1543 δείξεώς

703 1581 869 1646 ἐςτιν
923 1580 1376 1659 ἀπαρέμφατα,
1435 1577 1500 1642 αἱ
1555 1579 1627 1643 δὲ
1682 1577 2074 1656 ἀντωνυμίαι
2130 1578 2384 1643 δείξεώς
2440 1577 2550 1642 εἰςι
2594 1578 3075 1665 παραςτατικαί,
3132 1578 3297 1642 ἀλλὰ

705 1685 828 1762 μὴν
863 1682 964 1744 καὶ
1007 1682 1377 1758 προςώπων
1422 1678 1544 1761 [τε]
1578 1678 1981 1762 ὡριςμένων,
2026 1679 2374 1743 ἀπολύτων
2419 1701 2485 1744 τε
2533 1681 2633 1743 καὶ
2677 1684 3148 1745 διαςταλτικῶν.
3220 1681 3300 1744 τά

702 1803 770 1847 τε
818 1783 1226 1859 ςυντιθέμενα
1269 1784 1403 1844 τῶν
1450 1782 1687 1845 λέξεων
1732 1782 1808 1844 τὸ
1854 1780 2021 1843 ἴδιον
2069 1780 2534 1858 ςημαινόμενον
2567 1781 2899 1860 φυλάςςει,
2946 1781 3185 1860 ἐάνπερ
3216 1784 3296 1859 μὴ
3336 1793 3380 1848 C

642 1910 655 1917 ·
710 1887 1103 1964 ςυμβολικῶς
1162 1883 1580 1961 λαμβάνηται,
1638 1882 1925 1959 καθάπερ
1979 1883 2059 1945 τὰ
2115 1882 2315 1960 κύρια.
2414 1880 2624 1961 ὀρθῶς
2682 1882 2806 1959 ἄρα
2849 1885 2965 1961 τὴν
3010 1884 3296 1948 ςύνθεςιν

607 2007 669 2054 15
707 1989 841 2050 τῶν
889 1985 1309 2061 ἀντωνυμιῶν
1340 1985 1419 2047 τὰ
1449 1982 1738 2062 ὀνόματα
1768 1984 2196 2066 παρῃτήςατο.
2227 2021 2302 2029 -
2341 1983 2509 2047 Ἐπεὶ
2551 1983 2666 2047 κάκ
2696 1990 2827 2047 τῶν
2859 1987 3296 2063 προκειμένων

701 2090 783 2151 τὰ
849 2086 1136 2162 ὀνόματα
1201 2084 1740 2166 μετελαμβάνετο,
1805 2085 1905 2165 (τὸ
1963 2085 2380 2149 παντοδαπός
2435 2082 2577 2149 ἴςον
2631 2092 2723 2165 τῷ
2789 2090 3137 2170 παντοῖος,
3197 2088 3298 2150 καὶ

706 2189 998 2267 οὐδαμοῦ
1027 2189 1104 2251 τὸ
1136 2187 1428 2267 ἔδαφος,)
1460 2187 1659 2262 δῆλον
1708 2187 1798 2249 ὡς
1830 2187 1932 2250 καὶ
1976 2188 2054 2250 τὰ
2083 2186 2471 2263 προκείμενα
2506 2185 2832 2251 ἀςύνθετα.
2880 2224 2962 2233 -
3006 2188 3293 2265 Ἐλλειπῆ

702 2289 860 2355 ὄντα
919 2291 997 2353 τὰ
1055 2288 1347 2365 πύςματα
1400 2289 1517 2351 τοῦ
1563 2286 1677 2365 ἐφ’
1734 2287 1775 2349 ἃ
1831 2289 2053 2368 ποθεῖ,
2111 2287 2422 2351 ἀςύνθετα
2467 2288 2871 2364 καθέςτηκεν·
2928 2288 2990 2351 αἱ
3034 2291 3106 2353 δὲ
3152 2309 3293 2354 ςυν-

701 2393 901 2456 θέςεις
957 2391 1329 2454 αὐτοτελεῖςΔ
1384 2390 1682 2452 θέλουςιν
1728 2385 1908 2452 εἶναι.
2009 2392 2150 2452 πῶς
2197 2387 2317 2452 οὖν
2362 2389 2437 2453 τὸ
2483 2390 2779 2453 ποδαπός
2825 2391 3164 2472 ςύνθετον;
3217 2427 3287 2436 —-
3327 2404 3466 2457 40A

599 2515 665 2563 20
702 2493 1117 2571 Παράγονται
1187 2490 1251 2554 αἱ
1310 2489 1716 2567 ἀντωνυμίαι.
1810 2488 1952 2553 ἰδοὺ
2006 2490 2131 2568 γὰρ
2187 2490 2493 2567 νωίτερος
2547 2492 2649 2554 καὶ
2704 2490 3030 2568 ἡμέτερος.
3132 2491 3296 2555 ἀκω-

701 2596 907 2659 λύτως
955 2593 1080 2671 ἄρα
1125 2593 1227 2656 καὶ
1267 2595 1468 2655 ταῦτα
1512 2592 1834 2670 παρήχθη,
1894 2589 2134 2667 ὁμοίως
2176 2596 2267 2673 τῷ
2313 2591 2675 2668 τηλεδαπός
2716 2592 2817 2654 καὶ
2860 2592 3294 2656 παντοδαπός.

872 2694 1146 2776 «Ἀλλά»,
1192 2693 1407 2776 φαςίν,
1455 2692 1542 2755 «εἰ
1586 2692 1802 2769 δοθείη
1834 2693 1909 2755 τὸ
1940 2690 2271 2770 ἡμεδαπός
2300 2695 2651 2777 παρῆχθαι,
2697 2694 3030 2770 δοθήςεται
3075 2694 3177 2756 καὶ
3221 2695 3294 2759 τὸ

700 2796 941 2862 ἄλλος
987 2794 1387 2876 ἀντωνυμία,
1432 2793 1573 2857 ἐπεὶ
1615 2795 1691 2859 τὸ
1738 2792 2114 2857 ἀλλοδαπός
2159 2799 2252 2877 τῷ
2299 2793 2624 2873 ἡμεδαπός
2653 2796 2756 2858 καὶ
2787 2794 3141 2877 ὑμεδαπός,
3186 2795 3294 2860 ἀν-

834 2982 1051 3033 Anovu.
1124 2985 1156 3032 9
1193 2977 1362 3031 Cuius
1398 2978 1479 3031 rei
1514 2977 1654 3031 haec
1692 2980 1779 3031 est
1812 2993 2004 3030 eausa:
2045 2976 2289 3030 Nomina.
2324 2977 2748 3032 demonstrandi
2783 2978 2895 3032 vim
2931 2993 3040 3033 non
3066 2978 3296 3044 habent,

698 3064 912 3119 habent
956 3063 1311 3134 pronomina3
1359 3061 1636 3134 vocabula
1682 3064 1872 3116 autem
1921 3061 2329 3130 compositione
2366 3063 2665 3116 coniuncta
2699 3079 2857 3115 suam
2895 3062 3160 3131 quodque
3195 3078 3293 3117 no-

697 3150 912 3204 tionem
946 3149 1193 3202 servant:
1232 3162 1369 3215 ergo
1403 3146 1632 3199 nomina
1666 3162 1793 3200 oum
1827 3145 2252 3215 pronominibus
2278 3146 2537 3215 componi
2559 3163 2671 3210 non
2695 3148 2945 3216 possunt.
2975 3177 3038 3187 -
3064 3147 3128 3200 In
3155 3165 3295 3202 παν-

697 3235 949 3288 τοδαπός
996 3235 1148 3285 vocis
1181 3232 1411 3285 notione
1448 3230 1659 3284 nullum
1700 3232 1914 3295 ἔδαφος
1951 3230 2196 3284 notionis
2231 3230 2532 3300 vestigium
2570 3233 2837 3300 apparet3
2882 3231 3074 3299 itaque
3111 3247 3293 3300 neque

699 3318 755 3370 in
793 3317 899 3371 hoc
934 3317 1329 3383 παντοδαπός,
1369 3332 1554 3383 neque
1591 3315 1650 3368 in
1686 3314 1796 3367 illis
1832 3317 2122 3380 ἡμεδαπός
2157 3316 2443 3381 ὑμεδαπός
2479 3331 2587 3368 vox
2623 3318 2832 3382 ἔδαφος
2869 3316 3049 3369 inesse
3084 3317 3293 3384 potest.

701 3432 767 3441 —
804 3400 1215 3470 interrogativa
1258 3400 1570 3469 composita
1604 3417 1723 3454 esse
1758 3415 1872 3452 non
1907 3399 2114 3453 solent:
2153 3401 2249 3468 qui
2285 3400 2475 3467 potest
2508 3402 2806 3454 noouuoc‘?
2856 3430 2918 3438 ———
2965 3399 3051 3452 Ne
3088 3401 3292 3453 multa:

701 3488 832 3540 sunt
865 3482 1280 3554 pronominalia
1323 3484 1598 3538 derivata.
1647 3515 1704 3522 —
1755 3489 1819 3536 22
1857 3482 2033 3548 ‘Sedu
2068 3483 2360 3552 inquiunt,
2408 3484 2722 3548 εἡμεδαπός
2759 3485 3047 3548 ὐμεδαπός
3082 3483 3128 3536 si
3164 3485 3297 3538 sunt

698 3569 1113 3640 pronominalis
1148 3567 1433 3633 derivata,
1482 3569 1654 3622 etiam
1691 3563 2039 3632 ἀλλοδαπός,
2084 3568 2235 3636 quod
2285 3569 2367 3622 eis
2410 3569 2468 3621 in
2504 3568 2676 3622 tertia
2711 3568 3048 3636 respondet,
3095 3584 3130 3621 a
3163 3583 3292 3637 pro-

697 3654 925 3709 nomine
962 3652 1278 3720 desoendit,
1315 3655 1382 3706 ut
1416 3655 1586 3708 ἄλλος
1622 3668 1934 3722 pronomen
1959 3653 2073 3706 sit’.
2136 3653 2213 3705 At
2245 3652 2303 3705 in
2328 3652 2501 3706 tertia
2521 3668 2761 3721 persona
2785 3653 2953 3706 etiam
2979 3653 3210 3706 nomina,
3232 3653 3290 3706 in

697 3737 1092 3807 pronominum
1127 3737 1314 3791 locum
1350 3737 1785 3791 substituuntur.
1823 3773 1887 3782 -
1927 3736 2065 3790 Cum
2101 3736 2351 3790 infinitus
2387 3736 2461 3790 sit
2494 3737 2790 3789 tertiarum
2825 3753 2970 3806 pers.
3009 3753 3304 3802 numerus,

696 3839 810 3877 non
855 3825 1047 3892 potest
1081 3821 1333 3875 omnium
1367 3821 1555 3891 patria
1590 3837 1699 3874 uno
1736 3820 1912 3875 verbo
1950 3819 2265 3889 designari,
2321 3821 2420 3874 sed
2464 3821 2584 3874 fieri
2619 3822 2808 3889 potest
2842 3822 2909 3874 ut
2940 3822 3157 3890 primae
3194 3822 3294 3874 aut

696 3907 974 3962 secundae
1011 3922 1132 3961 esse
1170 3908 1435 3977 negetur3
1473 3905 1547 3960 ad
1581 3921 1706 3959 eam
1743 3921 1862 3958 rem
1901 3905 2322 3974 significandam
2359 3907 2681 3960 ἀλλοδαπός
2717 3907 2912 3974 aptum
2951 3907 3051 3959 est.

830 4094 1015 4148 D1scn.
1049 4112 1248 4148 scium.
1315 4099 1359 4150 1.
1384 4093 1736 4158 ήμεδαπεδός
1761 4091 1826 4156 b,
1866 4092 2155 4158 ημεδαπος
2181 4093 2252 4155 Α,
2290 4108 2354 4143 su
2397 4107 2461 4144 ra.
2482 4107 2627 4145 απος
2654 4090 2869 4158 aliquid
2896 4101 3118 4145 erasum
3146 4091 3154 4160 Ι
3182 4094 3290 4145 πεδ

697 4160 1128 4227 cwaohsmuth,
1165 4164 1196 4214 δ
1234 4161 1325 4216 Ab
1362 4163 1371 4226 Ι
1423 4167 1472 4216 4.
1510 4163 1785 4214 δεικτικον
1822 4160 1894 4226 Α,
1931 4160 2190 4213 δεκτικόν
2219 4159 2261 4238 ,δ
2302 4163 2310 4220 Ι
2350 4109 2674 4223 ἕντωνυμία
2713 4159 2773 4222 b,
2811 4161 3155 4224 ἀντωνυμιαι
3193 4162 3236 4213 Α
3278 4159 3286 4228 Ι

700 4238 777 4284 10.
815 4232 904 4284 καὶ
930 4235 1033 4283 νῦν
1058 4231 1119 4283 δὲ
1143 4229 1208 4295 b,
1246 4245 1335 4282 και
1361 4246 1465 4282 νυν
1491 4231 1534 4282 Α
1572 4236 1580 4294 ι
1610 4236 1687 4280 ll.
1714 4231 1843 4295 post
1867 4243 1965 4281 ειςι
1991 4245 2023 4279 ν
2049 4242 2191 4279 eras.
2217 4243 2275 4279 m
2299 4229 2340 4281 Α
2374 4233 2382 4292 Ι
2418 4234 2494 4281 12.
2523 4229 2851 4294 προςώπων
2878 4228 3206 4293 ὡριςμένων
3232 4226 3289 4288 b,

697 4314 1025 4365 προςωπων
1060 4314 1123 4351 τε
1162 4312 1471 4364 οριςμενων
1508 4299 1551 4350 Α
1592 4297 1601 4360 Ι
1644 4301 1722 4354 13.
1759 4296 2170 4360 ςημαινόμενον
2207 4293 2268 4361 b,
2320 4298 2718 4359 ςυντιθεμενον
2756 4295 2834 4358 ΑΙ
2878 4301 2953 4347 14.
2989 4309 3184 4363 margo
3222 4297 3285 4348 A·

697 4368 1041 4431 ςυμβολικως
1058 4381 1313 4419 τουτεςτι
1340 4380 1543 4430 κυριως
1574 4372 1582 4424 Ι
1614 4362 1789 4417 verba
1805 4363 1991 4430 ὀρθῶς
2016 4362 2122 4428 ἄρα
2142 4390 2209 4401 -
2234 4367 2306 4414 15.
2336 4363 2700 4431 παρῃτὴςατο
2725 4363 2856 4430 post
2878 4364 3292 4416 διαςταλτικῶν

696 4432 729 4490 l.
762 4442 820 4484 12
857 4432 1185 4486 collocanda
1207 4447 1325 4485 esse
1352 4432 1544 4484 censet
1566 4429 1933 4484 RSkrzeozka
1971 4435 1979 4494 Ι
2021 4435 2235 4482 15—16.
2270 4427 2359 4482 Sic
2382 4427 2567 4482 locum
2594 4429 2889 4483 constituit
2910 4428 3286 4495 RSohneider,

695 4502 1085 4568 παρῃτήςατο,
1139 4502 1260 4555 ἐπεὶ
1308 4499 1412 4552 κάκ
1456 4504 1579 4551 τῶν
1622 4499 2016 4564 προκειμένων
2069 4498 2142 4550 τὰ
2194 4497 2448 4561 ὀνόματα
2502 4498 2988 4564 παρελαμβάνετο.
3043 4499 3127 4551 Τὸ
3173 4497 3291 4558 Ab,

696 4571 1080 4637 παρῃτὴςατο.
1145 4568 1295 4621 Ἐπεὶ
1340 4567 1445 4620 κάκ
1490 4571 1613 4619 τῶν
1660 4567 2051 4632 προκειμένων
2103 4564 2139 4616 ἃ
2194 4565 2446 4630 ὀνόματα
2501 4566 2989 4632 παρέλαμβάνετο,
3044 4566 3144 4629 τὸ,
3197 4564 3287 4617 vel

695 4652 1075 4703 παρῃτηςατο.
1112 4635 1343 4689 Ἔπειτα
1379 4635 1482 4687 κάκ
1518 4639 1638 4686 τῶν
1674 4635 2065 4699 προκειμένων
2101 4633 2354 4695 ὀνόματα
2389 4632 2881 4699 παρελαμβάνετο,
2917 4634 2987 4684 τὸ
3011 4630 3289 4684 JGutten-

696 4705 796 4772 tag
825 4713 833 4767 Ι
871 4710 947 4757 16.
985 4706 1448 4770 παρελαμβανετο
1485 4702 1709 4769 punctis
1744 4716 1916 4769 supra
1950 4715 2094 4766 παρε
2130 4698 2331 4767 positis
2366 4701 2409 4752 Α
2441 4703 2452 4764 Ι
2486 4705 2562 4755 17.
2600 4702 2831 4767 ελλειπη
2872 4703 2944 4766 Α,
2983 4701 3183 4765 ἐλλιπῆ
3211 4699 3246 4750 b

700 4775 777 4823 18.
816 4771 941 4839 τοῦ]
980 4770 1076 4823 fol.
1118 4775 1213 4823 156
1237 4788 1289 4827 v,
1321 4776 1330 4834 Ι
1358 4774 1463 4823 τοῦ
1509 4771 1610 4835 ἐφ’
1645 4768 1680 4822 ἃ
1716 4771 1879 4823 ποθεῖ
1916 4770 2037 4834 Ab,
2084 4771 2188 4820 τοῦ
2234 4767 2339 4834 ἐφ’
2380 4768 2448 4821 οὗ
2495 4769 2838 4821 πυνθάνεται
2876 4765 3238 4820 RSkrzeczka

694 4855 750 4894 αι
786 4841 846 4892 δε
886 4841 955 4905 Α,
1008 4838 1066 4892 αἱ
1101 4839 1207 4904 γὰρ
1240 4837 1277 4889 b
1308 4838 1319 4906 1
1348 4844 1431 4893 21.
1467 4835 1757 4904 inscriptio
1796 4853 1925 4902 περι
1961 4851 2064 4888 του
2101 4838 2273 4888 αλλος
2310 4851 2404 4889 και
2440 4839 2766 4901 αλλοδαπης
2803 4835 3026 4888 maiuse.
3067 4837 3112 4890 Α
