<?xml version="1.0" encoding="UTF-8"?>
<!DOCTYPE html PUBLIC "-//W3C//DTD XHTML 1.0 Transitional//EN"
    "http://www.w3.org/TR/xhtml1/DTD/xhtml1-transitional.dtd">
<html xmlns="http://www.w3.org/1999/xhtml" xml:lang="en" lang="en">
 <head>
  <title>
</title>
<meta http-equiv="Content-Type" content="text/html;charset=utf-8" />
  <meta name='ocr-system' content='tesseract 3.04.00' />
  <meta name='ocr-capabilities' content='ocr_page ocr_carea ocr_par ocr_line ocrx_word'/>
</head>
<body>
  <div class='ocr_page' id='page_1' title='image "./grammaticigraec00unkngoog_0308.png"; bbox 0 0 3738 5530; ppageno 0'>
   <div class='ocr_carea' id='block_1_1' title="bbox 728 310 3189 398">
    <p class='ocr_par' dir='ltr' id='par_1_1' title="bbox 728 310 3189 398">
     <span class='ocr_line' id='line_1_1' title="bbox 728 310 3189 398; baseline -0.001 -31"><span class='ocrx_word' id='word_1_1' title='bbox 728 312 816 376; x_wconf 84' lang='grc'>20</span> <span class='ocrx_word' id='word_1_2' title='bbox 898 311 1341 367; x_wconf 74' lang='lat' dir='ltr'><strong><em>Commentarius</em></strong></span> <span class='ocrx_word' id='word_1_3' title='bbox 1370 311 1598 366; x_wconf 79' lang='lat' dir='ltr'><strong><em>criticus</em></strong></span> <span class='ocrx_word' id='word_1_4' title='bbox 1627 312 1686 365; x_wconf 84' lang='grc'><strong><em>31</em></strong></span> <span class='ocrx_word' id='word_1_5' title='bbox 1712 311 2035 381; x_wconf 74' lang='lat' dir='ltr'><strong>exegeticus</strong></span> <span class='ocrx_word' id='word_1_6' title='bbox 2061 311 2123 365; x_wconf 90' lang='lat' dir='ltr'><strong><em>in</em></strong></span> <span class='ocrx_word' id='word_1_7' title='bbox 2151 310 2437 381; x_wconf 89' lang='lat' dir='ltr'><strong><em>Apollonii</em></strong></span> <span class='ocrx_word' id='word_1_8' title='bbox 2464 310 2694 381; x_wconf 75' lang='lat' dir='ltr'><strong><em>Dyscoli</em></strong></span> <span class='ocrx_word' id='word_1_9' title='bbox 2720 311 2933 382; x_wconf 77' lang='lat' dir='ltr'><strong><em>scripta</em></strong></span> <span class='ocrx_word' id='word_1_10' title='bbox 2958 312 3189 398; x_wconf 68' lang='lat' dir='ltr'><strong><em>minore.</em></strong></span> 
     </span>
    </p>
   </div>
   <div class='ocr_carea' id='block_1_2' title="bbox 714 475 3338 1631">
    <p class='ocr_par' dir='ltr' id='par_1_2' title="bbox 909 475 3331 606">
     <span class='ocr_line' id='line_1_2' title="bbox 909 475 3331 606; baseline -0 -63"><span class='ocrx_word' id='word_1_11' title='bbox 909 486 965 606; x_wconf 91' lang='lat'><strong><em>9,</em></strong></span> <span class='ocrx_word' id='word_1_12' title='bbox 989 484 1068 542; x_wconf 89' lang='lat'><strong><em>12</em></strong></span> <span class='ocrx_word' id='word_1_13' title='bbox 1117 476 1279 542; x_wconf 86' lang='grc' dir='ltr'>κατὰ</span> <span class='ocrx_word' id='word_1_14' title='bbox 1323 478 1439 555; x_wconf 89' lang='grc' dir='ltr'><strong><em>τὴν</em></strong></span> <span class='ocrx_word' id='word_1_15' title='bbox 1486 480 1724 542; x_wconf 77' lang='grc' dir='ltr'>πτῶειν</span> <span class='ocrx_word' id='word_1_16' title='bbox 1769 477 1873 541; x_wconf 87' lang='grc' dir='ltr'><strong><em>καὶ</em></strong></span> <span class='ocrx_word' id='word_1_17' title='bbox 1916 475 2212 560; x_wconf 87' lang='grc' dir='ltr'>ἀριθμὸν]</span> <span class='ocrx_word' id='word_1_18' title='bbox 2261 476 2422 542; x_wconf 85' lang='grc' dir='ltr'>κατὰ</span> <span class='ocrx_word' id='word_1_19' title='bbox 2458 498 2560 542; x_wconf 86' lang='grc' dir='ltr'><strong><em>πτ.</em></strong></span> <span class='ocrx_word' id='word_1_20' title='bbox 2599 478 2700 542; x_wconf 86' lang='grc' dir='ltr'><strong><em>καὶ</em></strong></span> <span class='ocrx_word' id='word_1_21' title='bbox 2738 476 2835 555; x_wconf 88' lang='grc' dir='ltr'><strong><em>ἀρ.</em></strong></span> <span class='ocrx_word' id='word_1_22' title='bbox 2873 481 3154 548; x_wconf 86' lang='lat' dir='ltr'><strong><em>Hoerseh.</em></strong></span> <span class='ocrx_word' id='word_1_23' title='bbox 3187 483 3331 542; x_wconf 84' lang='lat'><strong>375.</strong></span> 
     </span>
    </p>

    <p class='ocr_par' dir='ltr' id='par_1_3' title="bbox 723 651 3338 916">
     <span class='ocr_line' id='line_1_3' title="bbox 904 651 3338 742; baseline 0 -23"><span class='ocrx_word' id='word_1_24' title='bbox 904 665 958 720; x_wconf 90' lang='grc'><strong><em>1.</em></strong></span> <span class='ocrx_word' id='word_1_25' title='bbox 1031 662 1362 721; x_wconf 84' lang='lat' dir='ltr'><strong><em>Pronomen</em></strong></span> <span class='ocrx_word' id='word_1_26' title='bbox 1393 662 1543 736; x_wconf 84' lang='lat' dir='ltr'><strong><em>poni</em></strong></span> <span class='ocrx_word' id='word_1_27' title='bbox 1585 661 1842 719; x_wconf 81' lang='lat' dir='ltr'><strong><em>nominis</em></strong></span> <span class='ocrx_word' id='word_1_28' title='bbox 1887 660 2006 719; x_wconf 68' lang='lat' dir='ltr'><strong><em>beo</em></strong></span> <span class='ocrx_word' id='word_1_29' title='bbox 2051 663 2299 734; x_wconf 85' lang='lat' dir='ltr'><strong><em>apparet</em></strong></span> <span class='ocrx_word' id='word_1_30' title='bbox 2341 651 2524 742; x_wconf 74' lang='lat' dir='ltr'><strong><em>(synt.</em></strong></span> <span class='ocrx_word' id='word_1_31' title='bbox 2577 662 2678 736; x_wconf 99' lang='lat'><strong><em>12,</em></strong></span> <span class='ocrx_word' id='word_1_32' title='bbox 2701 651 2786 742; x_wconf 84' lang='lat'><strong><em>7).</em></strong></span> <span class='ocrx_word' id='word_1_33' title='bbox 2879 659 3046 735; x_wconf 74' lang='lat' dir='ltr'><strong><em>Quod</em></strong></span> <span class='ocrx_word' id='word_1_34' title='bbox 3089 678 3195 720; x_wconf 69' lang='grc' dir='ltr'><strong><em>σιω·</em></strong></span> <span class='ocrx_word' id='word_1_35' title='bbox 3227 662 3338 733; x_wconf 74' lang='lat' dir='ltr'><strong><em>fiat</em></strong></span> 
     </span>
     <span class='ocr_line' id='line_1_4' title="bbox 726 740 3333 830; baseline -0 -20"><span class='ocrx_word' id='word_1_36' title='bbox 726 755 780 810; x_wconf 87' lang='lat' dir='ltr'><strong><em>et</em></strong></span> <span class='ocrx_word' id='word_1_37' title='bbox 813 769 1061 826; x_wconf 70' lang='lat' dir='ltr'><strong><em>quornm</em></strong></span> <span class='ocrx_word' id='word_1_38' title='bbox 1094 753 1398 810; x_wconf 75' lang='lat' dir='ltr'><strong><em>nominum</em></strong></span> <span class='ocrx_word' id='word_1_39' title='bbox 1433 751 1620 810; x_wconf 78' lang='lat' dir='ltr'><strong><em>locum</em></strong></span> <span class='ocrx_word' id='word_1_40' title='bbox 1654 753 1909 824; x_wconf 79' lang='lat' dir='ltr'><strong><em>occupet,</em></strong></span> <span class='ocrx_word' id='word_1_41' title='bbox 1956 749 2123 822; x_wconf 83' lang='lat' dir='ltr'><strong><em>infra</em></strong></span> <span class='ocrx_word' id='word_1_42' title='bbox 2169 740 2303 830; x_wconf 89' lang='lat'>(24,</span> <span class='ocrx_word' id='word_1_43' title='bbox 2325 752 2427 821; x_wconf 89' lang='lat'><strong><em>22,</em></strong></span> <span class='ocrx_word' id='word_1_44' title='bbox 2462 751 2617 826; x_wconf 76' lang='lat' dir='ltr'><strong><em>synt.</em></strong></span> <span class='ocrx_word' id='word_1_45' title='bbox 2650 751 2753 824; x_wconf 87' lang='lat'><strong><em>95,</em></strong></span> <span class='ocrx_word' id='word_1_46' title='bbox 2775 740 2886 829; x_wconf 94' lang='lat'><strong><em>11)</em></strong></span> <span class='ocrx_word' id='word_1_47' title='bbox 2943 751 3333 825; x_wconf 68' lang='lat' dir='ltr'><strong><em>emplicabitur.</em></strong></span> 
     </span>
     <span class='ocr_line' id='line_1_5' title="bbox 723 837 3333 916; baseline -0 -17"><span class='ocrx_word' id='word_1_48' title='bbox 723 840 1016 900; x_wconf 76' lang='lat' dir='ltr'><em>Personas</em></span> <span class='ocrx_word' id='word_1_49' title='bbox 1060 858 1194 900; x_wconf 86' lang='lat' dir='ltr'><strong><em>vero</em></strong></span> <span class='ocrx_word' id='word_1_50' title='bbox 1238 841 1479 913; x_wconf 76' lang='lat' dir='ltr'><strong><em>definiri</em></strong></span> <span class='ocrx_word' id='word_1_51' title='bbox 1523 840 1922 914; x_wconf 64' lang='lat' dir='ltr'><strong><em>exponendmn</em></strong></span> <span class='ocrx_word' id='word_1_52' title='bbox 1967 842 2050 898; x_wconf 86' lang='lat' dir='ltr'><strong><em>est</em></strong></span> <span class='ocrx_word' id='word_1_53' title='bbox 2095 837 2992 915; x_wconf 75' lang='lat' dir='ltr'><strong><em>9,14—-16.Gf.K1-omayer</em></strong></span> <span class='ocrx_word' id='word_1_54' title='bbox 3034 858 3200 916; x_wconf 66' lang='lat' dir='ltr'><strong><em>pron,</em></strong></span> <span class='ocrx_word' id='word_1_55' title='bbox 3232 841 3333 897; x_wconf 89' lang='lat'><strong><em>44.</em></strong></span> 
     </span>
    </p>

    <p class='ocr_par' dir='ltr' id='par_1_4' title="bbox 714 923 3336 1541">
     <span class='ocr_line' id='line_1_6' title="bbox 906 923 3335 1004; baseline -0 -14"><span class='ocrx_word' id='word_1_56' title='bbox 906 933 967 990; x_wconf 81' lang='lat'><strong><em>2.</em></strong></span> <span class='ocrx_word' id='word_1_57' title='bbox 1035 929 1218 990; x_wconf 87' lang='lat' dir='ltr'><strong><em>Omne</em></strong></span> <span class='ocrx_word' id='word_1_58' title='bbox 1250 947 1576 1004; x_wconf 76' lang='lat' dir='ltr'><em>pronomen</em></span> <span class='ocrx_word' id='word_1_59' title='bbox 1620 933 1726 988; x_wconf 80' lang='lat' dir='ltr'><strong><em>aut</em></strong></span> <span class='ocrx_word' id='word_1_60' title='bbox 1768 923 2285 988; x_wconf 70' lang='lat' dir='ltr'><strong><em>dmonstrativum</em></strong></span> <span class='ocrx_word' id='word_1_61' title='bbox 2329 933 2435 988; x_wconf 78' lang='lat' dir='ltr'><strong><em>ant</em></strong></span> <span class='ocrx_word' id='word_1_62' title='bbox 2475 929 2784 988; x_wconf 76' lang='lat' dir='ltr'><strong><em>relativum</em></strong></span> <span class='ocrx_word' id='word_1_63' title='bbox 2829 934 2947 1000; x_wconf 88' lang='lat' dir='ltr'><strong><em>est,·</em></strong></span> <span class='ocrx_word' id='word_1_64' title='bbox 2979 932 3335 1004; x_wconf 76' lang='lat' dir='ltr'><strong><em>pronomina</em></strong></span> 
     </span>
     <span class='ocr_line' id='line_1_7' title="bbox 714 1019 3336 1094; baseline -0 -15"><span class='ocrx_word' id='word_1_65' title='bbox 714 1023 954 1094; x_wconf 72' lang='lat' dir='ltr'><strong><em>primae</em></strong></span> <span class='ocrx_word' id='word_1_66' title='bbox 998 1024 1053 1078; x_wconf 88' lang='lat' dir='ltr'><strong><em>et</em></strong></span> <span class='ocrx_word' id='word_1_67' title='bbox 1093 1020 1382 1079; x_wconf 82' lang='lat' dir='ltr'><strong><em>seewndae</em></strong></span> <span class='ocrx_word' id='word_1_68' title='bbox 1408 1035 1700 1093; x_wconf 82' lang='lat' dir='ltr'><strong><em>personae</em></strong></span> <span class='ocrx_word' id='word_1_69' title='bbox 1736 1022 1963 1078; x_wconf 70' lang='lat' dir='ltr'><strong><em>tamum</em></strong></span> <span class='ocrx_word' id='word_1_70' title='bbox 1997 1019 2467 1088; x_wconf 80' lang='lat' dir='ltr'><strong><em>demonstrativa,</em></strong></span> <span class='ocrx_word' id='word_1_71' title='bbox 2514 1021 2715 1078; x_wconf 76' lang='lat' dir='ltr'><strong><em>tertiae</em></strong></span> <span class='ocrx_word' id='word_1_72' title='bbox 2748 1036 3121 1094; x_wconf 66' lang='lat' dir='ltr'><strong><em>quaeewnque</em></strong></span> <span class='ocrx_word' id='word_1_73' title='bbox 3150 1036 3336 1092; x_wconf 66' lang='lat' dir='ltr'><strong><em>,oenus</em></strong></span> 
     </span>
     <span class='ocr_line' id='line_1_8' title="bbox 724 1102 3333 1183; baseline -0.001 -14"><span class='ocrx_word' id='word_1_74' title='bbox 724 1110 1026 1169; x_wconf 81' lang='lat' dir='ltr'><strong><em>declarant</em></strong></span> <span class='ocrx_word' id='word_1_75' title='bbox 1080 1113 1132 1168; x_wconf 89' lang='lat' dir='ltr'><strong><em>et</em></strong></span> <span class='ocrx_word' id='word_1_76' title='bbox 1184 1109 1638 1169; x_wconf 82' lang='lat' dir='ltr'><strong><em>demonstrativa</em></strong></span> <span class='ocrx_word' id='word_1_77' title='bbox 1696 1112 1749 1167; x_wconf 88' lang='lat' dir='ltr'><strong><em>et</em></strong></span> <span class='ocrx_word' id='word_1_78' title='bbox 1800 1108 2050 1167; x_wconf 82' lang='lat' dir='ltr'><strong><em>relativa</em></strong></span> <span class='ocrx_word' id='word_1_79' title='bbox 2094 1112 2235 1167; x_wconf 85' lang='lat' dir='ltr'><strong><em>sunt</em></strong></span> <span class='ocrx_word' id='word_1_80' title='bbox 2277 1112 2501 1183; x_wconf 73' lang='lat' dir='ltr'><strong><em>excepto</em></strong></span> <span class='ocrx_word' id='word_1_81' title='bbox 2548 1102 2802 1179; x_wconf 59' lang='lat' dir='ltr'><strong><em>advoc</em></strong></span> <span class='ocrx_word' id='word_1_82' title='bbox 2858 1112 3045 1168; x_wconf 74' lang='lat' dir='ltr'><strong><em>cetera</em></strong></span> <span class='ocrx_word' id='word_1_83' title='bbox 3087 1108 3333 1168; x_wconf 77' lang='lat' dir='ltr'><strong><em>relativa</em></strong></span> 
     </span>
     <span class='ocr_line' id='line_1_9' title="bbox 720 1197 3335 1272; baseline -0.001 -14"><span class='ocrx_word' id='word_1_84' title='bbox 720 1203 872 1258; x_wconf 83' lang='lat' dir='ltr'><strong><em>swnt.</em></strong></span> <span class='ocrx_word' id='word_1_85' title='bbox 963 1197 1103 1257; x_wconf 89' lang='lat' dir='ltr'><strong><em>Iam</em></strong></span> <span class='ocrx_word' id='word_1_86' title='bbox 1157 1216 1288 1257; x_wconf 75' lang='lat' dir='ltr'><strong><em>oum</em></strong></span> <span class='ocrx_word' id='word_1_87' title='bbox 1343 1216 1413 1258; x_wconf 87' lang='lat' dir='ltr'><strong><em>ea</em></strong></span> <span class='ocrx_word' id='word_1_88' title='bbox 1465 1215 1615 1272; x_wconf 72' lang='lat' dir='ltr'><strong><em>quae</em></strong></span> <span class='ocrx_word' id='word_1_89' title='bbox 1667 1198 2141 1257; x_wconf 63' lang='lat' dir='ltr'><strong><em>amnon-sirm</em></strong></span> <span class='ocrx_word' id='word_1_90' title='bbox 2193 1198 2581 1269; x_wconf 77' lang='lat' dir='ltr'><strong><em>definiantur,</em></strong></span> <span class='ocrx_word' id='word_1_91' title='bbox 2645 1215 2887 1272; x_wconf 74' lang='lat' dir='ltr'><strong><em>eumque</em></strong></span> <span class='ocrx_word' id='word_1_92' title='bbox 2939 1215 3010 1256; x_wconf 85' lang='lat' dir='ltr'><strong><em>ea</em></strong></span> <span class='ocrx_word' id='word_1_93' title='bbox 3053 1215 3203 1272; x_wconf 70' lang='lat' dir='ltr'><strong><em>quae</em></strong></span> <span class='ocrx_word' id='word_1_94' title='bbox 3246 1215 3335 1256; x_wconf 88' lang='lat' dir='ltr'><strong><em>re-</em></strong></span> 
     </span>
     <span class='ocr_line' id='line_1_10' title="bbox 720 1288 3335 1362; baseline -0 -15"><span class='ocrx_word' id='word_1_95' title='bbox 720 1288 996 1361; x_wconf 66' lang='lat' dir='ltr'><strong><em>feruntur</em></strong></span> <span class='ocrx_word' id='word_1_96' title='bbox 1039 1288 1459 1347; x_wconf 74' lang='lat' dir='ltr'><strong><em>mzteeedentem</em></strong></span> <span class='ocrx_word' id='word_1_97' title='bbox 1498 1289 1875 1362; x_wconf 71' lang='lat' dir='ltr'><strong><em>ooynitwnem</em></strong></span> <span class='ocrx_word' id='word_1_98' title='bbox 1910 1288 2250 1361; x_wconf 65' lang='lat' dir='ltr'><strong><em>siynifieent,</em></strong></span> <span class='ocrx_word' id='word_1_99' title='bbox 2302 1305 2451 1360; x_wconf 76' lang='lat' dir='ltr'><strong><em>quae</em></strong></span> <span class='ocrx_word' id='word_1_100' title='bbox 2488 1291 2571 1346; x_wconf 87' lang='lat' dir='ltr'><strong><em>est</em></strong></span> <span class='ocrx_word' id='word_1_101' title='bbox 2604 1288 2848 1360; x_wconf 71' lang='lat' dir='ltr'><strong><em>definita</em></strong></span> <span class='ocrx_word' id='word_1_102' title='bbox 2881 1304 3158 1362; x_wconf 51' lang='lat' dir='ltr'><strong><em>persona,</em></strong></span> <span class='ocrx_word' id='word_1_103' title='bbox 3192 1305 3335 1361; x_wconf 92' lang='lat' dir='ltr'><strong><em>pro-</em></strong></span> 
     </span>
     <span class='ocr_line' id='line_1_11' title="bbox 719 1376 3335 1452; baseline -0.001 -15"><span class='ocrx_word' id='word_1_104' title='bbox 719 1395 932 1437; x_wconf 85' lang='lat' dir='ltr'><strong><em>nomen</em></strong></span> <span class='ocrx_word' id='word_1_105' title='bbox 983 1379 1106 1436; x_wconf 83' lang='lat' dir='ltr'><strong><em>sive</em></strong></span> <span class='ocrx_word' id='word_1_106' title='bbox 1158 1376 1312 1436; x_wconf 68' lang='lat' dir='ltr'><strong><em>hune</em></strong></span> <span class='ocrx_word' id='word_1_107' title='bbox 1363 1379 1486 1436; x_wconf 83' lang='lat' dir='ltr'><strong><em>sive</em></strong></span> <span class='ocrx_word' id='word_1_108' title='bbox 1538 1377 1708 1436; x_wconf 79' lang='lat' dir='ltr'><strong><em>illum</em></strong></span> <span class='ocrx_word' id='word_1_109' title='bbox 1759 1394 1936 1436; x_wconf 78' lang='lat' dir='ltr'><strong><em>usum</em></strong></span> <span class='ocrx_word' id='word_1_110' title='bbox 1978 1376 2149 1436; x_wconf 76' lang='lat' dir='ltr'><strong><em>habet</em></strong></span> <span class='ocrx_word' id='word_1_111' title='bbox 2190 1394 2417 1449; x_wconf 87' lang='lat' dir='ltr'><strong><em>semper</em></strong></span> <span class='ocrx_word' id='word_1_112' title='bbox 2460 1377 2734 1449; x_wconf 74' lang='lat' dir='ltr'><strong><em>definitas</em></strong></span> <span class='ocrx_word' id='word_1_113' title='bbox 2766 1393 3060 1452; x_wconf 75' lang='lat' dir='ltr'><strong><em>personas</em></strong></span> <span class='ocrx_word' id='word_1_114' title='bbox 3102 1392 3335 1451; x_wconf 86' lang='lat' dir='ltr'><strong><em>reprae-</em></strong></span> 
     </span>
     <span class='ocr_line' id='line_1_12' title="bbox 719 1463 2640 1541; baseline -0.002 -16"><span class='ocrx_word' id='word_1_115' title='bbox 719 1469 910 1527; x_wconf 85' lang='lat' dir='ltr'><strong><em>sentat</em></strong></span> <span class='ocrx_word' id='word_1_116' title='bbox 957 1467 1395 1541; x_wconf 90' lang='grc'>9,17--10,7.</span> <span class='ocrx_word' id='word_1_117' title='bbox 1491 1463 1576 1524; x_wconf 82' lang='lat' dir='ltr'><strong><em>Cf.</em></strong></span> <span class='ocrx_word' id='word_1_118' title='bbox 1624 1464 1805 1525; x_wconf 87' lang='lat' dir='ltr'><strong><em>Prise.</em></strong></span> <span class='ocrx_word' id='word_1_119' title='bbox 1852 1464 1971 1524; x_wconf 89' lang='lat' dir='ltr'><strong><em>XII</em></strong></span> <span class='ocrx_word' id='word_1_120' title='bbox 2009 1466 2047 1524; x_wconf 99' lang='lat'><strong>3</strong></span> <span class='ocrx_word' id='word_1_121' title='bbox 2093 1485 2150 1541; x_wconf 93' lang='lat' dir='ltr'><strong><em>p.</em></strong></span> <span class='ocrx_word' id='word_1_122' title='bbox 2193 1464 2640 1539; x_wconf 84' lang='grc'>578,18-24.</span> 
     </span>
    </p>

    <p class='ocr_par' dir='ltr' id='par_1_5' title="bbox 901 1548 3325 1631">
     <span class='ocr_line' id='line_1_13' title="bbox 901 1548 3325 1631; baseline 0 -16"><span class='ocrx_word' id='word_1_123' title='bbox 901 1558 1062 1631; x_wconf 92' lang='grc'>9,17</span> <span class='ocrx_word' id='word_1_124' title='bbox 1129 1554 1321 1615; x_wconf 79' lang='lat' dir='ltr'><strong><em>Schol.</em></strong></span> <span class='ocrx_word' id='word_1_125' title='bbox 1366 1553 1477 1614; x_wconf 86' lang='lat' dir='ltr'><strong><em>AG</em></strong></span> <span class='ocrx_word' id='word_1_126' title='bbox 1515 1555 1663 1630; x_wconf 85' lang='grc'><strong>887,</strong></span> <span class='ocrx_word' id='word_1_127' title='bbox 1684 1556 1768 1615; x_wconf 89' lang='lat'><strong><em>30</em></strong></span> <span class='ocrx_word' id='word_1_128' title='bbox 1821 1550 1862 1627; x_wconf 90' lang='grc' dir='ltr'>ἡ</span> <span class='ocrx_word' id='word_1_129' title='bbox 1919 1549 2043 1629; x_wconf 81' lang='grc' dir='ltr'><strong><em>γὰρ</em></strong></span> <span class='ocrx_word' id='word_1_130' title='bbox 2108 1548 2477 1629; x_wconf 83' lang='grc' dir='ltr'>ἀντωνυμία</span> <span class='ocrx_word' id='word_1_131' title='bbox 2534 1551 2899 1631; x_wconf 76' lang='grc' dir='ltr'>προεώπων</span> <span class='ocrx_word' id='word_1_132' title='bbox 2960 1550 3325 1630; x_wconf 77' lang='grc' dir='ltr'>ὡριεμένων</span> 
     </span>
    </p>
   </div>
   <div class='ocr_carea' id='block_1_3' title="bbox 723 1638 3332 1815">
    <p class='ocr_par' dir='ltr' id='par_1_6' title="bbox 723 1638 3332 1815">
     <span class='ocr_line' id='line_1_14' title="bbox 723 1638 2701 1720; baseline 0 -15"><span class='ocrx_word' id='word_1_133' title='bbox 723 1640 851 1706; x_wconf 77' lang='grc' dir='ltr'>ἐετὶ</span> <span class='ocrx_word' id='word_1_134' title='bbox 896 1640 1325 1719; x_wconf 78' lang='grc' dir='ltr'>παραετατικὴ</span> <span class='ocrx_word' id='word_1_135' title='bbox 1372 1640 1411 1718; x_wconf 89' lang='grc' dir='ltr'>ἢ</span> <span class='ocrx_word' id='word_1_136' title='bbox 1460 1640 1566 1704; x_wconf 84' lang='grc' dir='ltr'><strong><em>διὰ</em></strong></span> <span class='ocrx_word' id='word_1_137' title='bbox 1611 1639 1868 1705; x_wconf 71' lang='grc' dir='ltr'>δείξεως</span> <span class='ocrx_word' id='word_1_138' title='bbox 1912 1640 1952 1717; x_wconf 86' lang='grc' dir='ltr'>ἢ</span> <span class='ocrx_word' id='word_1_139' title='bbox 2001 1638 2357 1718; x_wconf 70' lang='grc' dir='ltr'>ἀναφορᾶς</span> <span class='ocrx_word' id='word_1_140' title='bbox 2434 1645 2701 1720; x_wconf 86' lang='lat'><strong><em>904,13.</em></strong></span> 
     </span>
     <span class='ocr_line' id='line_1_15' title="bbox 901 1689 3332 1815; baseline 0 -22"><span class='ocrx_word' id='word_1_141' title='bbox 901 1736 1004 1810; x_wconf 91' lang='grc'><strong><em>10,</em></strong></span> <span class='ocrx_word' id='word_1_142' title='bbox 1026 1736 1062 1793; x_wconf 88' lang='grc'>2</span> <span class='ocrx_word' id='word_1_143' title='bbox 1129 1733 1292 1804; x_wconf 78' lang='lat' dir='ltr'><strong><em>Quae</em></strong></span> <span class='ocrx_word' id='word_1_144' title='bbox 1337 1732 1523 1812; x_wconf 82' lang='lat' dir='ltr'><strong><em>Uhlig</em></strong></span> <span class='ocrx_word' id='word_1_145' title='bbox 1567 1753 1598 1793; x_wconf 92' lang='lat' dir='ltr'><strong><em>e</em></strong></span> <span class='ocrx_word' id='word_1_146' title='bbox 1644 1733 1822 1793; x_wconf 87' lang='lat' dir='ltr'><strong><em>sehol</em></strong></span> <span class='ocrx_word' id='word_1_147' title='bbox 1891 1725 2071 1815; x_wconf 90' lang='grc'>(247,</span> <span class='ocrx_word' id='word_1_148' title='bbox 2092 1734 2175 1793; x_wconf 82' lang='grc'><strong><em>34</em></strong></span> <span class='ocrx_word' id='word_1_149' title='bbox 2213 1724 2406 1815; x_wconf 87' lang='lat' dir='ltr'><strong><em>Hilg.)</em></strong></span> <span class='ocrx_word' id='word_1_150' title='bbox 2472 1689 2736 1810; x_wconf 76' lang='lat' dir='ltr'>addidit,</span> <span class='ocrx_word' id='word_1_151' title='bbox 2798 1735 3129 1795; x_wconf 75' lang='lat' dir='ltr'><strong><em>necessaria</em></strong></span> <span class='ocrx_word' id='word_1_152' title='bbox 3191 1739 3332 1794; x_wconf 81' lang='lat' dir='ltr'><strong><em>sunt</em></strong></span> 
     </span>
    </p>
   </div>
   <div class='ocr_carea' id='block_1_4' title="bbox 715 1814 3332 2708">
    <p class='ocr_par' dir='ltr' id='par_1_7' title="bbox 719 1814 3331 1991">
     <span class='ocr_line' id='line_1_16' title="bbox 720 1814 3331 1906; baseline 0 -23"><span class='ocrx_word' id='word_1_153' title='bbox 720 1816 949 1906; x_wconf 69' lang='lat' dir='ltr'><strong><em>(aptius</em></strong></span> <span class='ocrx_word' id='word_1_154' title='bbox 993 1826 1145 1899; x_wconf 89' lang='lat'>10,1</span> <span class='ocrx_word' id='word_1_155' title='bbox 1187 1826 1326 1900; x_wconf 82' lang='lat' dir='ltr'><strong><em>post</em></strong></span> <span class='ocrx_word' id='word_1_156' title='bbox 1371 1819 1533 1883; x_wconf 86' lang='grc' dir='ltr'>κατὰ</span> <span class='ocrx_word' id='word_1_157' title='bbox 1577 1819 1654 1883; x_wconf 87' lang='grc' dir='ltr'><strong><em>τὸ</em></strong></span> <span class='ocrx_word' id='word_1_158' title='bbox 1700 1818 1917 1897; x_wconf 88' lang='grc' dir='ltr'>τρίτον</span> <span class='ocrx_word' id='word_1_159' title='bbox 1962 1826 2285 1899; x_wconf 60' lang='lat' dir='ltr'><strong><em>ponuntur,</em></strong></span> <span class='ocrx_word' id='word_1_160' title='bbox 2329 1843 2382 1883; x_wconf 83' lang='lat' dir='ltr'><strong><em>v.</em></strong></span> <span class='ocrx_word' id='word_1_161' title='bbox 2431 1814 2656 1905; x_wconf 68' lang='lat' dir='ltr'><strong><em>schol.)</em></strong></span> <span class='ocrx_word' id='word_1_162' title='bbox 2750 1823 2913 1893; x_wconf 80' lang='lat' dir='ltr'><strong><em>Quae</em></strong></span> <span class='ocrx_word' id='word_1_163' title='bbox 2960 1827 3013 1885; x_wconf 90' lang='lat' dir='ltr'><strong><em>si</em></strong></span> <span class='ocrx_word' id='word_1_164' title='bbox 3048 1825 3331 1900; x_wconf 87' lang='lat' dir='ltr'><strong><em>omiseris,</em></strong></span> 
     </span>
     <span class='ocr_line' id='line_1_17' title="bbox 719 1912 3107 1991; baseline 0.001 -20"><span class='ocrx_word' id='word_1_165' title='bbox 719 1913 875 1973; x_wconf 72' lang='lat' dir='ltr'><strong><em>falsa</em></strong></span> <span class='ocrx_word' id='word_1_166' title='bbox 919 1915 1061 1973; x_wconf 82' lang='lat' dir='ltr'><strong><em>sunt</em></strong></span> <span class='ocrx_word' id='word_1_167' title='bbox 1106 1932 1259 1991; x_wconf 79' lang='lat' dir='ltr'><strong><em>quae</em></strong></span> <span class='ocrx_word' id='word_1_168' title='bbox 1304 1912 1359 1970; x_wconf 96' lang='grc'><strong><em>11.</em></strong></span> <span class='ocrx_word' id='word_1_169' title='bbox 1407 1913 1446 1971; x_wconf 92' lang='lat' dir='ltr'><strong><em>l.</em></strong></span> <span class='ocrx_word' id='word_1_170' title='bbox 1493 1913 1774 1990; x_wconf 81' lang='lat' dir='ltr'><strong><em>leguntur</em></strong></span> <span class='ocrx_word' id='word_1_171' title='bbox 1817 1913 2208 1989; x_wconf 77' lang='lat' dir='ltr'>pugnantque</span> <span class='ocrx_word' id='word_1_172' title='bbox 2254 1930 2389 1971; x_wconf 86' lang='lat' dir='ltr'><strong><em>eum</em></strong></span> <span class='ocrx_word' id='word_1_173' title='bbox 2435 1914 2519 1973; x_wconf 88' lang='lat' dir='ltr'><strong><em>eis</em></strong></span> <span class='ocrx_word' id='word_1_174' title='bbox 2566 1932 2719 1989; x_wconf 81' lang='lat' dir='ltr'><strong><em>quae</em></strong></span> <span class='ocrx_word' id='word_1_175' title='bbox 2764 1916 3107 1991; x_wconf 75' lang='lat' dir='ltr'><strong><em>sequuntur.</em></strong></span> 
     </span>
    </p>

    <p class='ocr_par' dir='ltr' id='par_1_8' title="bbox 718 1995 3332 2260">
     <span class='ocr_line' id='line_1_18' title="bbox 902 1995 3332 2079; baseline 0 -17"><span class='ocrx_word' id='word_1_176' title='bbox 902 2003 1060 2079; x_wconf 88' lang='lat'><strong><em>10,3</em></strong></span> <span class='ocrx_word' id='word_1_177' title='bbox 1109 2001 1289 2062; x_wconf 81' lang='lat' dir='ltr'><strong>Prisc.</strong></span> <span class='ocrx_word' id='word_1_178' title='bbox 1326 2001 1445 2061; x_wconf 91' lang='lat' dir='ltr'><strong><em>XII</em></strong></span> <span class='ocrx_word' id='word_1_179' title='bbox 1475 2004 1512 2062; x_wconf 88' lang='lat'><strong>3</strong></span> <span class='ocrx_word' id='word_1_180' title='bbox 1550 2022 1608 2078; x_wconf 89' lang='lat' dir='ltr'><strong><em>p.</em></strong></span> <span class='ocrx_word' id='word_1_181' title='bbox 1642 2004 1789 2077; x_wconf 84' lang='grc'><strong>579,</strong></span> <span class='ocrx_word' id='word_1_182' title='bbox 1812 2005 1845 2060; x_wconf 93' lang='grc'><strong><em>1</em></strong></span> <span class='ocrx_word' id='word_1_183' title='bbox 1889 1995 2065 2078; x_wconf 74' lang='lat' dir='ltr'><strong><em>‘ipse&#39;</em></strong></span> <span class='ocrx_word' id='word_1_184' title='bbox 2112 2020 2271 2076; x_wconf 83' lang='lat' dir='ltr'><strong><em>vere,</em></strong></span> <span class='ocrx_word' id='word_1_185' title='bbox 2317 2001 2368 2061; x_wconf 89' lang='lat' dir='ltr'><strong><em>si</em></strong></span> <span class='ocrx_word' id='word_1_186' title='bbox 2413 2021 2522 2078; x_wconf 89' lang='lat' dir='ltr'><strong><em>per</em></strong></span> <span class='ocrx_word' id='word_1_187' title='bbox 2566 2021 2629 2062; x_wconf 88' lang='lat' dir='ltr'><strong><em>se</em></strong></span> <span class='ocrx_word' id='word_1_188' title='bbox 2674 2003 3066 2079; x_wconf 77' lang='lat' dir='ltr'><strong><em>proferatur</em></strong></span> <span class='ocrx_word' id='word_1_189' title='bbox 3048 2023 3113 2061; x_wconf 90' lang='grc'><strong><em>111</em></strong></span> <span class='ocrx_word' id='word_1_190' title='bbox 3149 2003 3332 2063; x_wconf 76' lang='lat' dir='ltr'><strong><em>tertia</em></strong></span> 
     </span>
     <span class='ocr_line' id='line_1_19' title="bbox 718 2091 3330 2171; baseline 0 -19"><span class='ocrx_word' id='word_1_191' title='bbox 718 2110 972 2169; x_wconf 82' lang='lat' dir='ltr'><strong><em>persona</em></strong></span> <span class='ocrx_word' id='word_1_192' title='bbox 987 2138 1003 2168; x_wconf 89' lang='lat'>,</span> <span class='ocrx_word' id='word_1_193' title='bbox 1047 2092 1366 2152; x_wconf 76' lang='lat' dir='ltr'><strong><em>relativum</em></strong></span> <span class='ocrx_word' id='word_1_194' title='bbox 1411 2095 1502 2152; x_wconf 85' lang='grc'><strong><em>331</em></strong></span> <span class='ocrx_word' id='word_1_195' title='bbox 1540 2137 1552 2148; x_wconf 94' lang='grc'>.</span> <span class='ocrx_word' id='word_1_196' title='bbox 1593 2137 1605 2148; x_wconf 94' lang='grc'>.</span> <span class='ocrx_word' id='word_1_197' title='bbox 1643 2091 1696 2151; x_wconf 87' lang='grc'><strong><em>31</em></strong></span> <span class='ocrx_word' id='word_1_198' title='bbox 1740 2110 1881 2150; x_wconf 84' lang='lat' dir='ltr'><strong><em>vero</em></strong></span> <span class='ocrx_word' id='word_1_199' title='bbox 1928 2109 2062 2150; x_wconf 84' lang='lat' dir='ltr'><strong><em>cum</em></strong></span> <span class='ocrx_word' id='word_1_200' title='bbox 2108 2091 2244 2150; x_wconf 84' lang='grc'>31113</span> <span class='ocrx_word' id='word_1_201' title='bbox 2289 2091 2737 2168; x_wconf 78' lang='lat' dir='ltr'><strong><em>pronominibus</em></strong></span> <span class='ocrx_word' id='word_1_202' title='bbox 2781 2095 3084 2171; x_wconf 78' lang='lat' dir='ltr'><strong><em>iungatur,</em></strong></span> <span class='ocrx_word' id='word_1_203' title='bbox 3130 2112 3330 2153; x_wconf 86' lang='lat' dir='ltr'><strong><em>eorum</em></strong></span> 
     </span>
     <span class='ocr_line' id='line_1_20' title="bbox 718 2181 1490 2260; baseline -0.003 -18"><span class='ocrx_word' id='word_1_204' title='bbox 718 2182 938 2259; x_wconf 74' lang='lat' dir='ltr'><strong><em>accipit</em></strong></span> <span class='ocrx_word' id='word_1_205' title='bbox 982 2181 1490 2260; x_wconf 66' lang='lat' dir='ltr'><strong><em>significationem.</em></strong></span> 
     </span>
    </p>

    <p class='ocr_par' dir='ltr' id='par_1_9' title="bbox 901 2269 2616 2347">
     <span class='ocr_line' id='line_1_21' title="bbox 901 2269 2616 2347; baseline 0 -16"><span class='ocrx_word' id='word_1_206' title='bbox 901 2273 1063 2347; x_wconf 85' lang='lat'>10‚4</span> <span class='ocrx_word' id='word_1_207' title='bbox 1110 2287 1180 2332; x_wconf 86' lang='grc' dir='ltr'><strong><em>τε</em></strong></span> <span class='ocrx_word' id='word_1_208' title='bbox 1226 2271 1381 2331; x_wconf 80' lang='lat' dir='ltr'><strong>sitne</strong></span> <span class='ocrx_word' id='word_1_209' title='bbox 1426 2269 1781 2330; x_wconf 73' lang='lat' dir='ltr'><strong><em>mutandum</em></strong></span> <span class='ocrx_word' id='word_1_210' title='bbox 1824 2289 1983 2329; x_wconf 83' lang='lat' dir='ltr'><strong><em>nunc</em></strong></span> <span class='ocrx_word' id='word_1_211' title='bbox 2027 2269 2262 2346; x_wconf 76' lang='lat' dir='ltr'><strong><em>dubit03</em></strong></span> <span class='ocrx_word' id='word_1_212' title='bbox 2310 2271 2386 2330; x_wconf 78' lang='lat' dir='ltr'><strong><em>ad</em></strong></span> <span class='ocrx_word' id='word_1_213' title='bbox 2436 2275 2495 2347; x_wconf 86' lang='grc'><strong><em>7,</em></strong></span> <span class='ocrx_word' id='word_1_214' title='bbox 2518 2274 2616 2331; x_wconf 87' lang='lat'><strong><em>28.</em></strong></span> 
     </span>
    </p>

    <p class='ocr_par' dir='ltr' id='par_1_10' title="bbox 715 2353 3328 2528">
     <span class='ocr_line' id='line_1_22' title="bbox 900 2353 3328 2440; baseline 0 -19"><span class='ocrx_word' id='word_1_215' title='bbox 900 2363 1009 2437; x_wconf 90' lang='grc'><strong><em>10,</em></strong></span> <span class='ocrx_word' id='word_1_216' title='bbox 1040 2361 1077 2420; x_wconf 89' lang='grc'><strong>5</strong></span> <span class='ocrx_word' id='word_1_217' title='bbox 1162 2360 1395 2432; x_wconf 76' lang='grc' dir='ltr'>γνῶειν</span> <span class='ocrx_word' id='word_1_218' title='bbox 1476 2353 2021 2438; x_wconf 77' lang='grc' dir='ltr'>προϋφεετῶεαν]</span> <span class='ocrx_word' id='word_1_219' title='bbox 2107 2359 2459 2421; x_wconf 79' lang='lat' dir='ltr'><strong><em>antecedens</em></strong></span> <span class='ocrx_word' id='word_1_220' title='bbox 2540 2362 2801 2440; x_wconf 77' lang='lat' dir='ltr'><strong><em>cognitio</em></strong></span> <span class='ocrx_word' id='word_1_221' title='bbox 2884 2360 3064 2421; x_wconf 77' lang='lat' dir='ltr'><strong><em>Prisc.</em></strong></span> <span class='ocrx_word' id='word_1_222' title='bbox 3125 2361 3244 2420; x_wconf 90' lang='lat' dir='ltr'><strong><em>XII</em></strong></span> <span class='ocrx_word' id='word_1_223' title='bbox 3291 2365 3328 2421; x_wconf 89' lang='lat'>2</span> 
     </span>
     <span class='ocr_line' id='line_1_23' title="bbox 715 2450 1081 2528; baseline 0 -20"><span class='ocrx_word' id='word_1_224' title='bbox 715 2471 771 2528; x_wconf 90' lang='lat' dir='ltr'><strong><em>p.</em></strong></span> <span class='ocrx_word' id='word_1_225' title='bbox 813 2450 962 2526; x_wconf 81' lang='lat'>578,</span> <span class='ocrx_word' id='word_1_226' title='bbox 983 2452 1081 2511; x_wconf 89' lang='lat'><strong><em>13.</em></strong></span> 
     </span>
    </p>

    <p class='ocr_par' dir='ltr' id='par_1_11' title="bbox 717 2532 3330 2708">
     <span class='ocr_line' id='line_1_24' title="bbox 899 2532 3330 2618; baseline -0 -19"><span class='ocrx_word' id='word_1_227' title='bbox 899 2542 998 2616; x_wconf 90' lang='lat'><strong><em>10,</em></strong></span> <span class='ocrx_word' id='word_1_228' title='bbox 1022 2541 1058 2598; x_wconf 87' lang='grc'><strong>6</strong></span> <span class='ocrx_word' id='word_1_229' title='bbox 1117 2558 1226 2617; x_wconf 88' lang='lat' dir='ltr'><strong><em>pro</em></strong></span> <span class='ocrx_word' id='word_1_230' title='bbox 1284 2534 1480 2599; x_wconf 87' lang='grc' dir='ltr'>πάλιν</span> <span class='ocrx_word' id='word_1_231' title='bbox 1526 2539 1778 2599; x_wconf 80' lang='lat' dir='ltr'><strong><em>coniecit</em></strong></span> <span class='ocrx_word' id='word_1_232' title='bbox 1822 2533 2021 2598; x_wconf 87' lang='grc' dir='ltr'>πάλαι</span> <span class='ocrx_word' id='word_1_233' title='bbox 2067 2532 2339 2618; x_wconf 77' lang='lat' dir='ltr'><strong><em>Segnior,</em></strong></span> <span class='ocrx_word' id='word_1_234' title='bbox 2399 2539 2490 2599; x_wconf 78' lang='lat' dir='ltr'><strong><em>Le,</em></strong></span> <span class='ocrx_word' id='word_1_235' title='bbox 2532 2539 2908 2616; x_wconf 81' lang='lat' dir='ltr'><strong><em>philosophie</em></strong></span> <span class='ocrx_word' id='word_1_236' title='bbox 2956 2540 3035 2598; x_wconf 89' lang='lat' dir='ltr'><strong><em>du</em></strong></span> <span class='ocrx_word' id='word_1_237' title='bbox 3072 2540 3330 2618; x_wconf 75' lang='lat' dir='ltr'><strong><em>lengsge</em></strong></span> 
     </span>
     <span class='ocr_line' id='line_1_25' title="bbox 717 2622 3330 2708; baseline -0.001 -19"><span class='ocrx_word' id='word_1_238' title='bbox 717 2623 947 2708; x_wconf 74' lang='lat' dir='ltr'><strong><em>d&#39;npres</em></strong></span> <span class='ocrx_word' id='word_1_239' title='bbox 1011 2629 1277 2688; x_wconf 75' lang='lat' dir='ltr'><strong><em>Aristote</em></strong></span> <span class='ocrx_word' id='word_1_240' title='bbox 1336 2628 1499 2687; x_wconf 71' lang='lat'><strong><em>126*</em></strong></span> <span class='ocrx_word' id='word_1_241' title='bbox 1562 2629 1860 2705; x_wconf 80' lang='lat' dir='ltr'>vertitque</span> <span class='ocrx_word' id='word_1_242' title='bbox 1927 2622 2010 2687; x_wconf 78' lang='lat' dir='ltr'><strong><em>‘la</em></strong></span> <span class='ocrx_word' id='word_1_243' title='bbox 2072 2646 2362 2704; x_wconf 77' lang='lat' dir='ltr'><strong><em>personne</em></strong></span> <span class='ocrx_word' id='word_1_244' title='bbox 2426 2622 2561 2705; x_wconf 65' lang='lat' dir='ltr'><strong><em>dejh</em></strong></span> <span class='ocrx_word' id='word_1_245' title='bbox 2625 2623 2878 2688; x_wconf 74' lang='lat' dir='ltr'><strong><em>definie&#39;.</em></strong></span> <span class='ocrx_word' id='word_1_246' title='bbox 2990 2626 3160 2698; x_wconf 81' lang='lat' dir='ltr'><strong><em>Quod</em></strong></span> <span class='ocrx_word' id='word_1_247' title='bbox 3210 2648 3330 2689; x_wconf 89' lang='lat' dir='ltr'><strong><em>non</em></strong></span> 
     </span>
    </p>
   </div>
   <div class='ocr_carea' id='block_1_5' title="bbox 715 2717 3331 2798">
    <p class='ocr_par' dir='ltr' id='par_1_12' title="bbox 715 2717 3331 2798">
     <span class='ocr_line' id='line_1_26' title="bbox 715 2717 3331 2798; baseline -0.001 -18"><span class='ocrx_word' id='word_1_248' title='bbox 715 2718 991 2797; x_wconf 74' lang='lat' dir='ltr'><strong><em>displicet</em></strong></span> <span class='ocrx_word' id='word_1_249' title='bbox 1048 2717 1381 2798; x_wconf 87' lang='lat' dir='ltr'><strong><em>Egenolffio</em></strong></span> <span class='ocrx_word' id='word_1_250' title='bbox 1426 2718 1458 2777; x_wconf 93' lang='grc' dir='ltr'>Ι</span> <span class='ocrx_word' id='word_1_251' title='bbox 1497 2719 1626 2779; x_wconf 86' lang='grc'><strong><em>840</em></strong></span> <span class='ocrx_word' id='word_1_252' title='bbox 1689 2718 1760 2779; x_wconf 86' lang='lat' dir='ltr'><strong><em>ol.</em></strong></span> <span class='ocrx_word' id='word_1_253' title='bbox 1807 2736 1974 2795; x_wconf 89' lang='lat' dir='ltr'><strong><em>pron.</em></strong></span> <span class='ocrx_word' id='word_1_254' title='bbox 2019 2720 2241 2793; x_wconf 88' lang='lat'>14,11.</span> <span class='ocrx_word' id='word_1_255' title='bbox 2293 2720 2396 2795; x_wconf 84' lang='lat'><strong><em>64,</em></strong></span> <span class='ocrx_word' id='word_1_256' title='bbox 2418 2722 2472 2780; x_wconf 91' lang='lat'><strong><em>9.</em></strong></span> <span class='ocrx_word' id='word_1_257' title='bbox 2584 2717 2701 2778; x_wconf 87' lang='lat' dir='ltr'><strong><em>Sed</em></strong></span> <span class='ocrx_word' id='word_1_258' title='bbox 2765 2718 2911 2779; x_wconf 82' lang='lat' dir='ltr'><strong><em>locis</em></strong></span> <span class='ocrx_word' id='word_1_259' title='bbox 2976 2718 3177 2779; x_wconf 74' lang='grc'>3113113</span> <span class='ocrx_word' id='word_1_260' title='bbox 3241 2722 3331 2779; x_wconf 83' lang='grc'><strong><em>331</em></strong></span> 
     </span>
    </p>
   </div>
   <div class='ocr_carea' id='block_1_6' title="bbox 707 2803 3332 5030">
    <p class='ocr_par' dir='ltr' id='par_1_13' title="bbox 712 2803 3329 3065">
     <span class='ocr_line' id='line_1_27' title="bbox 715 2803 3327 2884; baseline -0 -15"><span class='ocrx_word' id='word_1_261' title='bbox 715 2805 912 2870; x_wconf 81' lang='grc' dir='ltr'>πάλαι</span> <span class='ocrx_word' id='word_1_262' title='bbox 977 2805 1468 2883; x_wconf 76' lang='grc' dir='ltr'>γινωεκόμενοε,</span> <span class='ocrx_word' id='word_1_263' title='bbox 1532 2808 1590 2867; x_wconf 89' lang='grc'><strong><em>11.</em></strong></span> <span class='ocrx_word' id='word_1_264' title='bbox 1637 2808 1675 2866; x_wconf 93' lang='lat' dir='ltr'><strong><em>l.</em></strong></span> <span class='ocrx_word' id='word_1_265' title='bbox 1725 2803 2097 2883; x_wconf 77' lang='grc' dir='ltr'>ὼριεμένο(;</span> <span class='ocrx_word' id='word_1_266' title='bbox 2158 2808 2387 2880; x_wconf 77' lang='grc' dir='ltr'>γνῶει(</span> <span class='ocrx_word' id='word_1_267' title='bbox 2442 2825 2572 2883; x_wconf 86' lang='grc' dir='ltr'><strong><em>πρ.,</em></strong></span> <span class='ocrx_word' id='word_1_268' title='bbox 2635 2804 2674 2869; x_wconf 87' lang='grc' dir='ltr'>ὅ</span> <span class='ocrx_word' id='word_1_269' title='bbox 2722 2803 2848 2869; x_wconf 77' lang='grc' dir='ltr'>ἑετι</span> <span class='ocrx_word' id='word_1_270' title='bbox 2893 2804 3088 2869; x_wconf 85' lang='grc' dir='ltr'>πάλιν</span> <span class='ocrx_word' id='word_1_271' title='bbox 3133 2805 3327 2884; x_wconf 77' lang='grc' dir='ltr'>πρόε-</span> 
     </span>
     <span class='ocr_line' id='line_1_28' title="bbox 716 2892 3329 2976; baseline -0 -18"><span class='ocrx_word' id='word_1_272' title='bbox 716 2914 901 2960; x_wconf 85' lang='grc' dir='ltr'>ωπον</span> <span class='ocrx_word' id='word_1_273' title='bbox 949 2894 1299 2975; x_wconf 77' lang='grc' dir='ltr'>ὡριεμένον</span> <span class='ocrx_word' id='word_1_274' title='bbox 1347 2893 1523 2975; x_wconf 77' lang='lat' dir='ltr'>‘quae</span> <span class='ocrx_word' id='word_1_275' title='bbox 1561 2900 1652 2957; x_wconf 80' lang='lat' dir='ltr'><strong><em>est</em></strong></span> <span class='ocrx_word' id='word_1_276' title='bbox 1686 2916 1892 2958; x_wconf 86' lang='lat' dir='ltr'><strong><em>rursus</em></strong></span> <span class='ocrx_word' id='word_1_277' title='bbox 1938 2915 2192 2976; x_wconf 80' lang='lat' dir='ltr'><strong><em>persona</em></strong></span> <span class='ocrx_word' id='word_1_278' title='bbox 2228 2892 2516 2973; x_wconf 78' lang='lat' dir='ltr'><strong><em>definita&#39;‚</em></strong></span> <span class='ocrx_word' id='word_1_279' title='bbox 2563 2892 2740 2974; x_wconf 77' lang='lat' dir='ltr'>‘quae</span> <span class='ocrx_word' id='word_1_280' title='bbox 2777 2897 2982 2959; x_wconf 89' lang='lat' dir='ltr'><strong><em>eodem</em></strong></span> <span class='ocrx_word' id='word_1_281' title='bbox 3017 2897 3176 2958; x_wconf 81' lang='lat' dir='ltr'><strong><em>redit</em></strong></span> <span class='ocrx_word' id='word_1_282' title='bbox 3212 2917 3329 2974; x_wconf 89' lang='lat' dir='ltr'><strong><em>quo</em></strong></span> 
     </span>
     <span class='ocr_line' id='line_1_29' title="bbox 712 2982 1294 3065; baseline -0.002 -16"><span class='ocrx_word' id='word_1_283' title='bbox 712 3007 966 3065; x_wconf 79' lang='lat' dir='ltr'><strong><em>persona</em></strong></span> <span class='ocrx_word' id='word_1_284' title='bbox 1011 2982 1294 3048; x_wconf 75' lang='lat' dir='ltr'><strong><em>definita&#39;.</em></strong></span> 
     </span>
    </p>

    <p class='ocr_par' dir='ltr' id='par_1_14' title="bbox 710 3077 3332 3600">
     <span class='ocr_line' id='line_1_30' title="bbox 896 3077 3332 3153; baseline -0 -15"><span class='ocrx_word' id='word_1_285' title='bbox 896 3078 1120 3153; x_wconf 77' lang='lat' dir='ltr'><strong><em>Quibus</em></strong></span> <span class='ocrx_word' id='word_1_286' title='bbox 1163 3095 1347 3153; x_wconf 75' lang='lat' dir='ltr'><strong><em>neque</em></strong></span> <span class='ocrx_word' id='word_1_287' title='bbox 1389 3077 1493 3136; x_wconf 79' lang='lat' dir='ltr'><strong><em>hoc</em></strong></span> <span class='ocrx_word' id='word_1_288' title='bbox 1536 3078 1751 3152; x_wconf 63' lang='lat' dir='ltr'><strong><em>omioni</em></strong></span> <span class='ocrx_word' id='word_1_289' title='bbox 1774 3079 1981 3151; x_wconf 85' lang='lat' dir='ltr'><strong><em>potest,</em></strong></span> <span class='ocrx_word' id='word_1_290' title='bbox 2029 3078 2206 3137; x_wconf 86' lang='lat' dir='ltr'><strong><em>verba</em></strong></span> <span class='ocrx_word' id='word_1_291' title='bbox 2241 3095 2463 3153; x_wconf 74' lang='lat' dir='ltr'><strong><em>quoqne</em></strong></span> <span class='ocrx_word' id='word_1_292' title='bbox 2486 3095 2778 3153; x_wconf 79' lang='lat' dir='ltr'><strong><em>personas</em></strong></span> <span class='ocrx_word' id='word_1_293' title='bbox 2812 3078 3087 3151; x_wconf 78' lang='lat' dir='ltr'><strong><em>desinire:</em></strong></span> <span class='ocrx_word' id='word_1_294' title='bbox 3133 3094 3332 3137; x_wconf 74' lang='lat' dir='ltr'><strong><em>eorum</em></strong></span> 
     </span>
     <span class='ocr_line' id='line_1_31' title="bbox 715 3167 3329 3242; baseline -0.001 -15"><span class='ocrx_word' id='word_1_295' title='bbox 715 3169 868 3227; x_wconf 88' lang='lat' dir='ltr'><strong><em>enim</em></strong></span> <span class='ocrx_word' id='word_1_296' title='bbox 913 3169 1114 3227; x_wconf 77' lang='lat' dir='ltr'><strong><em>tertiae</em></strong></span> <span class='ocrx_word' id='word_1_297' title='bbox 1145 3184 1439 3242; x_wconf 74' lang='lat' dir='ltr'><strong><em>personae</em></strong></span> <span class='ocrx_word' id='word_1_298' title='bbox 1481 3167 1822 3240; x_wconf 76' lang='lat' dir='ltr'><strong><em>indefinitae</em></strong></span> <span class='ocrx_word' id='word_1_299' title='bbox 1864 3170 2004 3225; x_wconf 74' lang='lat' dir='ltr'><strong><em>sumt</em></strong></span> <span class='ocrx_word' id='word_1_300' title='bbox 2044 3184 2229 3242; x_wconf 75' lang='lat' dir='ltr'><strong><em>neq-ue</em></strong></span> <span class='ocrx_word' id='word_1_301' title='bbox 2273 3169 2732 3228; x_wconf 63' lang='lat' dir='ltr'><strong><em>determinantia·</em></strong></span> <span class='ocrx_word' id='word_1_302' title='bbox 2774 3168 2894 3226; x_wconf 81' lang='lat' dir='ltr'><strong><em>nisi</em></strong></span> <span class='ocrx_word' id='word_1_303' title='bbox 2935 3168 3154 3227; x_wconf 79' lang='lat' dir='ltr'><strong><em>additis</em></strong></span> <span class='ocrx_word' id='word_1_304' title='bbox 3186 3184 3329 3241; x_wconf 92' lang='lat' dir='ltr'><strong><em>pro·</em></strong></span> 
     </span>
     <span class='ocr_line' id='line_1_32' title="bbox 711 3256 3330 3331; baseline -0.001 -14"><span class='ocrx_word' id='word_1_305' title='bbox 711 3258 1078 3329; x_wconf 77' lang='lat' dir='ltr'><strong><em>nominibus,·</em></strong></span> <span class='ocrx_word' id='word_1_306' title='bbox 1121 3274 1307 3331; x_wconf 74' lang='lat' dir='ltr'><strong><em>neque</em></strong></span> <span class='ocrx_word' id='word_1_307' title='bbox 1348 3256 1515 3325; x_wconf 76' lang='lat' dir='ltr'><strong><em>illud,</em></strong></span> <span class='ocrx_word' id='word_1_308' title='bbox 1564 3258 1738 3315; x_wconf 81' lang='lat' dir='ltr'><strong><em>etiam</em></strong></span> <span class='ocrx_word' id='word_1_309' title='bbox 1779 3256 2115 3316; x_wconf 77' lang='lat' dir='ltr'><strong><em>nominibus</em></strong></span> <span class='ocrx_word' id='word_1_310' title='bbox 2147 3259 2417 3331; x_wconf 86' lang='lat' dir='ltr'><strong><em>propriis</em></strong></span> <span class='ocrx_word' id='word_1_311' title='bbox 2461 3261 2647 3316; x_wconf 87' lang='lat' dir='ltr'><strong><em>certas</em></strong></span> <span class='ocrx_word' id='word_1_312' title='bbox 2677 3274 2969 3331; x_wconf 79' lang='lat' dir='ltr'><strong><em>personas</em></strong></span> <span class='ocrx_word' id='word_1_313' title='bbox 3004 3257 3330 3331; x_wconf 72' lang='lat' dir='ltr'><strong><em>desiynam&#39;:</em></strong></span> 
     </span>
     <span class='ocr_line' id='line_1_33' title="bbox 711 3346 3329 3422; baseline -0.001 -15"><span class='ocrx_word' id='word_1_314' title='bbox 711 3364 854 3407; x_wconf 86' lang='lat' dir='ltr'><strong><em>nam</em></strong></span> <span class='ocrx_word' id='word_1_315' title='bbox 903 3350 1146 3422; x_wconf 88' lang='lat' dir='ltr'><strong><em>propter</em></strong></span> <span class='ocrx_word' id='word_1_316' title='bbox 1187 3347 1614 3419; x_wconf 73' lang='lat' dir='ltr'><strong><em>homonymiam</em></strong></span> <span class='ocrx_word' id='word_1_317' title='bbox 1669 3363 1765 3405; x_wconf 86' lang='lat' dir='ltr'><strong><em>res</em></strong></span> <span class='ocrx_word' id='word_1_318' title='bbox 1817 3362 1992 3419; x_wconf 82' lang='lat' dir='ltr'><strong><em>saepe</em></strong></span> <span class='ocrx_word' id='word_1_319' title='bbox 2047 3363 2168 3405; x_wconf 87' lang='lat' dir='ltr'><strong><em>non</em></strong></span> <span class='ocrx_word' id='word_1_320' title='bbox 2227 3349 2310 3405; x_wconf 90' lang='lat' dir='ltr'><strong><em>est</em></strong></span> <span class='ocrx_word' id='word_1_321' title='bbox 2365 3350 2537 3416; x_wconf 86' lang='lat' dir='ltr'><strong><em>certa,</em></strong></span> <span class='ocrx_word' id='word_1_322' title='bbox 2600 3348 2721 3405; x_wconf 85' lang='lat' dir='ltr'><strong><em>nisi</em></strong></span> <span class='ocrx_word' id='word_1_323' title='bbox 2772 3347 2874 3405; x_wconf 82' lang='lat' dir='ltr'><strong><em>ubi</em></strong></span> <span class='ocrx_word' id='word_1_324' title='bbox 2933 3346 3151 3406; x_wconf 82' lang='lat' dir='ltr'><strong><em>adiecto</em></strong></span> <span class='ocrx_word' id='word_1_325' title='bbox 3211 3347 3329 3405; x_wconf 77' lang='lat' dir='ltr'><strong><em>alio</em></strong></span> 
     </span>
     <span class='ocr_line' id='line_1_34' title="bbox 710 3435 3329 3510; baseline -0 -15"><span class='ocrx_word' id='word_1_326' title='bbox 710 3438 945 3496; x_wconf 85' lang='lat' dir='ltr'><strong><em>nomine</em></strong></span> <span class='ocrx_word' id='word_1_327' title='bbox 987 3437 1268 3496; x_wconf 82' lang='lat' dir='ltr'><strong><em>dubitat-io</em></strong></span> <span class='ocrx_word' id='word_1_328' title='bbox 1315 3435 1547 3494; x_wconf 76' lang='lat' dir='ltr'><strong><em>tolbitur.</em></strong></span> <span class='ocrx_word' id='word_1_329' title='bbox 1638 3435 1969 3494; x_wconf 83' lang='lat' dir='ltr'><strong><em>Pronomen</em></strong></span> <span class='ocrx_word' id='word_1_330' title='bbox 2012 3453 2146 3495; x_wconf 84' lang='lat' dir='ltr'><strong><em>vero</em></strong></span> <span class='ocrx_word' id='word_1_331' title='bbox 2191 3453 2374 3510; x_wconf 77' lang='lat' dir='ltr'><strong><em>neque</em></strong></span> <span class='ocrx_word' id='word_1_332' title='bbox 2418 3437 2520 3495; x_wconf 77' lang='lat' dir='ltr'><strong><em>ubi</em></strong></span> <span class='ocrx_word' id='word_1_333' title='bbox 2564 3436 2817 3509; x_wconf 76' lang='lat' dir='ltr'><strong><em>refertur</em></strong></span> <span class='ocrx_word' id='word_1_334' title='bbox 2859 3452 3044 3510; x_wconf 73' lang='lat' dir='ltr'><strong><em>neque</em></strong></span> <span class='ocrx_word' id='word_1_335' title='bbox 3086 3435 3189 3495; x_wconf 81' lang='lat' dir='ltr'><strong><em>ubi</em></strong></span> <span class='ocrx_word' id='word_1_336' title='bbox 3232 3436 3329 3494; x_wconf 81' lang='lat' dir='ltr'><strong><em>de-</em></strong></span> 
     </span>
     <span class='ocr_line' id='line_1_35' title="bbox 710 3525 1909 3600; baseline -0.003 -15"><span class='ocrx_word' id='word_1_337' title='bbox 710 3529 996 3585; x_wconf 83' lang='lat' dir='ltr'><strong><em>monstrat</em></strong></span> <span class='ocrx_word' id='word_1_338' title='bbox 1040 3526 1378 3599; x_wconf 73' lang='lat' dir='ltr'><strong><em>ambiqwam</em></strong></span> <span class='ocrx_word' id='word_1_339' title='bbox 1423 3528 1506 3583; x_wconf 87' lang='lat' dir='ltr'><strong><em>est</em></strong></span> <span class='ocrx_word' id='word_1_340' title='bbox 1552 3526 1652 3600; x_wconf 90' lang='lat'><strong><em>10,</em></strong></span> <span class='ocrx_word' id='word_1_341' title='bbox 1674 3525 1909 3584; x_wconf 85' lang='lat'>8—17.</span> 
     </span>
    </p>

    <p class='ocr_par' dir='ltr' id='par_1_15' title="bbox 707 3607 3329 4671">
     <span class='ocr_line' id='line_1_36' title="bbox 895 3607 3325 3690; baseline 0 -17"><span class='ocrx_word' id='word_1_342' title='bbox 895 3617 996 3689; x_wconf 92' lang='lat'><strong><em>10,</em></strong></span> <span class='ocrx_word' id='word_1_343' title='bbox 1017 3615 1054 3673; x_wconf 89' lang='lat'>8</span> <span class='ocrx_word' id='word_1_344' title='bbox 1104 3616 1256 3690; x_wconf 83' lang='lat' dir='ltr'><strong><em>synt.</em></strong></span> <span class='ocrx_word' id='word_1_345' title='bbox 1309 3615 1410 3689; x_wconf 90' lang='lat'><strong><em>12,</em></strong></span> <span class='ocrx_word' id='word_1_346' title='bbox 1433 3614 1513 3673; x_wconf 89' lang='lat'><strong><em>18</em></strong></span> <span class='ocrx_word' id='word_1_347' title='bbox 1580 3609 2051 3689; x_wconf 77' lang='grc' dir='ltr'>παρυφίεταται</span> <span class='ocrx_word' id='word_1_348' title='bbox 2106 3608 2225 3675; x_wconf 85' lang='grc' dir='ltr'><strong><em>οὖν</em></strong></span> <span class='ocrx_word' id='word_1_349' title='bbox 2271 3609 2311 3688; x_wconf 84' lang='grc' dir='ltr'>ἡ</span> <span class='ocrx_word' id='word_1_350' title='bbox 2360 3609 2577 3675; x_wconf 83' lang='grc' dir='ltr'>εὐθεῖα</span> <span class='ocrx_word' id='word_1_351' title='bbox 2634 3609 2703 3673; x_wconf 83' lang='grc' dir='ltr'><strong><em>ἐν</em></strong></span> <span class='ocrx_word' id='word_1_352' title='bbox 2766 3609 2987 3674; x_wconf 71' lang='grc' dir='ltr'>αὐτοῖς</span> <span class='ocrx_word' id='word_1_353' title='bbox 3032 3611 3169 3674; x_wconf 71' lang='grc' dir='ltr'>τοῖς</span> <span class='ocrx_word' id='word_1_354' title='bbox 3215 3607 3325 3687; x_wconf 85' lang='grc' dir='ltr'><strong><em>ῥή-</em></strong></span> 
     </span>
     <span class='ocr_line' id='line_1_37' title="bbox 713 3698 3328 3779; baseline -0 -16"><span class='ocrx_word' id='word_1_355' title='bbox 713 3720 879 3777; x_wconf 78' lang='grc' dir='ltr'>μαει,</span> <span class='ocrx_word' id='word_1_356' title='bbox 927 3699 1089 3765; x_wconf 85' lang='grc' dir='ltr'>κατὰ</span> <span class='ocrx_word' id='word_1_357' title='bbox 1136 3700 1251 3777; x_wconf 77' lang='grc' dir='ltr'><strong><em>μὲν</em></strong></span> <span class='ocrx_word' id='word_1_358' title='bbox 1297 3698 1373 3762; x_wconf 87' lang='grc' dir='ltr'><strong><em>τὸ</em></strong></span> <span class='ocrx_word' id='word_1_359' title='bbox 1430 3701 1693 3777; x_wconf 83' lang='grc' dir='ltr'>πρῶτον</span> <span class='ocrx_word' id='word_1_360' title='bbox 1738 3699 1841 3762; x_wconf 86' lang='grc' dir='ltr'><strong><em>καὶ</em></strong></span> <span class='ocrx_word' id='word_1_361' title='bbox 1887 3699 2195 3779; x_wconf 81' lang='grc' dir='ltr'>δεύτερον</span> <span class='ocrx_word' id='word_1_362' title='bbox 2241 3698 2578 3778; x_wconf 83' lang='grc' dir='ltr'>ὁριζομένη</span> <span class='ocrx_word' id='word_1_363' title='bbox 2600 3750 2614 3775; x_wconf 86' lang='grc'>,</span> <span class='ocrx_word' id='word_1_364' title='bbox 2661 3698 2822 3763; x_wconf 86' lang='grc' dir='ltr'>κατὰ</span> <span class='ocrx_word' id='word_1_365' title='bbox 2868 3700 2941 3763; x_wconf 82' lang='grc' dir='ltr'><strong><em>δὲ</em></strong></span> <span class='ocrx_word' id='word_1_366' title='bbox 2986 3698 3063 3763; x_wconf 90' lang='grc' dir='ltr'><strong><em>τὸ</em></strong></span> <span class='ocrx_word' id='word_1_367' title='bbox 3109 3698 3328 3777; x_wconf 88' lang='grc' dir='ltr'>τρίτον</span> 
     </span>
     <span class='ocr_line' id='line_1_38' title="bbox 712 3786 3328 3868; baseline -0.001 -15"><span class='ocrx_word' id='word_1_368' title='bbox 712 3789 818 3853; x_wconf 82' lang='grc' dir='ltr'><strong><em>διὰ</em></strong></span> <span class='ocrx_word' id='word_1_369' title='bbox 873 3789 949 3853; x_wconf 87' lang='grc' dir='ltr'><strong><em>τὸ</em></strong></span> <span class='ocrx_word' id='word_1_370' title='bbox 1013 3787 1246 3868; x_wconf 83' lang='grc' dir='ltr'>ἄπειρα</span> <span class='ocrx_word' id='word_1_371' title='bbox 1310 3786 1471 3852; x_wconf 81' lang='grc' dir='ltr'>εἶναι</span> <span class='ocrx_word' id='word_1_372' title='bbox 1536 3789 1617 3852; x_wconf 89' lang='grc' dir='ltr'><strong><em>τὰ</em></strong></span> <span class='ocrx_word' id='word_1_373' title='bbox 1679 3788 1861 3868; x_wconf 82' lang='grc' dir='ltr'>τρίτα</span> <span class='ocrx_word' id='word_1_374' title='bbox 1925 3786 2414 3868; x_wconf 79' lang='grc' dir='ltr'>ἀοριετουμένη,</span> <span class='ocrx_word' id='word_1_375' title='bbox 2479 3788 2674 3867; x_wconf 70' lang='grc' dir='ltr'>χωρὶς</span> <span class='ocrx_word' id='word_1_376' title='bbox 2739 3787 2792 3852; x_wconf 82' lang='grc' dir='ltr'><strong><em>εἰ</em></strong></span> <span class='ocrx_word' id='word_1_377' title='bbox 2858 3789 2939 3866; x_wconf 88' lang='grc' dir='ltr'><strong><em>μὴ</em></strong></span> <span class='ocrx_word' id='word_1_378' title='bbox 3006 3787 3328 3866; x_wconf 75' lang='grc' dir='ltr'>ἐξαίρετος</span> 
     </span>
     <span class='ocr_line' id='line_1_39' title="bbox 716 3875 3325 3961; baseline -0.002 -19"><span class='ocrx_word' id='word_1_379' title='bbox 716 3877 1008 3957; x_wconf 83' lang='grc' dir='ltr'>ἐνέργεια</span> <span class='ocrx_word' id='word_1_380' title='bbox 1053 3879 1325 3954; x_wconf 81' lang='grc' dir='ltr'>γένοιτο,</span> <span class='ocrx_word' id='word_1_381' title='bbox 1373 3877 1658 3956; x_wconf 86' lang='grc' dir='ltr'>καθάπερ</span> <span class='ocrx_word' id='word_1_382' title='bbox 1708 3878 1811 3942; x_wconf 82' lang='grc' dir='ltr'><strong><em>ἐπὶ</em></strong></span> <span class='ocrx_word' id='word_1_383' title='bbox 1856 3881 1974 3941; x_wconf 86' lang='grc' dir='ltr'><strong><em>τοῦ</em></strong></span> <span class='ocrx_word' id='word_1_384' title='bbox 2022 3875 2362 3956; x_wconf 77' lang='grc' dir='ltr'>ἀετράπτει</span> <span class='ocrx_word' id='word_1_385' title='bbox 2410 3879 2511 3942; x_wconf 81' lang='grc' dir='ltr'><strong><em>καὶ</em></strong></span> <span class='ocrx_word' id='word_1_386' title='bbox 2560 3882 2814 3961; x_wconf 79' lang='grc' dir='ltr'>βροντᾷ.</span> <span class='ocrx_word' id='word_1_387' title='bbox 2905 3880 3086 3940; x_wconf 78' lang='lat' dir='ltr'><strong><em>Prisc.</em></strong></span> <span class='ocrx_word' id='word_1_388' title='bbox 3134 3880 3251 3939; x_wconf 93' lang='lat' dir='ltr'><strong><em>XII</em></strong></span> <span class='ocrx_word' id='word_1_389' title='bbox 3287 3883 3325 3939; x_wconf 91' lang='lat'>2</span> 
     </span>
     <span class='ocr_line' id='line_1_40' title="bbox 709 3969 3329 4048; baseline -0 -19"><span class='ocrx_word' id='word_1_390' title='bbox 709 3990 766 4048; x_wconf 91' lang='lat' dir='ltr'><strong><em>p.</em></strong></span> <span class='ocrx_word' id='word_1_391' title='bbox 809 3972 954 4048; x_wconf 82' lang='lat'>581,</span> <span class='ocrx_word' id='word_1_392' title='bbox 978 3975 1010 4031; x_wconf 95' lang='lat'>1</span> <span class='ocrx_word' id='word_1_393' title='bbox 1061 3991 1182 4032; x_wconf 89' lang='lat' dir='ltr'><strong><em>non</em></strong></span> <span class='ocrx_word' id='word_1_394' title='bbox 1225 3971 1720 4032; x_wconf 56' lang='lat' dir='ltr'><strong><em>irrationabiliter</em></strong></span> <span class='ocrx_word' id='word_1_395' title='bbox 1761 3972 1975 4031; x_wconf 78' lang='lat' dir='ltr'><strong><em>tertias</em></strong></span> <span class='ocrx_word' id='word_1_396' title='bbox 2021 3970 2336 4032; x_wconf 83' lang='lat' dir='ltr'><strong><em>verborum</em></strong></span> <span class='ocrx_word' id='word_1_397' title='bbox 2371 3990 2653 4048; x_wconf 82' lang='lat' dir='ltr'><strong><em>personas</em></strong></span> <span class='ocrx_word' id='word_1_398' title='bbox 2691 3970 2956 4030; x_wconf 76' lang='lat' dir='ltr'><strong><em>infinitas</em></strong></span> <span class='ocrx_word' id='word_1_399' title='bbox 2992 3970 3106 4047; x_wconf 87' lang='lat' dir='ltr'><strong><em>Ap.</em></strong></span> <span class='ocrx_word' id='word_1_400' title='bbox 3155 3969 3329 4046; x_wconf 79' lang='lat' dir='ltr'><strong><em>dioit3</em></strong></span> 
     </span>
     <span class='ocr_line' id='line_1_41' title="bbox 711 4052 3325 4143; baseline 0 -24"><span class='ocrx_word' id='word_1_401' title='bbox 711 4059 903 4121; x_wconf 84' lang='lat' dir='ltr'><strong><em>Schol.</em></strong></span> <span class='ocrx_word' id='word_1_402' title='bbox 932 4060 1046 4121; x_wconf 83' lang='lat' dir='ltr'><strong><em>AG</em></strong></span> <span class='ocrx_word' id='word_1_403' title='bbox 1076 4063 1319 4138; x_wconf 83' lang='lat'>907,14</span> <span class='ocrx_word' id='word_1_404' title='bbox 1351 4052 1434 4143; x_wconf 85' lang='lat' dir='ltr'><strong><em>(p.</em></strong></span> <span class='ocrx_word' id='word_1_405' title='bbox 1456 4061 1702 4136; x_wconf 88' lang='lat'><strong><em>259,29</em></strong></span> <span class='ocrx_word' id='word_1_406' title='bbox 1724 4052 1917 4143; x_wconf 83' lang='lat' dir='ltr'><strong><em>Hilg.)</em></strong></span> <span class='ocrx_word' id='word_1_407' title='bbox 1947 4057 2109 4121; x_wconf 85' lang='grc' dir='ltr'>κατὰ</span> <span class='ocrx_word' id='word_1_408' title='bbox 2137 4060 2334 4122; x_wconf 85' lang='grc' dir='ltr'>τοῦτο</span> <span class='ocrx_word' id='word_1_409' title='bbox 2371 4056 2663 4136; x_wconf 80' lang='grc' dir='ltr'>διαφέρει</span> <span class='ocrx_word' id='word_1_410' title='bbox 2702 4055 3003 4135; x_wconf 82' lang='grc' dir='ltr'>ῥημάτων</span> <span class='ocrx_word' id='word_1_411' title='bbox 3039 4055 3079 4134; x_wconf 82' lang='grc' dir='ltr'>ἡ</span> <span class='ocrx_word' id='word_1_412' title='bbox 3119 4054 3325 4120; x_wconf 81' lang='grc' dir='ltr'>ἀντω-</span> 
     </span>
     <span class='ocr_line' id='line_1_42' title="bbox 709 4144 3327 4229; baseline -0.001 -20"><span class='ocrx_word' id='word_1_413' title='bbox 709 4147 915 4225; x_wconf 85' lang='grc' dir='ltr'>νυμία,</span> <span class='ocrx_word' id='word_1_414' title='bbox 963 4147 1123 4211; x_wconf 87' lang='grc' dir='ltr'>καθὸ</span> <span class='ocrx_word' id='word_1_415' title='bbox 1152 4147 1229 4211; x_wconf 89' lang='grc' dir='ltr'><strong><em>τὸ</em></strong></span> <span class='ocrx_word' id='word_1_416' title='bbox 1257 4146 1475 4225; x_wconf 90' lang='grc' dir='ltr'>τρίτον</span> <span class='ocrx_word' id='word_1_417' title='bbox 1505 4144 1698 4225; x_wconf 84' lang='grc' dir='ltr'>ὁρίζει</span> <span class='ocrx_word' id='word_1_418' title='bbox 1728 4147 1829 4210; x_wconf 87' lang='grc' dir='ltr'><strong><em>καὶ</em></strong></span> <span class='ocrx_word' id='word_1_419' title='bbox 1858 4144 2120 4211; x_wconf 70' lang='grc' dir='ltr'>πάντως</span> <span class='ocrx_word' id='word_1_420' title='bbox 2146 4145 2382 4225; x_wconf 75' lang='grc' dir='ltr'>ἵετηειν</span> <span class='ocrx_word' id='word_1_421' title='bbox 2419 4145 2871 4229; x_wconf 66' lang='grc' dir='ltr'>(παρίετηεινῖ</span> <span class='ocrx_word' id='word_1_422' title='bbox 2914 4168 3081 4226; x_wconf 88' lang='lat' dir='ltr'><strong><em>pron.</em></strong></span> <span class='ocrx_word' id='word_1_423' title='bbox 3116 4150 3151 4208; x_wconf 96' lang='grc'><strong>7</strong></span> <span class='ocrx_word' id='word_1_424' title='bbox 3159 4150 3218 4225; x_wconf 84' lang='grc'><strong><em>3,</em></strong></span> <span class='ocrx_word' id='word_1_425' title='bbox 3244 4144 3327 4227; x_wconf 92' lang='grc'><strong><em>1&gt;</em></strong></span> 
     </span>
     <span class='ocr_line' id='line_1_43' title="bbox 707 4232 3324 4315; baseline -0.001 -15"><span class='ocrx_word' id='word_1_426' title='bbox 707 4235 857 4314; x_wconf 85' lang='grc' dir='ltr'>ἡμῖν</span> <span class='ocrx_word' id='word_1_427' title='bbox 893 4237 973 4301; x_wconf 86' lang='grc' dir='ltr'><strong><em>τὰ</em></strong></span> <span class='ocrx_word' id='word_1_428' title='bbox 1009 4237 1326 4315; x_wconf 76' lang='grc' dir='ltr'>πρόεωπα</span> <span class='ocrx_word' id='word_1_429' title='bbox 1351 4235 1390 4313; x_wconf 88' lang='grc' dir='ltr'>ἢ</span> <span class='ocrx_word' id='word_1_430' title='bbox 1421 4233 1500 4299; x_wconf 85' lang='grc' dir='ltr'><strong><em>δι’</em></strong></span> <span class='ocrx_word' id='word_1_431' title='bbox 1539 4234 1882 4315; x_wconf 73' lang='grc' dir='ltr'>ἀναφορᾶς</span> <span class='ocrx_word' id='word_1_432' title='bbox 1907 4236 1947 4313; x_wconf 87' lang='grc' dir='ltr'>ἢ</span> <span class='ocrx_word' id='word_1_433' title='bbox 1978 4236 2083 4299; x_wconf 85' lang='grc' dir='ltr'><strong><em>διὰ</em></strong></span> <span class='ocrx_word' id='word_1_434' title='bbox 2120 4234 2393 4313; x_wconf 70' lang='grc' dir='ltr'><strong><em>δείξεως,</em></strong></span> <span class='ocrx_word' id='word_1_435' title='bbox 2434 4235 2596 4315; x_wconf 82' lang='grc' dir='ltr'>ὅπερ</span> <span class='ocrx_word' id='word_1_436' title='bbox 2635 4236 2754 4301; x_wconf 87' lang='grc' dir='ltr'><strong><em>οὐκ</em></strong></span> <span class='ocrx_word' id='word_1_437' title='bbox 2792 4235 2983 4312; x_wconf 86' lang='grc' dir='ltr'>ἔλαχε</span> <span class='ocrx_word' id='word_1_438' title='bbox 3021 4234 3098 4299; x_wconf 89' lang='grc' dir='ltr'><strong><em>τὸ</em></strong></span> <span class='ocrx_word' id='word_1_439' title='bbox 3137 4232 3324 4312; x_wconf 85' lang='grc' dir='ltr'>ῥῆμα.</span> 
     </span>
     <span class='ocr_line' id='line_1_44' title="bbox 710 4322 3326 4405; baseline -0 -17"><span class='ocrx_word' id='word_1_440' title='bbox 710 4323 764 4388; x_wconf 85' lang='grc' dir='ltr'><strong><em>εἰ</em></strong></span> <span class='ocrx_word' id='word_1_441' title='bbox 810 4325 934 4405; x_wconf 86' lang='grc' dir='ltr'><strong><em>γὰρ</em></strong></span> <span class='ocrx_word' id='word_1_442' title='bbox 982 4326 1083 4390; x_wconf 87' lang='grc' dir='ltr'><strong><em>καὶ</em></strong></span> <span class='ocrx_word' id='word_1_443' title='bbox 1130 4325 1349 4405; x_wconf 84' lang='grc' dir='ltr'>ὁρίζει,</span> <span class='ocrx_word' id='word_1_444' title='bbox 1399 4323 1538 4388; x_wconf 78' lang='grc' dir='ltr'><strong><em>ἀλλ’</em></strong></span> <span class='ocrx_word' id='word_1_445' title='bbox 1592 4325 1672 4389; x_wconf 84' lang='grc' dir='ltr'><strong><em>οὐ</em></strong></span> <span class='ocrx_word' id='word_1_446' title='bbox 1729 4325 2058 4399; x_wconf 77' lang='grc' dir='ltr'>δείκνυειν,</span> <span class='ocrx_word' id='word_1_447' title='bbox 2117 4322 2261 4389; x_wconf 83' lang='grc' dir='ltr'>οἷον</span> <span class='ocrx_word' id='word_1_448' title='bbox 2317 4324 2518 4391; x_wconf 83' lang='grc' dir='ltr'>εἰπεῖν</span> <span class='ocrx_word' id='word_1_449' title='bbox 2577 4325 2681 4390; x_wconf 76' lang='grc' dir='ltr'><strong><em>ἐπὶ</em></strong></span> <span class='ocrx_word' id='word_1_450' title='bbox 2736 4328 2847 4404; x_wconf 79' lang='grc' dir='ltr'><strong><em>τῆ(</em></strong></span> <span class='ocrx_word' id='word_1_451' title='bbox 2904 4323 3326 4402; x_wconf 81' lang='grc' dir='ltr'>ἀντωνυμίαε,</span> 
     </span>
     <span class='ocr_line' id='line_1_45' title="bbox 710 4412 3325 4494; baseline 0 -18"><span class='ocrx_word' id='word_1_452' title='bbox 710 4413 788 4477; x_wconf 83' lang='grc' dir='ltr'><strong><em>δι’</em></strong></span> <span class='ocrx_word' id='word_1_453' title='bbox 837 4412 1178 4494; x_wconf 72' lang='grc' dir='ltr'>ἀναφορᾶς</span> <span class='ocrx_word' id='word_1_454' title='bbox 1224 4414 1356 4493; x_wconf 86' lang='grc' dir='ltr'><strong><em>μέν,</em></strong></span> <span class='ocrx_word' id='word_1_455' title='bbox 1405 4414 1494 4478; x_wconf 75' lang='grc' dir='ltr'><strong><em>ὡς</em></strong></span> <span class='ocrx_word' id='word_1_456' title='bbox 1541 4413 1645 4478; x_wconf 83' lang='grc' dir='ltr'><strong><em>ἐπὶ</em></strong></span> <span class='ocrx_word' id='word_1_457' title='bbox 1690 4417 1803 4491; x_wconf 75' lang='grc' dir='ltr'><strong><em>τῆς</em></strong></span> <span class='ocrx_word' id='word_1_458' title='bbox 1850 4413 2048 4479; x_wconf 77' lang='grc' dir='ltr'>αὐτό(</span> <span class='ocrx_word' id='word_1_459' title='bbox 2084 4450 2172 4460; x_wconf 93' lang='grc'>-</span> <span class='ocrx_word' id='word_1_460' title='bbox 2207 4413 2567 4494; x_wconf 82' lang='grc' dir='ltr'>ἀναφορικὴ</span> <span class='ocrx_word' id='word_1_461' title='bbox 2616 4414 2740 4494; x_wconf 85' lang='grc' dir='ltr'><strong><em>γὰρ</em></strong></span> <span class='ocrx_word' id='word_1_462' title='bbox 2785 4415 2824 4492; x_wconf 87' lang='grc' dir='ltr'>ἡ</span> <span class='ocrx_word' id='word_1_463' title='bbox 2875 4413 3071 4478; x_wconf 77' lang='grc' dir='ltr'>αὐτό(</span> <span class='ocrx_word' id='word_1_464' title='bbox 3118 4412 3325 4477; x_wconf 87' lang='grc' dir='ltr'>ἀντω-</span> 
     </span>
     <span class='ocr_line' id='line_1_46' title="bbox 708 4502 3327 4583; baseline 0 -17"><span class='ocrx_word' id='word_1_465' title='bbox 708 4503 898 4582; x_wconf 85' lang='grc' dir='ltr'>νυμία</span> <span class='ocrx_word' id='word_1_466' title='bbox 944 4504 1129 4583; x_wconf 78' lang='grc' dir='ltr'>φύεει</span> <span class='ocrx_word' id='word_1_467' title='bbox 1157 4540 1261 4581; x_wconf 89' lang='grc'><strong><em>-,</em></strong></span> <span class='ocrx_word' id='word_1_468' title='bbox 1309 4502 1416 4567; x_wconf 81' lang='grc' dir='ltr'><strong><em>διὰ</em></strong></span> <span class='ocrx_word' id='word_1_469' title='bbox 1461 4504 1535 4567; x_wconf 82' lang='grc' dir='ltr'><strong><em>δὲ</em></strong></span> <span class='ocrx_word' id='word_1_470' title='bbox 1581 4503 1838 4570; x_wconf 72' lang='grc' dir='ltr'>δείξεως</span> <span class='ocrx_word' id='word_1_471' title='bbox 1885 4502 1974 4567; x_wconf 74' lang='grc' dir='ltr'><strong><em>ὥς</em></strong></span> <span class='ocrx_word' id='word_1_472' title='bbox 2022 4503 2126 4568; x_wconf 80' lang='grc' dir='ltr'><strong><em>ἐπὶ</em></strong></span> <span class='ocrx_word' id='word_1_473' title='bbox 2172 4507 2284 4583; x_wconf 69' lang='grc' dir='ltr'><strong><em>τῆς</em></strong></span> <span class='ocrx_word' id='word_1_474' title='bbox 2331 4504 2479 4580; x_wconf 81' lang='grc' dir='ltr'><strong><em>ἐγώ,</em></strong></span> <span class='ocrx_word' id='word_1_475' title='bbox 2528 4506 2617 4580; x_wconf 81' lang='grc' dir='ltr'><strong><em>(ύ,</em></strong></span> <span class='ocrx_word' id='word_1_476' title='bbox 2666 4503 2876 4580; x_wconf 73' lang='grc' dir='ltr'>οὗτος,</span> <span class='ocrx_word' id='word_1_477' title='bbox 2928 4502 3172 4568; x_wconf 71' lang='grc' dir='ltr'>ἐκεῖνος</span> <span class='ocrx_word' id='word_1_478' title='bbox 3219 4502 3327 4566; x_wconf 87' lang='grc' dir='ltr'><strong><em>καὶ</em></strong></span> 
     </span>
     <span class='ocr_line' id='line_1_47' title="bbox 708 4592 1527 4671; baseline -0.001 -16"><span class='ocrx_word' id='word_1_479' title='bbox 708 4592 788 4655; x_wconf 87' lang='grc' dir='ltr'><strong><em>τὰ</em></strong></span> <span class='ocrx_word' id='word_1_480' title='bbox 804 4592 1040 4671; x_wconf 67' lang='grc' dir='ltr'><strong><em>..ὅμοια</em></strong></span> <span class='ocrx_word' id='word_1_481' title='bbox 1133 4596 1257 4658; x_wconf 70' lang='lat' dir='ltr'><strong><em>Sko,</em></strong></span> <span class='ocrx_word' id='word_1_482' title='bbox 1301 4596 1389 4654; x_wconf 88' lang='lat' dir='ltr'><strong><em>VI</em></strong></span> <span class='ocrx_word' id='word_1_483' title='bbox 1429 4599 1527 4657; x_wconf 90' lang='lat'><strong><em>20.</em></strong></span> 
     </span>
    </p>

    <p class='ocr_par' dir='ltr' id='par_1_16' title="bbox 709 4680 3329 4853">
     <span class='ocr_line' id='line_1_48' title="bbox 890 4680 3329 4765; baseline -0.001 -19"><span class='ocrx_word' id='word_1_484' title='bbox 890 4689 990 4763; x_wconf 88' lang='lat'><strong><em>10,</em></strong></span> <span class='ocrx_word' id='word_1_485' title='bbox 1016 4690 1095 4747; x_wconf 86' lang='lat'><strong><em>13</em></strong></span> <span class='ocrx_word' id='word_1_486' title='bbox 1144 4686 1321 4760; x_wconf 80' lang='grc' dir='ltr'>γοῦν,</span> <span class='ocrx_word' id='word_1_487' title='bbox 1369 4705 1488 4746; x_wconf 89' lang='grc'>11011</span> <span class='ocrx_word' id='word_1_488' title='bbox 1535 4681 1671 4759; x_wconf 87' lang='grc' dir='ltr'><strong><em>οὖν,</em></strong></span> <span class='ocrx_word' id='word_1_489' title='bbox 1719 4688 1931 4762; x_wconf 79' lang='lat' dir='ltr'><strong><em>aptum</em></strong></span> <span class='ocrx_word' id='word_1_490' title='bbox 1966 4703 2111 4761; x_wconf 84' lang='lat' dir='ltr'><strong><em>esse,</em></strong></span> <span class='ocrx_word' id='word_1_491' title='bbox 2156 4687 2490 4765; x_wconf 81' lang='lat' dir='ltr'><strong><em>significare</em></strong></span> <span class='ocrx_word' id='word_1_492' title='bbox 2529 4690 2688 4747; x_wconf 90' lang='lat' dir='ltr'><strong><em>enim</em></strong></span> <span class='ocrx_word' id='word_1_493' title='bbox 2725 4681 2956 4762; x_wconf 59' lang='grc' dir='ltr'><strong><em>τ1731111’,</em></strong></span> <span class='ocrx_word' id='word_1_494' title='bbox 3004 4680 3097 4744; x_wconf 73' lang='lat' dir='ltr'><strong><em>‘ut</em></strong></span> <span class='ocrx_word' id='word_1_495' title='bbox 3133 4704 3329 4744; x_wconf 85' lang='lat' dir='ltr'><strong><em>exem-</em></strong></span> 
     </span>
     <span class='ocr_line' id='line_1_49' title="bbox 709 4770 2296 4853; baseline 0.001 -20"><span class='ocrx_word' id='word_1_496' title='bbox 709 4775 874 4851; x_wconf 91' lang='lat' dir='ltr'><strong><em>plum</em></strong></span> <span class='ocrx_word' id='word_1_497' title='bbox 922 4771 1207 4852; x_wconf 80' lang='lat' dir='ltr'><strong><em>afferam&#39;,</em></strong></span> <span class='ocrx_word' id='word_1_498' title='bbox 1252 4779 1410 4836; x_wconf 76' lang='lat' dir='ltr'><strong><em>reete</em></strong></span> <span class='ocrx_word' id='word_1_499' title='bbox 1456 4778 1658 4835; x_wconf 76' lang='lat' dir='ltr'><strong><em>monet</em></strong></span> <span class='ocrx_word' id='word_1_500' title='bbox 1702 4770 1981 4853; x_wconf 50' lang='lat' dir='ltr'><strong><em>Egssnolff</em></strong></span> <span class='ocrx_word' id='word_1_501' title='bbox 2019 4775 2114 4834; x_wconf 90' lang='grc' dir='ltr'><strong><em>ΠΙ</em></strong></span> <span class='ocrx_word' id='word_1_502' title='bbox 2154 4777 2296 4835; x_wconf 88' lang='grc'>166.</span> 
     </span>
    </p>

    <p class='ocr_par' dir='ltr' id='par_1_17' title="bbox 892 4866 2241 4942">
     <span class='ocr_line' id='line_1_50' title="bbox 892 4866 2241 4942; baseline -0.001 -17"><span class='ocrx_word' id='word_1_503' title='bbox 892 4868 1097 4942; x_wconf 85' lang='grc'>10,14</span> <span class='ocrx_word' id='word_1_504' title='bbox 1143 4867 1214 4925; x_wconf 74' lang='lat' dir='ltr'><strong><em>cf.</em></strong></span> <span class='ocrx_word' id='word_1_505' title='bbox 1263 4868 1418 4942; x_wconf 75' lang='lat' dir='ltr'><strong><em>synt.</em></strong></span> <span class='ocrx_word' id='word_1_506' title='bbox 1471 4867 1572 4940; x_wconf 84' lang='grc'><strong><em>41,</em></strong></span> <span class='ocrx_word' id='word_1_507' title='bbox 1595 4867 1829 4925; x_wconf 84' lang='lat'>4—20.</span> <span class='ocrx_word' id='word_1_508' title='bbox 1883 4866 2241 4941; x_wconf 81' lang='lat'><strong>74‚3—21.</strong></span> 
     </span>
    </p>

    <p class='ocr_par' dir='ltr' id='par_1_18' title="bbox 885 4955 3328 5030">
     <span class='ocr_line' id='line_1_51' title="bbox 885 4955 3328 5030; baseline 0 -17"><span class='ocrx_word' id='word_1_509' title='bbox 885 4955 1090 5014; x_wconf 80' lang='lat' dir='ltr'><strong><em>Etiam</em></strong></span> <span class='ocrx_word' id='word_1_510' title='bbox 1124 4957 1225 5015; x_wconf 78' lang='lat' dir='ltr'><strong><em>nbi</em></strong></span> <span class='ocrx_word' id='word_1_511' title='bbox 1262 4972 1580 5028; x_wconf 83' lang='lat' dir='ltr'><strong><em>pronomen</em></strong></span> <span class='ocrx_word' id='word_1_512' title='bbox 1622 4960 1674 5014; x_wconf 83' lang='lat' dir='ltr'><strong><em>et</em></strong></span> <span class='ocrx_word' id='word_1_513' title='bbox 1711 4956 2013 5015; x_wconf 67' lang='lat' dir='ltr'><strong><em>relationis</em></strong></span> <span class='ocrx_word' id='word_1_514' title='bbox 2049 4959 2101 5014; x_wconf 83' lang='lat' dir='ltr'><strong><em>ot</em></strong></span> <span class='ocrx_word' id='word_1_515' title='bbox 2136 4956 2643 5015; x_wconf 65' lang='lat' dir='ltr'><strong><em>demonstrationis</em></strong></span> <span class='ocrx_word' id='word_1_516' title='bbox 2682 4973 2883 5030; x_wconf 64' lang='lat' dir='ltr'><strong><em>exspers</em></strong></span> <span class='ocrx_word' id='word_1_517' title='bbox 2920 4971 3042 5014; x_wconf 86' lang='lat' dir='ltr'><strong><em>esse</em></strong></span> <span class='ocrx_word' id='word_1_518' title='bbox 3076 4955 3328 5025; x_wconf 79' lang='lat' dir='ltr'><strong><em>videtur,</em></strong></span> 
     </span>
    </p>
   </div>
  </div>
 </body>
</html>
