<?xml version="1.0" encoding="UTF-8"?>
<!DOCTYPE html PUBLIC "-//W3C//DTD XHTML 1.0 Transitional//EN"
    "http://www.w3.org/TR/xhtml1/DTD/xhtml1-transitional.dtd">
<html xmlns="http://www.w3.org/1999/xhtml" xml:lang="en" lang="en">
 <head>
  <title>
</title>
<meta http-equiv="Content-Type" content="text/html;charset=utf-8" />
  <meta name='ocr-system' content='tesseract 3.04.00' />
  <meta name='ocr-capabilities' content='ocr_page ocr_carea ocr_par ocr_line ocrx_word'/>
</head>
<body>
  <div class='ocr_page' id='page_1' title='image "./grammaticigraec00unkngoog_0084.png"; bbox 0 0 3738 5530; ppageno 0'>
   <div class='ocr_carea' id='block_1_1' title="bbox 667 360 2388 524">
    <p class='ocr_par' dir='ltr' id='par_1_1' title="bbox 667 360 2388 524">
     <span class='ocr_line' id='line_1_1' title="bbox 667 360 2323 424; baseline -0.005 0"><span class='ocrx_word' id='word_1_1' title='bbox 667 360 751 424; x_wconf 87' lang='lat'>66</span> <span class='ocrx_word' id='word_1_2' title='bbox 1606 365 1784 417; x_wconf 74' lang='grc' dir='ltr'>ΠΕΡΙ</span> <span class='ocrx_word' id='word_1_3' title='bbox 1819 364 2323 418; x_wconf 72' lang='grc' dir='ltr'><strong>ΑΝΤΩΝΤΜῙΑΣ.</strong></span> 
     </span>
     <span class='ocr_line' id='line_1_2' title="bbox 1546 474 2388 524; baseline 0.001 -10"><span class='ocrx_word' id='word_1_4' title='bbox 1546 486 1577 523; x_wconf 78' lang='lat' dir='ltr'>p</span> <span class='ocrx_word' id='word_1_5' title='bbox 1620 474 2328 524; x_wconf 71' lang='lat' dir='ltr'><strong>83(84a)B4—80(346)B1</strong></span> <span class='ocrx_word' id='word_1_6' title='bbox 2359 475 2388 515; x_wconf 85' lang='lat' dir='ltr'>b</span> 
     </span>
    </p>
   </div>
   <div class='ocr_carea' id='block_1_2' title="bbox 555 555 3438 3484">
    <p class='ocr_par' dir='ltr' id='par_1_2' title="bbox 565 555 3438 1966">
     <span class='ocr_line' id='line_1_3' title="bbox 666 555 3262 648; baseline 0.002 -20"><span class='ocrx_word' id='word_1_7' title='bbox 666 555 1200 643; x_wconf 82' lang='grc' dir='ltr'>τ’τρωτρτυποῦςαι</span> <span class='ocrx_word' id='word_1_8' title='bbox 1256 567 1684 633; x_wconf 87' lang='grc' dir='ltr'>ἀνακόλουθοι</span> <span class='ocrx_word' id='word_1_9' title='bbox 1741 570 1841 633; x_wconf 89' lang='grc' dir='ltr'>καὶ</span> <span class='ocrx_word' id='word_1_10' title='bbox 1896 571 2054 635; x_wconf 86' lang='grc' dir='ltr'>κατὰ</span> <span class='ocrx_word' id='word_1_11' title='bbox 2114 569 2383 648; x_wconf 89' lang='grc' dir='ltr'>ἀριθμὸν</span> <span class='ocrx_word' id='word_1_12' title='bbox 2439 568 2541 632; x_wconf 86' lang='grc' dir='ltr'>καὶ</span> <span class='ocrx_word' id='word_1_13' title='bbox 2597 569 2755 633; x_wconf 87' lang='grc' dir='ltr'>κατὰ</span> <span class='ocrx_word' id='word_1_14' title='bbox 2809 572 3085 643; x_wconf 83' lang='grc' dir='ltr'>πτῶςιν,</span> <span class='ocrx_word' id='word_1_15' title='bbox 3143 567 3262 632; x_wconf 87' lang='grc' dir='ltr'>οὐκ</span> 
     </span>
     <span class='ocr_line' id='line_1_4' title="bbox 667 666 2405 748; baseline 0.001 -17"><span class='ocrx_word' id='word_1_16' title='bbox 667 666 1081 747; x_wconf 88' lang='grc' dir='ltr'>ἀπεμφαῖνον</span> <span class='ocrx_word' id='word_1_17' title='bbox 1128 669 1182 732; x_wconf 89' lang='grc' dir='ltr'>εἰ</span> <span class='ocrx_word' id='word_1_18' title='bbox 1225 671 1327 733; x_wconf 85' lang='grc' dir='ltr'>καὶ</span> <span class='ocrx_word' id='word_1_19' title='bbox 1370 673 1529 735; x_wconf 87' lang='grc' dir='ltr'>κατὰ</span> <span class='ocrx_word' id='word_1_20' title='bbox 1573 670 1858 748; x_wconf 87' lang='grc' dir='ltr'>αὐξήςεις</span> <span class='ocrx_word' id='word_1_21' title='bbox 1902 676 2033 736; x_wconf 82' lang='grc' dir='ltr'>τῶν</span> <span class='ocrx_word' id='word_1_22' title='bbox 2078 672 2405 735; x_wconf 88' lang='grc' dir='ltr'>πτώςεων.</span> 
     </span>
     <span class='ocr_line' id='line_1_5' title="bbox 836 769 2541 851; baseline 0.002 -19"><span class='ocrx_word' id='word_1_23' title='bbox 836 769 997 849; x_wconf 83' lang='grc' dir='ltr'>Ἐμέ</span> <span class='ocrx_word' id='word_1_24' title='bbox 1013 775 1166 835; x_wconf 87' lang='grc' dir='ltr'>θεν.</span> <span class='ocrx_word' id='word_1_25' title='bbox 1255 772 1531 836; x_wconf 86' lang='grc' dir='ltr'>Πυκνῶς</span> <span class='ocrx_word' id='word_1_26' title='bbox 1575 771 1639 835; x_wconf 84' lang='grc' dir='ltr'>αἱ</span> <span class='ocrx_word' id='word_1_27' title='bbox 1684 774 1930 851; x_wconf 88' lang='grc' dir='ltr'>χρήςεις</span> <span class='ocrx_word' id='word_1_28' title='bbox 1973 773 2149 849; x_wconf 87' lang='grc' dir='ltr'>παρὰ</span> <span class='ocrx_word' id='word_1_29' title='bbox 2191 772 2541 851; x_wconf 85' lang='grc' dir='ltr'>Αἰολεῦςιν,</span> 
     </span>
     <span class='ocr_line' id='line_1_6' title="bbox 1068 870 1958 952; baseline 0.004 -18"><span class='ocrx_word' id='word_1_30' title='bbox 1068 870 1290 948; x_wconf 83' lang='grc' dir='ltr'>ἔμεθεν</span> <span class='ocrx_word' id='word_1_31' title='bbox 1336 873 1392 935; x_wconf 84' lang='grc' dir='ltr'>δ’</span> <span class='ocrx_word' id='word_1_32' title='bbox 1436 873 1684 952; x_wconf 83' lang='grc' dir='ltr'>ἔχειςθα</span> <span class='ocrx_word' id='word_1_33' title='bbox 1728 873 1958 938; x_wconf 83' lang='grc' dir='ltr'>λάθαν·</span> 
     </span>
     <span class='ocr_line' id='line_1_7' title="bbox 596 974 3339 1054; baseline 0.002 -19"><span class='ocrx_word' id='word_1_34' title='bbox 596 989 628 1035; x_wconf 84' lang='lat'><strong>5</strong></span> <span class='ocrx_word' id='word_1_35' title='bbox 1962 975 2001 1054; x_wconf 83' lang='grc' dir='ltr'>ἤ</span> <span class='ocrx_word' id='word_1_36' title='bbox 2047 976 2176 1039; x_wconf 78' lang='grc' dir='ltr'>τιν’</span> <span class='ocrx_word' id='word_1_37' title='bbox 2220 974 2424 1039; x_wconf 82' lang='grc' dir='ltr'>ἄλλον</span> <span class='ocrx_word' id='word_1_38' title='bbox 3297 986 3339 1040; x_wconf 85' lang='lat' dir='ltr'>C</span> 
     </span>
     <span class='ocr_line' id='line_1_8' title="bbox 915 1073 3258 1159; baseline -0.001 -20"><span class='ocrx_word' id='word_1_39' title='bbox 915 1076 1248 1157; x_wconf 80' lang='grc' dir='ltr'>(μᾶλλον)</span> <span class='ocrx_word' id='word_1_40' title='bbox 1307 1075 1672 1153; x_wconf 87' lang='grc' dir='ltr'>ἀνθρώπων</span> <span class='ocrx_word' id='word_1_41' title='bbox 1731 1076 1956 1156; x_wconf 87' lang='grc' dir='ltr'>ἔμεθεν</span> <span class='ocrx_word' id='word_1_42' title='bbox 2015 1077 2290 1156; x_wconf 88' lang='grc' dir='ltr'>φίληςθα</span> <span class='ocrx_word' id='word_1_43' title='bbox 2348 1074 2673 1159; x_wconf 81' lang='lat' dir='ltr'><strong>(Sapphus</strong></span> <span class='ocrx_word' id='word_1_44' title='bbox 2730 1074 2808 1139; x_wconf 86' lang='lat' dir='ltr'>fr.</span> <span class='ocrx_word' id='word_1_45' title='bbox 2857 1075 2940 1139; x_wconf 85' lang='lat'>89</span> <span class='ocrx_word' id='word_1_46' title='bbox 2982 1073 3258 1152; x_wconf 64' lang='lat' dir='ltr'><strong>AhrenS,</strong></span> 
     </span>
     <span class='ocr_line' id='line_1_9' title="bbox 2281 1174 2940 1260; baseline 0.002 -21"><span class='ocrx_word' id='word_1_47' title='bbox 2281 1176 2353 1239; x_wconf 83' lang='lat'>21</span> <span class='ocrx_word' id='word_1_48' title='bbox 2409 1180 2475 1239; x_wconf 81' lang='lat' dir='ltr'>et</span> <span class='ocrx_word' id='word_1_49' title='bbox 2515 1175 2599 1238; x_wconf 83' lang='lat'>22</span> <span class='ocrx_word' id='word_1_50' title='bbox 2643 1174 2940 1260; x_wconf 78' lang='lat' dir='ltr'>Bergk³).</span> 
     </span>
     <span class='ocr_line' id='line_1_10' title="bbox 661 1275 3258 1360; baseline 0.001 -21"><span class='ocrx_word' id='word_1_51' title='bbox 661 1275 827 1341; x_wconf 87' lang='grc' dir='ltr'>ἀλλὰ</span> <span class='ocrx_word' id='word_1_52' title='bbox 873 1278 975 1341; x_wconf 82' lang='grc' dir='ltr'>καὶ</span> <span class='ocrx_word' id='word_1_53' title='bbox 1020 1279 1196 1357; x_wconf 86' lang='grc' dir='ltr'>παρὰ</span> <span class='ocrx_word' id='word_1_54' title='bbox 1243 1277 1716 1357; x_wconf 64' lang='grc' dir='ltr'>(υρακουςίοισ</span> <span class='ocrx_word' id='word_1_55' title='bbox 1774 1279 1897 1343; x_wconf 86' lang='grc' dir='ltr'>ἔτι</span> <span class='ocrx_word' id='word_1_56' title='bbox 1951 1281 2180 1359; x_wconf 81' lang='grc' dir='ltr'>μεθὲν</span> <span class='ocrx_word' id='word_1_57' title='bbox 2239 1279 2279 1343; x_wconf 85' lang='grc' dir='ltr'>ἁ</span> <span class='ocrx_word' id='word_1_58' title='bbox 2337 1278 2611 1357; x_wconf 84' lang='grc' dir='ltr'>καρδία</span> <span class='ocrx_word' id='word_1_59' title='bbox 2664 1282 2907 1360; x_wconf 83' lang='grc' dir='ltr'>παδῇ,</span> <span class='ocrx_word' id='word_1_60' title='bbox 2964 1276 3258 1358; x_wconf 78' lang='grc' dir='ltr'>(ώφρων</span> 
     </span>
     <span class='ocr_line' id='line_1_11' title="bbox 664 1378 3257 1464; baseline 0.001 -24"><span class='ocrx_word' id='word_1_61' title='bbox 664 1378 703 1440; x_wconf 92' lang='grc' dir='ltr'>Γ</span> <span class='ocrx_word' id='word_1_62' title='bbox 706 1379 1042 1443; x_wconf 88' lang='grc' dir='ltr'>υναικείοις</span> <span class='ocrx_word' id='word_1_63' title='bbox 1087 1378 1193 1461; x_wconf 82' lang='lat' dir='ltr'><strong>(fr.</strong></span> <span class='ocrx_word' id='word_1_64' title='bbox 1240 1380 1323 1442; x_wconf 85' lang='lat'>46</span> <span class='ocrx_word' id='word_1_65' title='bbox 1374 1379 1674 1458; x_wconf 85' lang='lat' dir='ltr'><strong>Abrens).</strong></span> <span class='ocrx_word' id='word_1_66' title='bbox 1774 1380 1950 1458; x_wconf 87' lang='grc' dir='ltr'>παρά</span> <span class='ocrx_word' id='word_1_67' title='bbox 2002 1401 2072 1444; x_wconf 89' lang='grc' dir='ltr'>τε</span> <span class='ocrx_word' id='word_1_68' title='bbox 2124 1386 2216 1464; x_wconf 83' lang='grc' dir='ltr'>τῷ</span> <span class='ocrx_word' id='word_1_69' title='bbox 2264 1384 2494 1462; x_wconf 84' lang='grc' dir='ltr'>ποιητῇ</span> <span class='ocrx_word' id='word_1_70' title='bbox 2538 1378 2577 1457; x_wconf 86' lang='grc' dir='ltr'><strong>ἡ</strong></span> <span class='ocrx_word' id='word_1_71' title='bbox 2626 1383 2838 1457; x_wconf 90' lang='grc' dir='ltr'>χρῆςις</span> <span class='ocrx_word' id='word_1_72' title='bbox 2883 1380 2984 1442; x_wconf 88' lang='grc' dir='ltr'>καὶ</span> <span class='ocrx_word' id='word_1_73' title='bbox 3029 1379 3257 1456; x_wconf 88' lang='grc' dir='ltr'>ςχεδὸν</span> 
     </span>
     <span class='ocr_line' id='line_1_12' title="bbox 565 1480 3260 1571; baseline 0.001 -31"><span class='ocrx_word' id='word_1_74' title='bbox 565 1495 625 1541; x_wconf 88' lang='grc' dir='ltr'>ιο</span> <span class='ocrx_word' id='word_1_75' title='bbox 661 1481 945 1558; x_wconf 88' lang='grc' dir='ltr'>ςυνεχής.</span> <span class='ocrx_word' id='word_1_76' title='bbox 1047 1483 1147 1545; x_wconf 88' lang='grc' dir='ltr'>διὸ</span> <span class='ocrx_word' id='word_1_77' title='bbox 1205 1481 1359 1545; x_wconf 81' lang='grc' dir='ltr'>οὐδὲ</span> <span class='ocrx_word' id='word_1_78' title='bbox 1403 1481 1865 1561; x_wconf 85' lang='grc' dir='ltr'>Αἰολικώτερον</span> <span class='ocrx_word' id='word_1_79' title='bbox 1911 1483 2030 1560; x_wconf 89' lang='grc' dir='ltr'>χρὴ</span> <span class='ocrx_word' id='word_1_80' title='bbox 2088 1481 2578 1571; x_wconf 72' lang='grc' dir='ltr'>ἀναγινώςκειν,</span> <span class='ocrx_word' id='word_1_81' title='bbox 2635 1480 2967 1558; x_wconf 88' lang='grc' dir='ltr'>διηκούςης</span> <span class='ocrx_word' id='word_1_82' title='bbox 3011 1481 3111 1543; x_wconf 84' lang='grc' dir='ltr'>καὶ</span> <span class='ocrx_word' id='word_1_83' title='bbox 3154 1480 3260 1543; x_wconf 83' lang='grc' dir='ltr'>ἐπὶ</span> 
     </span>
     <span class='ocr_line' id='line_1_13' title="bbox 595 1579 3255 1664; baseline 0 -19"><span class='ocrx_word' id='word_1_84' title='bbox 595 1589 597 1592; x_wconf 52' lang='lat'><em>⁴</em></span> <span class='ocrx_word' id='word_1_85' title='bbox 659 1581 910 1647; x_wconf 88' lang='grc' dir='ltr'>πολλὰς</span> <span class='ocrx_word' id='word_1_86' title='bbox 966 1584 1333 1647; x_wconf 79' lang='grc' dir='ltr'>διαλέκτου(</span> <span class='ocrx_word' id='word_1_87' title='bbox 1388 1586 1499 1659; x_wconf 88' lang='grc' dir='ltr'>τῆς</span> <span class='ocrx_word' id='word_1_88' title='bbox 1550 1584 1855 1662; x_wconf 87' lang='grc' dir='ltr'>χρήςεως.</span> <span class='ocrx_word' id='word_1_89' title='bbox 1905 1619 1980 1628; x_wconf 84' lang='lat'>-—-</span> <span class='ocrx_word' id='word_1_90' title='bbox 2034 1583 2230 1647; x_wconf 84' lang='grc' dir='ltr'>«Ἐπεὶ</span> <span class='ocrx_word' id='word_1_91' title='bbox 2283 1583 2420 1664; x_wconf 79' lang='grc' dir='ltr'>δέ»,</span> <span class='ocrx_word' id='word_1_92' title='bbox 2479 1579 2705 1663; x_wconf 85' lang='grc' dir='ltr'>φαςίν,</span> <span class='ocrx_word' id='word_1_93' title='bbox 2763 1579 2924 1644; x_wconf 82' lang='grc' dir='ltr'>«ἀπὸ</span> <span class='ocrx_word' id='word_1_94' title='bbox 2979 1583 3092 1658; x_wconf 88' lang='grc' dir='ltr'>τῆς</span> <span class='ocrx_word' id='word_1_95' title='bbox 3134 1580 3255 1645; x_wconf 88' lang='grc' dir='ltr'>Λέ-</span> 
     </span>
     <span class='ocr_line' id='line_1_14' title="bbox 664 1681 3438 1764; baseline 0.003 -20"><span class='ocrx_word' id='word_1_96' title='bbox 664 1686 818 1760; x_wconf 90' lang='grc' dir='ltr'>ςβου</span> <span class='ocrx_word' id='word_1_97' title='bbox 863 1687 1112 1761; x_wconf 87' lang='grc' dir='ltr'>γενικῆς</span> <span class='ocrx_word' id='word_1_98' title='bbox 1154 1683 1468 1763; x_wconf 75' lang='grc' dir='ltr'>ἐπίρρημα</span> <span class='ocrx_word' id='word_1_99' title='bbox 1507 1705 1562 1747; x_wconf 91' lang='grc' dir='ltr'>τι</span> <span class='ocrx_word' id='word_1_100' title='bbox 1592 1683 1996 1749; x_wconf 86' lang='grc' dir='ltr'>ἀποτελεῖται</span> <span class='ocrx_word' id='word_1_101' title='bbox 2024 1685 2366 1764; x_wconf 87' lang='grc' dir='ltr'>Λεςβόθεν,</span> <span class='ocrx_word' id='word_1_102' title='bbox 2416 1681 2598 1748; x_wconf 88' lang='grc' dir='ltr'>οἴκου</span> <span class='ocrx_word' id='word_1_103' title='bbox 2644 1682 2926 1758; x_wconf 86' lang='grc' dir='ltr'>οἴκοθεν,</span> <span class='ocrx_word' id='word_1_104' title='bbox 2975 1682 3263 1761; x_wconf 83' lang='grc' dir='ltr'>ούρανοῦ</span> <span class='ocrx_word' id='word_1_105' title='bbox 3299 1699 3438 1750; x_wconf 82' lang='lat' dir='ltr'>84A</span> 
     </span>
     <span class='ocr_line' id='line_1_15' title="bbox 661 1782 3259 1865; baseline 0.001 -19"><span class='ocrx_word' id='word_1_106' title='bbox 661 1783 1050 1861; x_wconf 86' lang='grc' dir='ltr'>οὐρανόθεν,</span> <span class='ocrx_word' id='word_1_107' title='bbox 1106 1789 1224 1849; x_wconf 83' lang='grc' dir='ltr'>τοῦ</span> <span class='ocrx_word' id='word_1_108' title='bbox 1283 1791 1320 1848; x_wconf 83' lang='grc' dir='ltr'>ῡ</span> <span class='ocrx_word' id='word_1_109' title='bbox 1375 1786 1925 1865; x_wconf 81' lang='grc' dir='ltr'>παραιρουμένου,</span> <span class='ocrx_word' id='word_1_110' title='bbox 1986 1785 2158 1850; x_wconf 87' lang='grc' dir='ltr'>οὕτω</span> <span class='ocrx_word' id='word_1_111' title='bbox 2221 1786 2321 1849; x_wconf 88' lang='grc' dir='ltr'>καὶ</span> <span class='ocrx_word' id='word_1_112' title='bbox 2375 1785 2507 1849; x_wconf 88' lang='grc' dir='ltr'>ἀπὸ</span> <span class='ocrx_word' id='word_1_113' title='bbox 2566 1787 2677 1859; x_wconf 87' lang='grc' dir='ltr'>τῆς</span> <span class='ocrx_word' id='word_1_114' title='bbox 2723 1782 2871 1862; x_wconf 83' lang='grc' dir='ltr'>ἐμεῦ</span> <span class='ocrx_word' id='word_1_115' title='bbox 2916 1782 2991 1847; x_wconf 87' lang='grc' dir='ltr'>τὸ</span> <span class='ocrx_word' id='word_1_116' title='bbox 3038 1784 3259 1863; x_wconf 85' lang='grc' dir='ltr'>ἐμέθεν</span> 
     </span>
     <span class='ocr_line' id='line_1_16' title="bbox 658 1883 3258 1966; baseline 0 -19"><span class='ocrx_word' id='word_1_117' title='bbox 658 1883 1184 1965; x_wconf 85' lang='grc' dir='ltr'>ἀποτελούμενον</span> <span class='ocrx_word' id='word_1_118' title='bbox 1239 1886 1551 1966; x_wconf 84' lang='grc' dir='ltr'>ἐπίρρημα</span> <span class='ocrx_word' id='word_1_119' title='bbox 1606 1887 1687 1952; x_wconf 88' lang='grc' dir='ltr'>ἂν</span> <span class='ocrx_word' id='word_1_120' title='bbox 1740 1888 2052 1963; x_wconf 80' lang='grc' dir='ltr'>γένοιτο.»</span> <span class='ocrx_word' id='word_1_121' title='bbox 2160 1887 2349 1951; x_wconf 89' lang='grc' dir='ltr'>Πάνυ</span> <span class='ocrx_word' id='word_1_122' title='bbox 2411 1889 2483 1949; x_wconf 80' lang='grc' dir='ltr'>δὲ</span> <span class='ocrx_word' id='word_1_123' title='bbox 2550 1886 2844 1963; x_wconf 87' lang='grc' dir='ltr'>ληρώδης</span> <span class='ocrx_word' id='word_1_124' title='bbox 2902 1884 2940 1961; x_wconf 88' lang='grc' dir='ltr'>ἡ</span> <span class='ocrx_word' id='word_1_125' title='bbox 2996 1885 3258 1962; x_wconf 88' lang='grc' dir='ltr'>τοιαύτη</span> 
     </span>
    </p>

    <p class='ocr_par' dir='ltr' id='par_1_3' title="bbox 561 1985 3259 2370">
     <span class='ocr_line' id='line_1_17' title="bbox 561 1985 3259 2068; baseline 0.002 -23"><span class='ocrx_word' id='word_1_126' title='bbox 561 1999 623 2046; x_wconf 82' lang='lat'>15</span> <span class='ocrx_word' id='word_1_127' title='bbox 659 1987 1024 2063; x_wconf 88' lang='grc' dir='ltr'>παράδοςις.</span> <span class='ocrx_word' id='word_1_128' title='bbox 1136 1987 1287 2052; x_wconf 88' lang='grc' dir='ltr'>οὔτε</span> <span class='ocrx_word' id='word_1_129' title='bbox 1343 1989 1466 2067; x_wconf 89' lang='grc' dir='ltr'>γὰρ</span> <span class='ocrx_word' id='word_1_130' title='bbox 1522 1987 1602 2051; x_wconf 89' lang='grc' dir='ltr'>τὰ</span> <span class='ocrx_word' id='word_1_131' title='bbox 1659 1988 2109 2068; x_wconf 89' lang='grc' dir='ltr'>παραγόμενα,</span> <span class='ocrx_word' id='word_1_132' title='bbox 2166 1987 2574 2067; x_wconf 84' lang='grc' dir='ltr'>μετατιθέντα</span> <span class='ocrx_word' id='word_1_133' title='bbox 2628 1986 2708 2049; x_wconf 86' lang='grc' dir='ltr'>τὰ</span> <span class='ocrx_word' id='word_1_134' title='bbox 2753 1986 2934 2063; x_wconf 89' lang='grc' dir='ltr'>τέλη,</span> <span class='ocrx_word' id='word_1_135' title='bbox 2994 1985 3140 2064; x_wconf 87' lang='grc' dir='ltr'>οὐχὶ</span> <span class='ocrx_word' id='word_1_136' title='bbox 3183 1987 3259 2050; x_wconf 86' lang='grc' dir='ltr'>τὸ</span> 
     </span>
     <span class='ocr_line' id='line_1_18' title="bbox 659 2085 3258 2170; baseline -0 -21"><span class='ocrx_word' id='word_1_137' title='bbox 659 2086 819 2150; x_wconf 87' lang='grc' dir='ltr'>αὐτὸ</span> <span class='ocrx_word' id='word_1_138' title='bbox 865 2088 1060 2166; x_wconf 89' lang='grc' dir='ltr'>μέρος</span> <span class='ocrx_word' id='word_1_139' title='bbox 1106 2089 1307 2164; x_wconf 88' lang='grc' dir='ltr'>λόγου</span> <span class='ocrx_word' id='word_1_140' title='bbox 1352 2091 1826 2166; x_wconf 86' lang='grc' dir='ltr'>καταςτήςεται,</span> <span class='ocrx_word' id='word_1_141' title='bbox 1877 2088 2025 2154; x_wconf 86' lang='grc' dir='ltr'>οὔτε</span> <span class='ocrx_word' id='word_1_142' title='bbox 2072 2085 2447 2170; x_wconf 87' lang='grc' dir='ltr'>φυλάξαντα</span> <span class='ocrx_word' id='word_1_143' title='bbox 2488 2088 2565 2151; x_wconf 87' lang='grc' dir='ltr'>τὸ</span> <span class='ocrx_word' id='word_1_144' title='bbox 2610 2087 2769 2151; x_wconf 82' lang='grc' dir='ltr'>αὐτὸ</span> <span class='ocrx_word' id='word_1_145' title='bbox 2815 2087 3007 2167; x_wconf 88' lang='grc' dir='ltr'>μέρος</span> <span class='ocrx_word' id='word_1_146' title='bbox 3040 2088 3258 2162; x_wconf 90' lang='grc' dir='ltr'>λόγου.</span> 
     </span>
     <span class='ocr_line' id='line_1_19' title="bbox 656 2186 3258 2271; baseline 0 -21"><span class='ocrx_word' id='word_1_147' title='bbox 656 2188 732 2251; x_wconf 89' lang='grc' dir='ltr'>τὸ</span> <span class='ocrx_word' id='word_1_148' title='bbox 780 2186 1008 2254; x_wconf 85' lang='grc' dir='ltr'>οἶκον</span> <span class='ocrx_word' id='word_1_149' title='bbox 1056 2190 1142 2253; x_wconf 91' lang='grc' dir='ltr'>δέ</span> <span class='ocrx_word' id='word_1_150' title='bbox 1187 2191 1285 2253; x_wconf 83' lang='grc' dir='ltr'>καὶ</span> <span class='ocrx_word' id='word_1_151' title='bbox 1328 2191 1407 2253; x_wconf 87' lang='grc' dir='ltr'>τὰ</span> <span class='ocrx_word' id='word_1_152' title='bbox 1453 2191 1856 2269; x_wconf 87' lang='grc' dir='ltr'>παραπλήςια</span> <span class='ocrx_word' id='word_1_153' title='bbox 1900 2192 1976 2255; x_wconf 89' lang='grc' dir='ltr'>τὸ</span> <span class='ocrx_word' id='word_1_154' title='bbox 2022 2189 2180 2254; x_wconf 87' lang='grc' dir='ltr'>αὐτὸ</span> <span class='ocrx_word' id='word_1_155' title='bbox 2226 2191 2414 2253; x_wconf 87' lang='grc' dir='ltr'>τέλος</span> <span class='ocrx_word' id='word_1_156' title='bbox 2446 2188 2722 2269; x_wconf 84' lang='grc' dir='ltr'>ἐφύλαξε</span> <span class='ocrx_word' id='word_1_157' title='bbox 2754 2191 2864 2264; x_wconf 88' lang='grc' dir='ltr'>τῆς</span> <span class='ocrx_word' id='word_1_158' title='bbox 2895 2187 3258 2271; x_wconf 80' lang='grc' dir='ltr'>αἰτιατικῆς,</span> 
     </span>
     <span class='ocr_line' id='line_1_20' title="bbox 659 2288 1894 2370; baseline 0.005 -20"><span class='ocrx_word' id='word_1_159' title='bbox 659 2288 801 2351; x_wconf 86' lang='grc' dir='ltr'>ἀλλ’</span> <span class='ocrx_word' id='word_1_160' title='bbox 846 2290 927 2354; x_wconf 84' lang='grc' dir='ltr'>οὐ</span> <span class='ocrx_word' id='word_1_161' title='bbox 972 2290 1047 2354; x_wconf 87' lang='grc' dir='ltr'>τὸ</span> <span class='ocrx_word' id='word_1_162' title='bbox 1092 2290 1251 2354; x_wconf 86' lang='grc' dir='ltr'>αὐτὸ</span> <span class='ocrx_word' id='word_1_163' title='bbox 1298 2292 1491 2370; x_wconf 87' lang='grc' dir='ltr'>μέρος</span> <span class='ocrx_word' id='word_1_164' title='bbox 1537 2293 1768 2367; x_wconf 90' lang='grc' dir='ltr'>λόγου·</span> <span class='ocrx_word' id='word_1_165' title='bbox 1816 2293 1894 2357; x_wconf 87' lang='grc' dir='ltr'>τὸ</span> 
     </span>
    </p>

    <p class='ocr_par' dir='ltr' id='par_1_4' title="bbox 1389 2390 2442 2473">
     <span class='ocr_line' id='line_1_21' title="bbox 1389 2390 2442 2473; baseline -0.002 -18"><span class='ocrx_word' id='word_1_166' title='bbox 1389 2392 1521 2457; x_wconf 87' lang='grc' dir='ltr'>ἀπὸ</span> <span class='ocrx_word' id='word_1_167' title='bbox 1567 2394 1840 2473; x_wconf 87' lang='grc' dir='ltr'>χαλκόφι</span> <span class='ocrx_word' id='word_1_168' title='bbox 1889 2393 2122 2471; x_wconf 88' lang='grc' dir='ltr'>χαλκός</span> <span class='ocrx_word' id='word_1_169' title='bbox 2169 2392 2244 2472; x_wconf 93' lang='grc' dir='ltr'>(Λ</span> <span class='ocrx_word' id='word_1_170' title='bbox 2287 2390 2442 2473; x_wconf 81' lang='lat'>351)</span> 
     </span>
    </p>

    <p class='ocr_par' dir='ltr' id='par_1_5' title="bbox 555 2478 3339 2874">
     <span class='ocr_line' id='line_1_22' title="bbox 555 2478 3339 2575; baseline 0.003 -25"><span class='ocrx_word' id='word_1_171' title='bbox 555 2505 620 2550; x_wconf 79' lang='lat'>20</span> <span class='ocrx_word' id='word_1_172' title='bbox 657 2490 775 2554; x_wconf 90' lang='grc' dir='ltr'>οὐκ</span> <span class='ocrx_word' id='word_1_173' title='bbox 821 2492 1128 2571; x_wconf 84' lang='grc' dir='ltr'>ἐφύλαξε,</span> <span class='ocrx_word' id='word_1_174' title='bbox 1175 2495 1278 2558; x_wconf 89' lang='grc' dir='ltr'>καὶ</span> <span class='ocrx_word' id='word_1_175' title='bbox 1320 2492 1459 2557; x_wconf 89' lang='grc' dir='ltr'>ἴςον</span> <span class='ocrx_word' id='word_1_176' title='bbox 1503 2501 1596 2575; x_wconf 80' lang='grc' dir='ltr'>τῷ</span> <span class='ocrx_word' id='word_1_177' title='bbox 1641 2495 1772 2559; x_wconf 87' lang='grc' dir='ltr'>ἀπὸ</span> <span class='ocrx_word' id='word_1_178' title='bbox 1819 2497 2078 2572; x_wconf 85' lang='grc' dir='ltr'>χαλκοῦ.</span> <span class='ocrx_word' id='word_1_179' title='bbox 2182 2491 2340 2569; x_wconf 87' lang='grc' dir='ltr'>αὐτή</span> <span class='ocrx_word' id='word_1_180' title='bbox 2385 2512 2453 2556; x_wconf 87' lang='grc' dir='ltr'>τε</span> <span class='ocrx_word' id='word_1_181' title='bbox 2489 2493 2536 2571; x_wconf 83' lang='grc' dir='ltr'>,ἡ</span> <span class='ocrx_word' id='word_1_182' title='bbox 2583 2492 2686 2555; x_wconf 84' lang='grc' dir='ltr'>διὰ</span> <span class='ocrx_word' id='word_1_183' title='bbox 2730 2494 2849 2555; x_wconf 84' lang='grc' dir='ltr'>τοῦ</span> <span class='ocrx_word' id='word_1_184' title='bbox 2893 2478 3018 2556; x_wconf 55' lang='grc' dir='ltr'>θῧ</span> <span class='ocrx_word' id='word_1_185' title='bbox 3050 2512 3253 2571; x_wconf 78' lang='grc' dir='ltr'>παρα·</span> <span class='ocrx_word' id='word_1_186' title='bbox 3292 2505 3339 2559; x_wconf 92' lang='grc' dir='ltr'><strong>Β</strong></span> 
     </span>
     <span class='ocr_line' id='line_1_23' title="bbox 655 2591 3258 2674; baseline 0 -18"><span class='ocrx_word' id='word_1_187' title='bbox 655 2595 833 2671; x_wconf 86' lang='grc' dir='ltr'>γωγὴ</span> <span class='ocrx_word' id='word_1_188' title='bbox 880 2593 989 2657; x_wconf 80' lang='grc' dir='ltr'>ὁτὲ</span> <span class='ocrx_word' id='word_1_189' title='bbox 1034 2595 1148 2671; x_wconf 79' lang='grc' dir='ltr'>μὲν</span> <span class='ocrx_word' id='word_1_190' title='bbox 1193 2595 1692 2674; x_wconf 83' lang='grc' dir='ltr'>ἐπιρρηματικῶς</span> <span class='ocrx_word' id='word_1_191' title='bbox 1734 2595 1809 2659; x_wconf 90' lang='grc' dir='ltr'>τὸ</span> <span class='ocrx_word' id='word_1_192' title='bbox 1856 2595 1927 2658; x_wconf 82' lang='grc' dir='ltr'>ἐκ</span> <span class='ocrx_word' id='word_1_193' title='bbox 1970 2594 2178 2657; x_wconf 88' lang='grc' dir='ltr'>τόπου</span> <span class='ocrx_word' id='word_1_194' title='bbox 2225 2593 2540 2673; x_wconf 85' lang='grc' dir='ltr'>ςημαίνει,</span> <span class='ocrx_word' id='word_1_195' title='bbox 2598 2591 3018 2672; x_wconf 86' lang='grc' dir='ltr'>Λεςβόθεν,</span> <span class='ocrx_word' id='word_1_196' title='bbox 3065 2592 3258 2657; x_wconf 85' lang='grc' dir='ltr'>πάν-</span> 
     </span>
     <span class='ocr_line' id='line_1_24' title="bbox 655 2694 3256 2780; baseline 0.001 -23"><span class='ocrx_word' id='word_1_197' title='bbox 655 2701 928 2777; x_wconf 87' lang='grc' dir='ltr'>τοθεν,</span> <span class='ocrx_word' id='word_1_198' title='bbox 989 2696 1345 2780; x_wconf 82' lang='grc' dir='ltr'>Ἰλιόθεν,</span> <span class='ocrx_word' id='word_1_199' title='bbox 1402 2695 1509 2759; x_wconf 80' lang='grc' dir='ltr'>ὁτὲ</span> <span class='ocrx_word' id='word_1_200' title='bbox 1564 2698 1634 2761; x_wconf 82' lang='grc' dir='ltr'>δὲ</span> <span class='ocrx_word' id='word_1_201' title='bbox 1678 2695 1876 2759; x_wconf 85' lang='grc' dir='ltr'>ταύτὸ</span> <span class='ocrx_word' id='word_1_202' title='bbox 1923 2696 2203 2775; x_wconf 88' lang='grc' dir='ltr'>ςημαίνει</span> <span class='ocrx_word' id='word_1_203' title='bbox 2245 2700 2338 2778; x_wconf 85' lang='grc' dir='ltr'>τῷ</span> <span class='ocrx_word' id='word_1_204' title='bbox 2384 2694 2814 2776; x_wconf 81' lang='grc' dir='ltr'>πρωτοτύπψ.</span> <span class='ocrx_word' id='word_1_205' title='bbox 2904 2694 2963 2757; x_wconf 88' lang='grc' dir='ltr'><strong>τί</strong></span> <span class='ocrx_word' id='word_1_206' title='bbox 3006 2694 3129 2773; x_wconf 86' lang='grc' dir='ltr'>γὰρ</span> <span class='ocrx_word' id='word_1_207' title='bbox 3174 2694 3256 2759; x_wconf 88' lang='grc' dir='ltr'>ἂν</span> 
     </span>
     <span class='ocr_line' id='line_1_25' title="bbox 658 2816 874 2874; baseline 0 -14"><span class='ocrx_word' id='word_1_208' title='bbox 658 2816 753 2874; x_wconf 89' lang='grc' dir='ltr'>ειη</span> <span class='ocrx_word' id='word_1_209' title='bbox 798 2817 874 2860; x_wconf 91' lang='grc' dir='ltr'>το</span> 
     </span>
    </p>

    <p class='ocr_par' dir='ltr' id='par_1_6' title="bbox 1236 2896 2602 2979">
     <span class='ocr_line' id='line_1_26' title="bbox 1236 2896 2602 2979; baseline -0.003 -16"><span class='ocrx_word' id='word_1_210' title='bbox 1236 2899 1534 2977; x_wconf 88' lang='grc' dir='ltr'>ςχεδόθεν</span> <span class='ocrx_word' id='word_1_211' title='bbox 1579 2900 1652 2964; x_wconf 90' lang='grc' dir='ltr'>δέ</span> <span class='ocrx_word' id='word_1_212' title='bbox 1697 2898 1758 2962; x_wconf 87' lang='grc' dir='ltr'>οἱ</span> <span class='ocrx_word' id='word_1_213' title='bbox 1801 2898 1992 2977; x_wconf 88' lang='grc' dir='ltr'>ἦλθεν</span> <span class='ocrx_word' id='word_1_214' title='bbox 2039 2896 2265 2975; x_wconf 86' lang='grc' dir='ltr'>Ἀθήνη</span> <span class='ocrx_word' id='word_1_215' title='bbox 2313 2899 2377 2977; x_wconf 88' lang='grc' dir='ltr'>(β</span> <span class='ocrx_word' id='word_1_216' title='bbox 2424 2896 2602 2979; x_wconf 80' lang='grc'>267);</span> 
     </span>
    </p>

    <p class='ocr_par' dir='ltr' id='par_1_7' title="bbox 555 2997 3254 3081">
     <span class='ocr_line' id='line_1_27' title="bbox 555 2997 3254 3081; baseline 0.001 -19"><span class='ocrx_word' id='word_1_217' title='bbox 555 3007 620 3053; x_wconf 78' lang='lat'>25</span> <span class='ocrx_word' id='word_1_218' title='bbox 656 2999 694 3075; x_wconf 88' lang='grc' dir='ltr'>ἢ</span> <span class='ocrx_word' id='word_1_219' title='bbox 742 2997 822 3062; x_wconf 86' lang='grc' dir='ltr'>οὐ</span> <span class='ocrx_word' id='word_1_220' title='bbox 868 3001 1069 3076; x_wconf 90' lang='grc' dir='ltr'>δῆλον</span> <span class='ocrx_word' id='word_1_221' title='bbox 1119 3000 1208 3063; x_wconf 83' lang='grc' dir='ltr'>ὡς</span> <span class='ocrx_word' id='word_1_222' title='bbox 1255 3000 1573 3079; x_wconf 78' lang='grc' dir='ltr'>«ςχεδόν»;</span> <span class='ocrx_word' id='word_1_223' title='bbox 1621 3000 1700 3063; x_wconf 86' lang='grc' dir='ltr'>οὐ</span> <span class='ocrx_word' id='word_1_224' title='bbox 1744 3001 1866 3078; x_wconf 86' lang='grc' dir='ltr'>γὰρ</span> <span class='ocrx_word' id='word_1_225' title='bbox 1913 3000 2217 3074; x_wconf 90' lang='grc' dir='ltr'>ςύνεγγυς</span> <span class='ocrx_word' id='word_1_226' title='bbox 2264 2997 2544 3076; x_wconf 87' lang='grc' dir='ltr'>οὐρανὸς</span> <span class='ocrx_word' id='word_1_227' title='bbox 2587 3002 2698 3074; x_wconf 90' lang='grc' dir='ltr'>τῆς</span> <span class='ocrx_word' id='word_1_228' title='bbox 2728 3002 2875 3081; x_wconf 86' lang='grc' dir='ltr'>γῆς,</span> <span class='ocrx_word' id='word_1_229' title='bbox 2918 2998 3015 3063; x_wconf 78' lang='grc' dir='ltr'>ἵν’</span> <span class='ocrx_word' id='word_1_230' title='bbox 3046 2999 3254 3064; x_wconf 83' lang='grc' dir='ltr'>οὕτως</span> 
     </span>
    </p>

    <p class='ocr_par' dir='ltr' id='par_1_8' title="bbox 657 3099 1914 3179">
     <span class='ocr_line' id='line_1_28' title="bbox 657 3099 1914 3179; baseline 0.002 -16"><span class='ocrx_word' id='word_1_231' title='bbox 657 3099 959 3179; x_wconf 88' lang='grc' dir='ltr'>ἀκούηται</span> <span class='ocrx_word' id='word_1_232' title='bbox 1006 3099 1104 3164; x_wconf 80' lang='grc' dir='ltr'>«ἐκ</span> <span class='ocrx_word' id='word_1_233' title='bbox 1147 3104 1265 3164; x_wconf 88' lang='grc' dir='ltr'>τοῦ</span> <span class='ocrx_word' id='word_1_234' title='bbox 1309 3102 1616 3177; x_wconf 89' lang='grc' dir='ltr'>ςύνεγγυς</span> <span class='ocrx_word' id='word_1_235' title='bbox 1658 3101 1914 3165; x_wconf 84' lang='grc' dir='ltr'>τόπου».</span> 
     </span>
    </p>

    <p class='ocr_par' dir='ltr' id='par_1_9' title="bbox 656 3200 3335 3484">
     <span class='ocr_line' id='line_1_29' title="bbox 1211 3200 2058 3285; baseline -0.001 -20"><span class='ocrx_word' id='word_1_236' title='bbox 1211 3202 1453 3279; x_wconf 85' lang='grc' dir='ltr'>Ἴδηθεν</span> <span class='ocrx_word' id='word_1_237' title='bbox 1498 3203 1744 3282; x_wconf 86' lang='grc' dir='ltr'>μεδέων</span> <span class='ocrx_word' id='word_1_238' title='bbox 1789 3200 1861 3285; x_wconf 87' lang='grc' dir='ltr'>(Γ</span> <span class='ocrx_word' id='word_1_239' title='bbox 1902 3200 2058 3285; x_wconf 78' lang='grc'>276)</span> 
     </span>
     <span class='ocr_line' id='line_1_30' title="bbox 656 3301 3335 3387; baseline 0.003 -22"><span class='ocrx_word' id='word_1_240' title='bbox 656 3301 795 3366; x_wconf 88' lang='grc' dir='ltr'>ἀντὶ</span> <span class='ocrx_word' id='word_1_241' title='bbox 837 3306 954 3365; x_wconf 83' lang='grc' dir='ltr'>τοῦ</span> <span class='ocrx_word' id='word_1_242' title='bbox 998 3303 1188 3380; x_wconf 87' lang='grc' dir='ltr'>Ἴδης·</span> <span class='ocrx_word' id='word_1_243' title='bbox 1234 3303 1457 3381; x_wconf 89' lang='grc' dir='ltr'>εὔηθες</span> <span class='ocrx_word' id='word_1_244' title='bbox 1501 3304 1622 3382; x_wconf 83' lang='grc' dir='ltr'>γὰρ</span> <span class='ocrx_word' id='word_1_245' title='bbox 1668 3304 1783 3369; x_wconf 90' lang='grc' dir='ltr'>τὸν</span> <span class='ocrx_word' id='word_1_246' title='bbox 1829 3303 1895 3369; x_wconf 86' lang='grc' dir='ltr'>ἐξ</span> <span class='ocrx_word' id='word_1_247' title='bbox 1939 3302 2102 3380; x_wconf 89' lang='grc' dir='ltr'>Ἴδης</span> <span class='ocrx_word' id='word_1_248' title='bbox 2143 3305 2254 3379; x_wconf 88' lang='grc' dir='ltr'>τῆς</span> <span class='ocrx_word' id='word_1_249' title='bbox 2299 3303 2458 3366; x_wconf 89' lang='grc' dir='ltr'>κατὰ</span> <span class='ocrx_word' id='word_1_250' title='bbox 2492 3302 2735 3380; x_wconf 90' lang='grc' dir='ltr'>Κρήτην</span> <span class='ocrx_word' id='word_1_251' title='bbox 2766 3304 3250 3387; x_wconf 86' lang='grc' dir='ltr'>παραδέχεςθαι,</span> <span class='ocrx_word' id='word_1_252' title='bbox 3290 3318 3335 3372; x_wconf 86' lang='lat' dir='ltr'>C</span> 
     </span>
     <span class='ocr_line' id='line_1_31' title="bbox 656 3403 2292 3484; baseline 0 -18"><span class='ocrx_word' id='word_1_253' title='bbox 656 3405 776 3467; x_wconf 89' lang='grc' dir='ltr'>τὸν</span> <span class='ocrx_word' id='word_1_254' title='bbox 822 3404 1173 3483; x_wconf 82' lang='grc' dir='ltr'>ἐπιχώριον</span> <span class='ocrx_word' id='word_1_255' title='bbox 1219 3403 1450 3470; x_wconf 84' lang='grc' dir='ltr'>Ἰδαῖον</span> <span class='ocrx_word' id='word_1_256' title='bbox 1494 3404 1625 3468; x_wconf 90' lang='grc' dir='ltr'>Δία</span> <span class='ocrx_word' id='word_1_257' title='bbox 1667 3404 2292 3484; x_wconf 87' lang='grc' dir='ltr'>παραπεμψάμενον.</span> 
     </span>
    </p>
   </div>
   <div class='ocr_carea' id='block_1_3' title="bbox 652 3627 3248 4019">
    <p class='ocr_par' dir='ltr' id='par_1_10' title="bbox 652 3627 3248 4019">
     <span class='ocr_line' id='line_1_32' title="bbox 789 3627 3248 3699; baseline 0.001 -18"><span class='ocrx_word' id='word_1_258' title='bbox 789 3629 1006 3682; x_wconf 66' lang='lat' dir='ltr'><strong>Anava.</strong></span> <span class='ocrx_word' id='word_1_259' title='bbox 1093 3636 1125 3683; x_wconf 83' lang='lat'><strong>3</strong></span> <span class='ocrx_word' id='word_1_260' title='bbox 1187 3631 1413 3696; x_wconf 82' lang='grc' dir='ltr'>Ἐμὲθεν</span> <span class='ocrx_word' id='word_1_261' title='bbox 1466 3630 1527 3682; x_wconf 90' lang='lat' dir='ltr'>in</span> <span class='ocrx_word' id='word_1_262' title='bbox 1582 3628 1773 3682; x_wconf 74' lang='lat' dir='ltr'>multis</span> <span class='ocrx_word' id='word_1_263' title='bbox 1828 3627 2086 3682; x_wconf 74' lang='lat' dir='ltr'><strong>dialectis</strong></span> <span class='ocrx_word' id='word_1_264' title='bbox 2131 3645 2235 3681; x_wconf 78' lang='lat' dir='ltr'>usu</span> <span class='ocrx_word' id='word_1_265' title='bbox 2281 3631 2572 3699; x_wconf 79' lang='lat' dir='ltr'>receptum</span> <span class='ocrx_word' id='word_1_266' title='bbox 2619 3630 2720 3683; x_wconf 74' lang='lat' dir='ltr'>est.</span> <span class='ocrx_word' id='word_1_267' title='bbox 2801 3629 2960 3694; x_wconf 86' lang='lat' dir='ltr'>Quod</span> <span class='ocrx_word' id='word_1_268' title='bbox 3006 3630 3103 3698; x_wconf 83' lang='lat' dir='ltr'>qui</span> <span class='ocrx_word' id='word_1_269' title='bbox 3148 3632 3248 3684; x_wconf 77' lang='lat' dir='ltr'>ad—</span> 
     </span>
     <span class='ocr_line' id='line_1_33' title="bbox 656 3712 3248 3782; baseline 0.001 -18"><span class='ocrx_word' id='word_1_270' title='bbox 656 3713 908 3765; x_wconf 79' lang='lat' dir='ltr'><strong>verbium</strong></span> <span class='ocrx_word' id='word_1_271' title='bbox 963 3715 1192 3780; x_wconf 74' lang='lat' dir='ltr'><strong>putant,</strong></span> <span class='ocrx_word' id='word_1_272' title='bbox 1252 3716 1388 3781; x_wconf 83' lang='lat' dir='ltr'><strong>quia</strong></span> <span class='ocrx_word' id='word_1_273' title='bbox 1439 3714 1640 3767; x_wconf 82' lang='lat' dir='ltr'>eodem</span> <span class='ocrx_word' id='word_1_274' title='bbox 1692 3712 1860 3766; x_wconf 87' lang='lat' dir='ltr'>modo</span> <span class='ocrx_word' id='word_1_275' title='bbox 1918 3729 1986 3766; x_wconf 83' lang='lat' dir='ltr'>ex</span> <span class='ocrx_word' id='word_1_276' title='bbox 2039 3714 2173 3778; x_wconf 80' lang='grc' dir='ltr'>ἐμεῦ</span> <span class='ocrx_word' id='word_1_277' title='bbox 2227 3713 2439 3767; x_wconf 72' lang='lat' dir='ltr'><strong>factum</strong></span> <span class='ocrx_word' id='word_1_278' title='bbox 2492 3713 2589 3778; x_wconf 74' lang='lat' dir='ltr'>sit,</span> <span class='ocrx_word' id='word_1_279' title='bbox 2642 3730 2752 3782; x_wconf 85' lang='lat' dir='ltr'>quo</span> <span class='ocrx_word' id='word_1_280' title='bbox 2806 3715 3124 3781; x_wconf 84' lang='grc' dir='ltr'>οὐρανόθεν</span> <span class='ocrx_word' id='word_1_281' title='bbox 3178 3731 3248 3768; x_wconf 78' lang='lat' dir='ltr'>ex</span> 
     </span>
     <span class='ocr_line' id='line_1_34' title="bbox 655 3788 3247 3867; baseline 0.002 -19"><span class='ocrx_word' id='word_1_282' title='bbox 655 3796 929 3862; x_wconf 86' lang='grc' dir='ltr'>οὐρανοῦ,</span> <span class='ocrx_word' id='word_1_283' title='bbox 978 3788 1266 3852; x_wconf 77' lang='lat' dir='ltr'><strong>falluntur.</strong></span> <span class='ocrx_word' id='word_1_284' title='bbox 1338 3797 1465 3851; x_wconf 87' lang='lat' dir='ltr'>Non</span> <span class='ocrx_word' id='word_1_285' title='bbox 1512 3798 1660 3851; x_wconf 81' lang='lat' dir='ltr'>enim</span> <span class='ocrx_word' id='word_1_286' title='bbox 1701 3813 1768 3851; x_wconf 82' lang='lat' dir='ltr'>ex</span> <span class='ocrx_word' id='word_1_287' title='bbox 1806 3796 1987 3851; x_wconf 77' lang='lat' dir='ltr'><strong>forma</strong></span> <span class='ocrx_word' id='word_1_288' title='bbox 2018 3796 2291 3850; x_wconf 81' lang='lat' dir='ltr'><strong>iudicium</strong></span> <span class='ocrx_word' id='word_1_289' title='bbox 2327 3797 2507 3851; x_wconf 82' lang='lat' dir='ltr'><strong>fertur</strong></span> <span class='ocrx_word' id='word_1_290' title='bbox 2551 3798 2621 3850; x_wconf 83' lang='lat' dir='ltr'>de</span> <span class='ocrx_word' id='word_1_291' title='bbox 2664 3798 2948 3852; x_wconf 80' lang='lat' dir='ltr'>vocabulis</span> <span class='ocrx_word' id='word_1_292' title='bbox 2983 3815 3085 3867; x_wconf 84' lang='lat' dir='ltr'>per</span> <span class='ocrx_word' id='word_1_293' title='bbox 3123 3814 3247 3852; x_wconf 75' lang='lat' dir='ltr'><strong>ora-</strong></span> 
     </span>
     <span class='ocr_line' id='line_1_35' title="bbox 653 3879 3248 3951; baseline 0.001 -19"><span class='ocrx_word' id='word_1_294' title='bbox 653 3879 824 3933; x_wconf 76' lang='lat' dir='ltr'>tionis</span> <span class='ocrx_word' id='word_1_295' title='bbox 870 3883 1061 3948; x_wconf 78' lang='lat' dir='ltr'><strong>partes</strong></span> <span class='ocrx_word' id='word_1_296' title='bbox 1108 3882 1536 3947; x_wconf 73' lang='lat' dir='ltr'><strong>distribuendis,</strong></span> <span class='ocrx_word' id='word_1_297' title='bbox 1592 3882 1692 3936; x_wconf 82' lang='lat' dir='ltr'>sed</span> <span class='ocrx_word' id='word_1_298' title='bbox 1737 3881 2116 3946; x_wconf 77' lang='lat' dir='ltr'>ex-notion03</span> <span class='ocrx_word' id='word_1_299' title='bbox 2170 3881 2400 3935; x_wconf 74' lang='lat' dir='ltr'>notione</span> <span class='ocrx_word' id='word_1_300' title='bbox 2449 3897 2580 3935; x_wconf 83' lang='lat' dir='ltr'>vero</span> <span class='ocrx_word' id='word_1_301' title='bbox 2625 3884 2686 3935; x_wconf 75' lang='lat' dir='ltr'>et</span> <span class='ocrx_word' id='word_1_302' title='bbox 2728 3899 2832 3935; x_wconf 80' lang='lat' dir='ltr'>usu</span> <span class='ocrx_word' id='word_1_303' title='bbox 2877 3883 3076 3949; x_wconf 80' lang='grc' dir='ltr'>ἐμέθεν</span> <span class='ocrx_word' id='word_1_304' title='bbox 3119 3898 3248 3951; x_wconf 85' lang='lat' dir='ltr'><strong>pro-</strong></span> 
     </span>
     <span class='ocr_line' id='line_1_36' title="bbox 652 3967 997 4019; baseline 0.009 -3"><span class='ocrx_word' id='word_1_305' title='bbox 652 3981 859 4019; x_wconf 79' lang='lat' dir='ltr'>nomen</span> <span class='ocrx_word' id='word_1_306' title='bbox 897 3967 997 4019; x_wconf 73' lang='lat' dir='ltr'>est.</span> 
     </span>
    </p>
   </div>
   <div class='ocr_carea' id='block_1_4' title="bbox 880 4089 1058 4096">
    <p class='ocr_par' dir='ltr' id='par_1_11' title="bbox 880 4089 1058 4096">
     <span class='ocr_line' id='line_1_37' title="bbox 880 4089 1058 4096; baseline 0 1434"><span class='ocrx_word' id='word_1_307' title='bbox 880 4089 1058 4096; x_wconf 95' lang='lat' dir='ltr'> </span> 
     </span>
    </p>
   </div>
   <div class='ocr_carea' id='block_1_5' title="bbox 652 4157 3251 4900">
    <p class='ocr_par' dir='ltr' id='par_1_12' title="bbox 652 4157 3251 4900">
     <span class='ocr_line' id='line_1_38' title="bbox 791 4157 3250 4229; baseline 0.002 -19"><span class='ocrx_word' id='word_1_308' title='bbox 791 4157 985 4217; x_wconf 74' lang='lat' dir='ltr'>D1sen.</span> <span class='ocrx_word' id='word_1_309' title='bbox 1034 4179 1244 4214; x_wconf 68' lang='lat' dir='ltr'><strong>sempr.</strong></span> <span class='ocrx_word' id='word_1_310' title='bbox 1330 4166 1493 4214; x_wconf 79' lang='grc'>1-2.</span> <span class='ocrx_word' id='word_1_311' title='bbox 1541 4176 1629 4215; x_wconf 87' lang='grc' dir='ltr'>και</span> <span class='ocrx_word' id='word_1_312' title='bbox 1676 4177 1894 4216; x_wconf 88' lang='grc' dir='ltr'>πτωςιν</span> <span class='ocrx_word' id='word_1_313' title='bbox 1939 4177 2083 4214; x_wconf 88' lang='grc' dir='ltr'>κατα</span> <span class='ocrx_word' id='word_1_314' title='bbox 2129 4176 2345 4213; x_wconf 82' lang='grc' dir='ltr'>πτωςιν</span> <span class='ocrx_word' id='word_1_315' title='bbox 2382 4161 2453 4223; x_wconf 86' lang='grc' dir='ltr'>Α,</span> <span class='ocrx_word' id='word_1_316' title='bbox 2498 4159 2598 4213; x_wconf 82' lang='lat' dir='ltr'>sed</span> <span class='ocrx_word' id='word_1_317' title='bbox 2641 4160 2797 4229; x_wconf 82' lang='lat' dir='ltr'>prius</span> <span class='ocrx_word' id='word_1_318' title='bbox 2832 4176 3048 4215; x_wconf 87' lang='grc' dir='ltr'>πτωςιν</span> <span class='ocrx_word' id='word_1_319' title='bbox 3093 4159 3250 4214; x_wconf 80' lang='lat' dir='ltr'><strong>delet</strong></span> 
     </span>
     <span class='ocr_line' id='line_1_39' title="bbox 655 4239 3251 4313; baseline 0.001 -18"><span class='ocrx_word' id='word_1_320' title='bbox 655 4243 719 4295; x_wconf 86' lang='grc' dir='ltr'>Α1</span> <span class='ocrx_word' id='word_1_321' title='bbox 754 4244 764 4309; x_wconf 82' lang='grc' dir='ltr'>Ι</span> <span class='ocrx_word' id='word_1_322' title='bbox 794 4249 841 4297; x_wconf 90' lang='grc'>3.</span> <span class='ocrx_word' id='word_1_323' title='bbox 877 4239 1333 4313; x_wconf 66' lang='grc' dir='ltr'>ἰιιεοτίρῢίαπερι</span> <span class='ocrx_word' id='word_1_324' title='bbox 1368 4262 1470 4312; x_wconf 90' lang='grc' dir='ltr'>της</span> <span class='ocrx_word' id='word_1_325' title='bbox 1507 4249 1704 4310; x_wconf 87' lang='grc' dir='ltr'>εμεθεν</span> <span class='ocrx_word' id='word_1_326' title='bbox 1740 4244 1965 4298; x_wconf 75' lang='lat' dir='ltr'><strong>maiuso.</strong></span> <span class='ocrx_word' id='word_1_327' title='bbox 2005 4246 2049 4298; x_wconf 84' lang='grc' dir='ltr'>Α</span> <span class='ocrx_word' id='word_1_328' title='bbox 2081 4246 2090 4309; x_wconf 84' lang='grc' dir='ltr'>Ι</span> <span class='ocrx_word' id='word_1_329' title='bbox 2121 4260 2273 4311; x_wconf 88' lang='grc' dir='ltr'>παρα</span> <span class='ocrx_word' id='word_1_330' title='bbox 2296 4245 2366 4308; x_wconf 91' lang='grc' dir='ltr'>Α,</span> <span class='ocrx_word' id='word_1_331' title='bbox 2404 4245 2547 4310; x_wconf 86' lang='grc' dir='ltr'>παρ’</span> <span class='ocrx_word' id='word_1_332' title='bbox 2581 4244 2617 4298; x_wconf 92' lang='lat' dir='ltr'>b</span> <span class='ocrx_word' id='word_1_333' title='bbox 2650 4247 2659 4310; x_wconf 87' lang='grc' dir='ltr'>Ι</span> <span class='ocrx_word' id='word_1_334' title='bbox 2692 4251 2740 4299; x_wconf 83' lang='lat'>4.</span> <span class='ocrx_word' id='word_1_335' title='bbox 2776 4243 3098 4298; x_wconf 77' lang='lat' dir='ltr'><strong>‘dicendum</strong></span> <span class='ocrx_word' id='word_1_336' title='bbox 3124 4249 3251 4297; x_wconf 79' lang='lat' dir='ltr'>erat.</span> 
     </span>
     <span class='ocr_line' id='line_1_40' title="bbox 652 4326 3242 4398; baseline 0 -18"><span class='ocrx_word' id='word_1_337' title='bbox 652 4328 879 4394; x_wconf 76' lang='grc' dir='ltr'>ἔχεςθα,</span> <span class='ocrx_word' id='word_1_338' title='bbox 917 4329 977 4381; x_wconf 72' lang='lat' dir='ltr'>et</span> <span class='ocrx_word' id='word_1_339' title='bbox 1012 4329 1089 4381; x_wconf 78' lang='lat' dir='ltr'>sic</span> <span class='ocrx_word' id='word_1_340' title='bbox 1126 4329 1397 4398; x_wconf 75' lang='lat' dir='ltr'>scriptum</span> <span class='ocrx_word' id='word_1_341' title='bbox 1434 4329 1772 4398; x_wconf 72' lang='lat' dir='ltr'><strong>antiquitus,</strong></span> <span class='ocrx_word' id='word_1_342' title='bbox 1810 4328 1960 4381; x_wconf 83' lang='lat' dir='ltr'><strong>unde</strong></span> <span class='ocrx_word' id='word_1_343' title='bbox 1997 4343 2099 4396; x_wconf 82' lang='lat' dir='ltr'>per</span> <span class='ocrx_word' id='word_1_344' title='bbox 2135 4344 2380 4390; x_wconf 81' lang='lat' dir='ltr'>errorem</span> <span class='ocrx_word' id='word_1_345' title='bbox 2416 4329 2633 4394; x_wconf 78' lang='grc' dir='ltr'>ἔχειςθα</span> <span class='ocrx_word' id='word_1_346' title='bbox 2669 4329 2878 4382; x_wconf 73' lang='lat' dir='ltr'>ortum&#39;</span> <span class='ocrx_word' id='word_1_347' title='bbox 2916 4326 3193 4397; x_wconf 81' lang='lat' dir='ltr'><strong>ThBergk</strong></span> <span class='ocrx_word' id='word_1_348' title='bbox 3235 4331 3242 4396; x_wconf 77' lang='grc' dir='ltr'>ι</span> 
     </span>
     <span class='ocr_line' id='line_1_41' title="bbox 654 4410 3249 4483; baseline 0 -18"><span class='ocrx_word' id='word_1_349' title='bbox 654 4417 700 4465; x_wconf 82' lang='lat'>5.</span> <span class='ocrx_word' id='word_1_350' title='bbox 737 4414 855 4464; x_wconf 89' lang='grc' dir='ltr'>τιν’</span> <span class='ocrx_word' id='word_1_351' title='bbox 890 4411 926 4465; x_wconf 92' lang='lat' dir='ltr'>b</span> <span class='ocrx_word' id='word_1_352' title='bbox 962 4411 1280 4466; x_wconf 79' lang='lat' dir='ltr'>HLAhrens</span> <span class='ocrx_word' id='word_1_353' title='bbox 1314 4412 1613 4483; x_wconf 80' lang='lat' dir='ltr'>Thssergk,</span> <span class='ocrx_word' id='word_1_354' title='bbox 1650 4430 1776 4467; x_wconf 87' lang='grc' dir='ltr'>τινα</span> <span class='ocrx_word' id='word_1_355' title='bbox 1813 4414 1857 4466; x_wconf 84' lang='grc' dir='ltr'>Α</span> <span class='ocrx_word' id='word_1_356' title='bbox 1913 4415 1921 4478; x_wconf 85' lang='grc'>1</span> <span class='ocrx_word' id='word_1_357' title='bbox 1987 4416 2034 4466; x_wconf 88' lang='grc'>6.</span> <span class='ocrx_word' id='word_1_358' title='bbox 2075 4412 2372 4480; x_wconf 79' lang='grc' dir='ltr'>(μᾶλλον)</span> <span class='ocrx_word' id='word_1_359' title='bbox 2410 4411 2618 4465; x_wconf 75' lang='lat' dir='ltr'><strong>adiecit</strong></span> <span class='ocrx_word' id='word_1_360' title='bbox 2653 4410 2932 4481; x_wconf 82' lang='lat' dir='ltr'>ThBergk</span> <span class='ocrx_word' id='word_1_361' title='bbox 2982 4414 2993 4481; x_wconf 90' lang='grc' dir='ltr'>Ι</span> <span class='ocrx_word' id='word_1_362' title='bbox 3045 4414 3249 4478; x_wconf 80' lang='grc' dir='ltr'>ἑμεθεν</span> 
     </span>
     <span class='ocr_line' id='line_1_42' title="bbox 653 4494 3249 4567; baseline 0.001 -20"><span class='ocrx_word' id='word_1_363' title='bbox 653 4494 968 4550; x_wconf 82' lang='lat' dir='ltr'>HLAhrens</span> <span class='ocrx_word' id='word_1_364' title='bbox 991 4496 1293 4567; x_wconf 81' lang='lat' dir='ltr'>ThBergk,</span> <span class='ocrx_word' id='word_1_365' title='bbox 1331 4500 1525 4565; x_wconf 87' lang='grc' dir='ltr'>ἐμέθεν</span> <span class='ocrx_word' id='word_1_366' title='bbox 1548 4498 1612 4562; x_wconf 87' lang='lat' dir='ltr'>b,</span> <span class='ocrx_word' id='word_1_367' title='bbox 1653 4499 1719 4551; x_wconf 78' lang='lat' dir='ltr'>ut.</span> <span class='ocrx_word' id='word_1_368' title='bbox 1749 4498 1786 4552; x_wconf 83' lang='lat'>1.</span> <span class='ocrx_word' id='word_1_369' title='bbox 1823 4503 1856 4549; x_wconf 85' lang='lat'>4</span> <span class='ocrx_word' id='word_1_370' title='bbox 1886 4500 1896 4562; x_wconf 86' lang='grc' dir='ltr'>Ι</span> <span class='ocrx_word' id='word_1_371' title='bbox 1926 4495 2168 4563; x_wconf 89' lang='grc' dir='ltr'>φίληςθα</span> <span class='ocrx_word' id='word_1_372' title='bbox 2204 4498 2246 4550; x_wconf 87' lang='grc' dir='ltr'>Α</span> <span class='ocrx_word' id='word_1_373' title='bbox 2287 4494 2589 4564; x_wconf 83' lang='lat' dir='ltr'>ThBergk‚</span> <span class='ocrx_word' id='word_1_374' title='bbox 2629 4500 2872 4564; x_wconf 84' lang='grc' dir='ltr'>φιλῇςθα</span> <span class='ocrx_word' id='word_1_375' title='bbox 2898 4497 2961 4563; x_wconf 89' lang='lat' dir='ltr'>b,</span> <span class='ocrx_word' id='word_1_376' title='bbox 2990 4496 3249 4562; x_wconf 89' lang='grc' dir='ltr'>φίλειςθα</span> 
     </span>
     <span class='ocr_line' id='line_1_43' title="bbox 654 4578 3247 4648; baseline 0.001 -16"><span class='ocrx_word' id='word_1_377' title='bbox 654 4578 970 4634; x_wconf 77' lang='lat' dir='ltr'>HLAhrens</span> <span class='ocrx_word' id='word_1_378' title='bbox 1035 4586 1044 4646; x_wconf 89' lang='grc' dir='ltr'>Ι</span> <span class='ocrx_word' id='word_1_379' title='bbox 1108 4587 1157 4635; x_wconf 88' lang='grc'>9.</span> <span class='ocrx_word' id='word_1_380' title='bbox 1194 4599 1493 4648; x_wconf 89' lang='grc' dir='ltr'>γυναικιοις</span> <span class='ocrx_word' id='word_1_381' title='bbox 1530 4584 1572 4636; x_wconf 93' lang='grc' dir='ltr'>Α</span> <span class='ocrx_word' id='word_1_382' title='bbox 1628 4585 1636 4648; x_wconf 87' lang='grc' dir='ltr'>Ι</span> <span class='ocrx_word' id='word_1_383' title='bbox 1694 4588 1772 4634; x_wconf 84' lang='lat'>15.</span> <span class='ocrx_word' id='word_1_384' title='bbox 1812 4589 1938 4648; x_wconf 77' lang='lat' dir='ltr'><strong>‘pro</strong></span> <span class='ocrx_word' id='word_1_385' title='bbox 1984 4581 2283 4646; x_wconf 86' lang='grc' dir='ltr'>παράδοςις</span> <span class='ocrx_word' id='word_1_386' title='bbox 2329 4581 2420 4633; x_wconf 79' lang='lat' dir='ltr'>vel</span> <span class='ocrx_word' id='word_1_387' title='bbox 2458 4580 2720 4635; x_wconf 84' lang='grc' dir='ltr'>ἀπόδοςις</span> <span class='ocrx_word' id='word_1_388' title='bbox 2754 4581 3110 4634; x_wconf 80' lang='lat' dir='ltr'>scribendum</span> <span class='ocrx_word' id='word_1_389' title='bbox 3150 4581 3247 4635; x_wconf 83' lang='lat' dir='ltr'>vel</span> 
     </span>
     <span class='ocr_line' id='line_1_44' title="bbox 652 4662 3245 4733; baseline 0.001 -15"><span class='ocrx_word' id='word_1_390' title='bbox 652 4665 1097 4732; x_wconf 82' lang='grc' dir='ltr'>ἀντιπαράθεςις’</span> <span class='ocrx_word' id='word_1_391' title='bbox 1136 4667 1173 4720; x_wconf 93' lang='lat' dir='ltr'>b</span> <span class='ocrx_word' id='word_1_392' title='bbox 1210 4667 1269 4720; x_wconf 86' lang='lat' dir='ltr'>in</span> <span class='ocrx_word' id='word_1_393' title='bbox 1306 4683 1420 4721; x_wconf 76' lang='lat' dir='ltr'><strong>var.</strong></span> <span class='ocrx_word' id='word_1_394' title='bbox 1455 4666 1583 4721; x_wconf 75' lang='lat' dir='ltr'><strong>lect.</strong></span> <span class='ocrx_word' id='word_1_395' title='bbox 1625 4670 1635 4731; x_wconf 83' lang='grc' dir='ltr'>Ι</span> <span class='ocrx_word' id='word_1_396' title='bbox 1675 4667 1809 4720; x_wconf 86' lang='grc' dir='ltr'>οὔτε</span> <span class='ocrx_word' id='word_1_397' title='bbox 1847 4665 1971 4733; x_wconf 84' lang='grc' dir='ltr'>γάρ]</span> <span class='ocrx_word' id='word_1_398' title='bbox 2009 4662 2103 4717; x_wconf 89' lang='lat' dir='ltr'><strong>fol.</strong></span> <span class='ocrx_word' id='word_1_399' title='bbox 2144 4670 2237 4718; x_wconf 86' lang='lat'>169</span> <span class='ocrx_word' id='word_1_400' title='bbox 2262 4682 2304 4719; x_wconf 90' lang='lat' dir='ltr'>r.</span> <span class='ocrx_word' id='word_1_401' title='bbox 2347 4667 2356 4732; x_wconf 87' lang='grc' dir='ltr'>Ι</span> <span class='ocrx_word' id='word_1_402' title='bbox 2399 4669 2480 4722; x_wconf 85' lang='grc'>16.</span> <span class='ocrx_word' id='word_1_403' title='bbox 2517 4667 2920 4732; x_wconf 83' lang='grc' dir='ltr'>καταςτήςεται</span> <span class='ocrx_word' id='word_1_404' title='bbox 2956 4666 2994 4719; x_wconf 93' lang='lat' dir='ltr'>b</span> <span class='ocrx_word' id='word_1_405' title='bbox 3028 4666 3088 4718; x_wconf 86' lang='lat' dir='ltr'>in</span> <span class='ocrx_word' id='word_1_406' title='bbox 3127 4681 3245 4724; x_wconf 71' lang='lat' dir='ltr'><strong>var.</strong></span> 
     </span>
     <span class='ocr_line' id='line_1_45' title="bbox 654 4747 3242 4820; baseline 0.001 -19"><span class='ocrx_word' id='word_1_407' title='bbox 654 4748 812 4814; x_wconf 58' lang='lat' dir='ltr'><strong>lect„</strong></span> <span class='ocrx_word' id='word_1_408' title='bbox 850 4752 1175 4816; x_wconf 87' lang='grc' dir='ltr'>ςυςτήςεται</span> <span class='ocrx_word' id='word_1_409' title='bbox 1201 4752 1292 4806; x_wconf 73' lang='lat' dir='ltr'>Ab</span> <span class='ocrx_word' id='word_1_410' title='bbox 1329 4752 1385 4806; x_wconf 85' lang='lat' dir='ltr'>iu</span> <span class='ocrx_word' id='word_1_411' title='bbox 1421 4753 1582 4805; x_wconf 64' lang='lat' dir='ltr'><strong>ssextu</strong></span> <span class='ocrx_word' id='word_1_412' title='bbox 1613 4754 1622 4817; x_wconf 87' lang='grc' dir='ltr'>Ι</span> <span class='ocrx_word' id='word_1_413' title='bbox 1655 4757 1734 4808; x_wconf 79' lang='grc'>17.</span> <span class='ocrx_word' id='word_1_414' title='bbox 1770 4753 1936 4806; x_wconf 80' lang='grc' dir='ltr'>οἷκον</span> <span class='ocrx_word' id='word_1_415' title='bbox 1970 4750 2032 4803; x_wconf 85' lang='grc' dir='ltr'>δέ</span> <span class='ocrx_word' id='word_1_416' title='bbox 2067 4747 2452 4815; x_wconf 81' lang='lat' dir='ltr'><strong>RSchneider,</strong></span> <span class='ocrx_word' id='word_1_417' title='bbox 2487 4750 2717 4804; x_wconf 77' lang='grc' dir='ltr'>οἶκόνδε</span> <span class='ocrx_word' id='word_1_418' title='bbox 2741 4750 2779 4803; x_wconf 92' lang='lat' dir='ltr'>b</span> <span class='ocrx_word' id='word_1_419' title='bbox 2812 4757 2821 4806; x_wconf 85' lang='grc' dir='ltr'>Ι</span> <span class='ocrx_word' id='word_1_420' title='bbox 2852 4754 3130 4817; x_wconf 84' lang='grc' dir='ltr'>εφυλαξεν</span> <span class='ocrx_word' id='word_1_421' title='bbox 3156 4752 3198 4804; x_wconf 87' lang='grc' dir='ltr'>Α</span> <span class='ocrx_word' id='word_1_422' title='bbox 3233 4752 3242 4820; x_wconf 83' lang='grc' dir='ltr'>Ι</span> 
     </span>
     <span class='ocr_line' id='line_1_46' title="bbox 653 4815 3068 4900; baseline 0.005 -16"><span class='ocrx_word' id='word_1_423' title='bbox 653 4838 734 4887; x_wconf 78' lang='grc'>20.</span> <span class='ocrx_word' id='word_1_424' title='bbox 772 4836 1051 4899; x_wconf 84' lang='grc' dir='ltr'>εφυλαξεν</span> <span class='ocrx_word' id='word_1_425' title='bbox 1088 4835 1130 4887; x_wconf 93' lang='grc' dir='ltr'>Α</span> <span class='ocrx_word' id='word_1_426' title='bbox 1162 4838 1172 4900; x_wconf 88' lang='grc'>1</span> <span class='ocrx_word' id='word_1_427' title='bbox 1203 4841 1283 4889; x_wconf 73' lang='grc'><strong>2-3.</strong></span> <span class='ocrx_word' id='word_1_428' title='bbox 1318 4837 1498 4889; x_wconf 83' lang='grc' dir='ltr'>ταύτὸ</span> <span class='ocrx_word' id='word_1_429' title='bbox 1530 4837 1597 4899; x_wconf 84' lang='lat' dir='ltr'>b,</span> <span class='ocrx_word' id='word_1_430' title='bbox 1632 4837 1831 4890; x_wconf 88' lang='grc' dir='ltr'>τάυτα</span> <span class='ocrx_word' id='word_1_431' title='bbox 1867 4838 1910 4890; x_wconf 88' lang='grc' dir='ltr'>Α</span> <span class='ocrx_word' id='word_1_432' title='bbox 3037 4815 3068 4838; x_wconf 49' lang='lat'>‘</span> 
     </span>
    </p>
   </div>
   <div class='ocr_carea' id='block_1_6' title="bbox 3726 4521 3733 5385">
    <p class='ocr_par' dir='ltr' id='par_1_13' title="bbox 3726 4521 3733 5385">
     <span class='ocr_line' id='line_1_47' title="bbox 3726 4521 3733 5385; baseline 0 0"><span class='ocrx_word' id='word_1_433' title='bbox 3726 4521 3733 5385; x_wconf 95' lang='lat' dir='ltr'> </span> 
     </span>
    </p>
   </div>
  </div>
 </body>
</html>
