3738 5530
689 329 778 395 52
866 329 1309 385 Commentarius
1338 331 1565 385 criticus
1594 332 1652 384 et
1678 330 2000 401 exegeticus
2027 331 2087 384 in
2114 330 2401 402 Apollonii
2428 331 2656 401 Dyscoli
2685 332 2896 403 scripta
2919 333 3151 389 minora.

682 502 1019 578 opponendi
1053 503 1355 561 notionem
1389 500 1633 559 induere
1670 493 1772 581 (de
1809 500 2034 577 duplici
2070 501 2282 560 harum
2318 520 2528 562 vocum
2564 504 2625 561 vi
2662 504 2907 579 exposui
2934 503 3011 563 ad
3041 504 3144 578 23,
3161 496 3291 585 21).

684 589 968 669 Sequitur
1020 594 1091 651 ut
1144 587 1304 651 αὐτὸ
1359 587 1564 664 μόνον
1609 586 2038 650 διαετέλλουει
2094 592 2237 650 ferri
2293 610 2411 652 non
2455 595 2671 669 possit3
2729 591 3092 670 significaret
3136 597 3294 653 enim

683 675 1033 743 ‘discernere
1076 673 1490 759 distinguere'3
1534 699 1652 739 uno
1700 682 1900 738 autem
1945 679 2266 757 eodemque
2310 682 2440 741 loco
2476 701 2595 741 non
2632 683 2773 742 licet
2807 682 3053 743 eandem
3089 702 3293 743 vocem

682 771 840 831 duas
894 790 1113 849 easque
1174 772 1296 829 fere
1335 771 1688 829 ⁴contrarias
1748 771 2020 830 notiones
2072 769 2335 830 induere.
2425 770 2621 831 Probo
2674 774 2863 850 igitur
2916 771 3293 851 Guttentagii

681 860 1152 921 emendationem
1216 855 1599 935 διακρίνουει
1661 861 1722 918 et
1773 859 2132 938 Uhligianae
2195 861 2492 937 praefero,
2555 863 2699 938 quia
2758 864 2823 920 in
2881 862 3006 922 cod.
3063 865 3292 923 ceterae

678 952 915 1011 litterae
950 945 1188 1028 praeter
1223 949 1330 1009 has
1362 949 1422 1009 δι
1452 995 1465 1008 .
1497 996 1510 1009 .
1542 996 1554 1008 .
1586 996 1599 1008 .
1630 965 1684 1008 (ι
1710 951 1775 1008 18
1803 967 2014 1008 rasura
2040 953 2181 1009 sunt
2207 941 2307 1031 (cf.
2338 954 2491 1027 synt.
2527 953 2629 1025 14,
2654 954 2766 1027 193
2813 953 3006 1027 32,8;
3054 953 3158 1028 95,
3181 955 3292 1028 123

679 1040 810 1100 adv.
862 1042 1007 1115 126,
1028 1033 1158 1122 30).
1223 1071 1310 1080 —
1374 1039 1499 1098 Nec
1552 1041 1748 1099 minus
1802 1038 2031 1098 clarum
2083 1043 2174 1099 est
2228 1058 2361 1099 cum
2417 1037 2509 1100 τί(
2569 1043 2630 1100 et
2680 1041 2968 1102 inclinato
3024 1044 3085 1101 et
3127 1045 3289 1103 recto

678 1133 820 1190 tono
865 1131 1101 1207 prolato
1121 1195 1134 1208 .
1148 1131 1403 1189 conferri
1448 1147 1600 1205 quae
1635 1128 1794 1187 idem
1829 1130 2161 1205 patiuntur,
2206 1129 2279 1188 de
2316 1130 2529 1206 quibus
2567 1133 2696 1209 agit
2730 1130 2843 1208 Ap.
2881 1150 3046 1208 pron.
3081 1133 3183 1207 39,
3206 1134 3288 1191 14
3350 1173 3356 1179 -

677 1222 874 1295 -49,
899 1222 952 1278 7.
1043 1219 1137 1278 Ibi
1195 1220 1489 1295 praecipit
1542 1236 1666 1277 esse
1722 1219 1905 1278 etiam
1960 1218 2110 1278 alias
2166 1218 2455 1295 quasdam
2505 1238 2716 1280 causas
2762 1239 2868 1280 cur
2910 1240 3082 1281 voces
3127 1224 3289 1281 recto

676 1312 817 1370 tono
876 1310 1280 1386 proferantur,
1339 1308 1506 1367 velut
1559 1310 2056 1368 constructionem
2100 1308 2197 1367 vel
2243 1309 2438 1369 locum
2481 1310 2578 1369 vel
2621 1310 2925 1370 licentiam
2968 1314 3289 1387 poeticam:

674 1399 776 1458 sed
835 1399 1180 1475 plerumque
1234 1415 1476 1456 causam
1529 1399 1788 1473 positam
1841 1415 1969 1457 esse
2020 1400 2085 1457 in
2139 1397 2570 1476 significatione
2630 1396 2751 1480 (τῷ
2798 1396 3284 1482 (ημαινομένῳ).

675 1487 839 1557 Quae
884 1491 974 1547 ita
1027 1490 1372 1564 comparata
1431 1490 1522 1546 est
1563 1490 1635 1546 ut
1680 1490 1786 1547 aut
1829 1484 1907 1547 τὸ
1955 1484 2117 1562 πρό(
2162 1505 2219 1548 τι
2268 1484 2691 1564 λαμβάνεεθαι
2739 1492 2846 1549 aut
2890 1486 2967 1549 τὸ
3007 1485 3284 1550 ἀντιδια·

674 1577 1018 1638 εταλτικῶε
1075 1572 1499 1652 λαμβάνεεθαι
1553 1577 1849 1637 indicetur
1895 1569 2029 1659 (40,
2051 1569 2326 1658 2—14);
2386 1575 2489 1638 καὶ
2534 1576 2789 1649 γενικὸν
2836 1576 2951 1654 μὲν
2999 1576 3076 1639 τὸ
3123 1576 3286 1654 πρό(

673 1683 731 1727 τι
793 1662 1244 1743 λαμβάνεεθαι,
1312 1661 1548 1727 εἰδικόν
1613 1665 1684 1727 δὲ
1748 1664 1824 1727 τὸ
1892 1661 2487 1727 ἀντιδιαεταλτικῶ(
2551 1660 2746 1750 (pron.
2797 1670 2901 1743 40,
2921 1671 2960 1728 4
3011 1670 3081 1727 cf.
3128 1673 3284 1746 synt.

677 1759 823 1833 121,
846 1759 926 1817 15
956 1748 1089 1839 sq.).
1181 1756 1311 1816 Iam
1364 1775 1504 1816 vero
1557 1759 1629 1816 ut
1681 1756 1758 1815 ad
1804 1756 1955 1816 illud
2002 1750 2566 1831 ἀντανακλώμεναι
2613 1761 2946 1818 veniamus:
3004 1758 3149 1818 haec
3193 1762 3286 1819 est

668 1846 782 1924 Ap.
831 1847 904 1907 de
959 1866 1030 1907 ea
1081 1867 1145 1906 re
1201 1846 1486 1908 doctrina
1577 1845 1753 1906 Actio
1799 1864 1952 1923 quae
1998 1865 2030 1904 e
2077 1846 2256 1906 verbo
2312 1849 2620 1924 tamquam
2666 1851 2906 1907 emanat
2947 1849 3285 1925 transitque

669 1937 747 1996 ad
804 1936 1048 2015 aliquod
1103 1936 1426 2011 obiectum,
1490 1940 1595 1994 aut
1652 1938 1740 1995 ita
1794 1938 2140 2012 comparata
2194 1939 2286 1996 est
2341 1939 2412 1995 ut
2458 1937 2535 1996 ad
2579 1956 2893 2013 personam
2938 1938 3202 2015 aliquam
3248 1957 3286 1997 a

667 2027 933 2088 subiecto
997 2027 1292 2087 diversam
1351 2028 1652 2104 pertineat
1713 2017 2020 2108 (transitio
2065 2018 2306 2107 Prisc.,)
2370 2030 2477 2086 aut
2536 2029 2627 2086 ita
2688 2031 2758 2087 ut
2821 2026 2898 2085 ad
2956 2027 3285 2088 subiectum

667 2117 876 2177 redeat
939 2108 1362 2198 (reciprocatio
1422 2106 1648 2196 Prisc.)
1773 2113 1969 2174 Priori
2032 2117 2363 2175 structurae
2428 2117 2724 2193 simplicia
2787 2111 3027 2194 (ἁπλαῖ
3089 2112 3283 2177 ἀλλο-

668 2204 923 2284 παθεῑε)
958 2207 1314 2283 personalia,
1358 2207 1672 2283 posteriori
1710 2207 2057 2281 composita,
2102 2224 2256 2282 quae
2291 2224 2399 2265 nos
2435 2206 2713 2265 reflexiva
2749 2205 2941 2266 dicere
2979 2209 3284 2268 consuevi-

666 2315 825 2371 mus,
889 2296 964 2356 ab
1009 2296 1122 2372 Ap.
1189 2291 1477 2356 (ύνθετοι
1533 2290 1921 2355 αὐτοπαθεῖε
1978 2289 2542 2369 ἀντανακλώμεναι
2604 2296 2934 2373 appellata,
2997 2299 3283 2356 inservire

667 2387 875 2445 solent.
969 2384 1084 2445 Sed
1129 2387 1359 2462 poetae,
1403 2387 1774 2461 maximeque
1812 2384 2124 2458 Homerus,
2168 2388 2628 2461 compositorum
2672 2389 2867 2464 ignari
2915 2387 3281 2463 simplicibus

665 2477 919 2552 utraque
965 2477 1262 2536 sententia
1307 2477 1571 2534 uttmtur.
1659 2473 1789 2532 Iam
1825 2492 1966 2533 vero
2003 2493 2388 2552 quaecunque
2426 2475 2721 2552 simplicia
2758 2476 2919 2553 apud
2955 2475 3282 2536 Homerum

665 2585 775 2642 pro
831 2565 1172 2642 compositis
1227 2568 1559 2641 ponuntur,
1619 2565 1782 2623 recto
1834 2566 2041 2623 tenore
2096 2565 2503 2641 proferuntur:
2567 2584 2677 2624 nec
2719 2567 2967 2640 iniuria,
3031 2585 3171 2627 nam
3214 2568 3280 2625 in

662 2655 886 2716 talibus
941 2673 1173 2731 semper
1225 2652 1296 2713 fit
1349 2655 1661 2731 oppositio.
1757 2651 1875 2713 Sed
1920 2655 1972 2713 si
2018 2656 2122 2731 qui
2176 2654 2568 2730 contendunt,
2630 2673 2836 2716 rursus
2896 2674 3281 2732 quaecunque

664 2745 959 2823 simplicia
1021 2747 1086 2805 in
1150 2745 1331 2804 tertia
1393 2762 1647 2822 persona
1706 2746 1868 2804 recto
1914 2746 2056 2805 tono
2101 2746 2378 2819 utantur,
2432 2747 2761 2806 necessario
2817 2748 3280 2822 compositorum

662 2838 967 2896 notionem
1002 2835 1265 2908 induere,
1301 2834 1606 2894 falluntur.
1683 2834 1839 2893 Nam
1877 2837 2017 2893 sunt
2049 2836 2230 2894 etiam
2261 2833 2415 2894 aliae
2442 2838 2678 2912 praeter
2706 2829 3278 2913 ‘reciprocationem'

663 2943 876 2986 causae
931 2944 1037 2985 cur
1079 2925 1240 2984 recto
1288 2927 1430 2984 tono
1477 2924 1882 3001 proferantur,
1944 2924 2124 3002 idque
2169 2944 2288 2984 non
2334 2925 2525 2984 solum
2571 2924 2642 2983 de
2688 2927 2870 2985 tertia
2885 2971 2901 2999 ,
2947 2925 3050 2985 sed
3097 2928 3280 2985 etiam

663 3013 735 3074 de
780 3017 976 3092 prima
1020 3013 1393 3092 secundaque
1439 3032 1693 3091 persona
1737 3012 2052 3074 dicendum
2097 3016 2217 3088 est,
2262 3017 2351 3073 ita
2396 3018 2466 3074 ut
2508 3014 2669 3073 haud
2715 3034 2906 3092 pauca
2952 3017 3073 3075 sint
3118 3015 3280 3092 apud

661 3103 987 3165 Homerum
1040 3104 1379 3181 personalia
1422 3107 1584 3163 recto
1629 3107 1773 3163 tono
1818 3101 2155 3182 insignita,
2197 3123 2349 3181 quae
2395 3123 2513 3163 non
2557 3104 2820 3164 habeant
2866 3099 3276 3165 ἀντανακλω-

663 3189 876 3267 μένων
922 3195 1295 3271 potestatem.

841 3284 1006 3344 Haec
1048 3286 1236 3385 igitur
1281 3286 1373 3342 est
1415 3283 1528 3360 Ap.
1578 3283 1866 3356 doctrina,
1913 3301 2033 3360 qua
2077 3283 2383 3343 illustrata
2423 3283 2733 3363 intelleges
2770 3284 2846 3342 ad
2884 3278 3275 3359 ὀρθοτονού-

661 3389 844 3448 μεναι
899 3373 1228 3434 necessario
1284 3372 1618 3432 addendum
1677 3391 1802 3432 esse
1857 3368 2288 3433 διαετέλλουει
2335 3369 2449 3450 (=
2489 3367 3118 3451 ἀντιδιαετέλλουει);
3180 3376 3279 3433 cui

660 3462 942 3542 subiungi
986 3463 1229 3540 potest
1274 3458 1376 3522 καὶ
1423 3456 1948 3522 ἀντανακλῶνται
1996 3454 2137 3544 (etsi
2184 3466 2308 3521 eius
2355 3465 2565 3539 postea
2608 3464 2764 3522 ratio
2810 3482 2928 3522 non
2974 3454 3277 3544 habetur),

660 3551 820 3629 quod
872 3555 962 3612 ita
1018 3551 1425 3629 accipiendum
1480 3553 1596 3611 erit
1647 3555 1718 3611 ut
1772 3545 2116 3611 ‘interdum'
2174 3551 2491 3631 cogitando
2547 3553 2897 3629 suppleatur
2955 3544 3056 3635 (cf.
3104 3571 3271 3630 pron.

661 3643 855 3717 8,16;
904 3644 1005 3718 24,
1029 3646 1140 3718 22·
1188 3633 1443 3723 30‚13).
1535 3641 1750 3718 Itaque
1810 3640 1958 3702 duas
2007 3640 2386 3722 Guttentagii
2439 3645 2695 3705 rationes
2741 3642 3093 3701 emendandi
3138 3661 3274 3702 con-

656 3733 838 3791 iunxi.
930 3687 1161 3810 U‘liligii
1223 3733 1579 3808 scripturam
1641 3731 1907 3807 praefert
1951 3730 2229 3810 Egenolff
2268 3732 2299 3789 I
2336 3732 2481 3792 839.
2575 3732 2795 3791 Totum
2856 3732 3052 3793 locum
3115 3732 3276 3792 delet

655 3820 870 3882 Matth.
909 3821 970 3880 H
1009 3823 1156 3882 633.

833 3911 930 3971 Ad
974 3903 1038 3994 f)
1085 3906 1212 3972 Tic
1257 3912 1558 3985 Quaerenti
1600 3928 1720 3970 non
1763 3912 1953 3970 solu-m
1998 3907 2144 3983 ἐγώ
2192 3912 2621 3987 respondemus,
2667 3913 2768 3970 scd
2810 3913 2982 3972 etiam
3016 3915 3273 3971 sescenta

654 4003 897 4061 nomina
929 4003 1185 4077 prwria
1217 4001 1582 4076 proferentes
1631 4001 1734 4075 28,
1755 4002 1945 4060 5-6,

831 4090 928 4149 Ad
975 4083 1036 4172 e)
1093 4091 1153 4152 U
1149 4095 1170 4149 t
1216 4091 1415 4151 ceteris
1457 4092 1888 4165 interroyabivis
1930 4108 2265 4169 numerum,
2326 4092 2689 4165 qualitatem
2735 4093 3139 4165 ραωηὺἰίαέεηο,
3184 4092 3272 4149 ita

654 4195 690 4238 τ
704 4174 764 4239 ic
808 4182 1218 4258 interrogativo
1263 4174 1715 4241 substmztiam‘
1695 4175 2114 4294 ’‘quae-rim&
2160 4183 2514 4257 pronomina
2549 4199 2688 4241 vero
2725 4174 3176 4241 substantiam
3179 4181 3270 4239 in-

654 4264 910 4346 dicant';
953 4272 1157 4346 itaque
1204 4289 1338 4329 cum
1384 4263 1712 4346 ‘quaerere’
1758 4288 1879 4330 non
1926 4273 2008 4330 sit
2052 4264 2382 4346 ‘indicare',
2425 4289 2545 4330 non
2589 4273 2850 4345 sequitur
2892 4274 2959 4329 ut
2993 4266 3102 4331 τί(
3128 4284 3271 4344 pro—
3307 4267 3313 4273 '

654 4376 864 4419 nomen
907 4362 986 4419 sit
1032 4361 1134 4435 28,
1156 4361 1344 4419 6-9,
1442 4357 1527 4418 Cf.
1575 4359 1770 4418 DThr.
1822 4362 1926 4436 39,
1950 4363 2004 4419 1.

832 4447 988 4519 Quin
1033 4450 1143 4509 hoc
1188 4448 1364 4509 modo
1408 4450 1800 4509 ratiocinatus
1845 4452 1927 4509 sit
1955 4450 2086 4526 Ap„
2133 4449 2379 4509 dubium
2424 4452 2546 4510 fere
2592 4470 2711 4510 non
2757 4453 2874 4525 est,
2920 4448 3023 4509 sed
3067 4451 3268 4507 utrum

651 4539 741 4597 ita
786 4540 1088 4616 scripserit
1133 4544 1201 4599 ut
1247 4541 1337 4599 est
1380 4540 1444 4597 in
1491 4539 1708 4614 codice,
1754 4559 1831 4598 88
1869 4539 2162 4616 quaedam
2199 4540 2538 4616 exciderint,
2582 4542 2888 4599 incertum.
2965 4536 3086 4597 Ska
3122 4537 3153 4595 I
3184 4540 3268 4598 10

655 4620 971 4704 ‘Displicet
1025 4630 1361 4689 coniunctio
1416 4624 1512 4700 δέ,
1570 4648 1752 4705 quam
1797 4629 2125 4688 eiciendam
2171 4648 2294 4690 esse
2339 4631 2515 4706 put0‚
2574 4632 2691 4689 nisi
2736 4627 3077 4689 exciderunt
3121 4645 3266 4687 non-

653 4716 837 4793 nulla,
882 4719 1096 4796 quibus
1142 4720 1287 4779 haec
1332 4717 1514 4778 verba
1561 4720 1958 4796 opponantur,
2004 4719 2075 4778 de
2121 4720 2363 4779 notione
2410 4713 2814 4796 pronominis’.

828 4807 1057 4868 Nomen
1104 4827 1224 4869 esse
1269 4805 1381 4869 τί(
1425 4826 1544 4868 non
1579 4810 1803 4882 poteris
1846 4810 1934 4867 ita
1979 4811 2366 4883 comprobare,
2413 4814 2481 4869 ut
2524 4812 2649 4868 eius
2691 4810 2946 4882 somnam
2978 4824 3097 4866 non
3134 4824 3268 4866 con-

645 4914 856 4970 yruere
901 4899 1065 4958 dicas
1099 4899 1518 4972 pronominum
1561 4898 1797 4970 formis:
1849 4900 1937 4957 ita
1983 4900 2135 4958 enim
2179 4916 2363 4973 neque
2408 4894 2554 4970 ἐγώ
2599 4916 2781 4972 neque
2827 4893 2907 4958 εύ
2943 4913 3271 4971 pronomen

652 5003 774 5045 esse
819 4989 1057 5046 evinces.
1145 4987 1212 5048 Si
1257 4988 1400 5063 quid
1443 4988 1768 5056 dicmdum,
1813 4988 1919 5047 hoc
1952 4988 2219 5062 primu-m
2261 4990 2328 5048 in
2361 4991 2641 5063 promptu
2687 4992 2785 5056 est,
2830 4989 3072 5047 nomina
3116 5004 3271 5060 quae
