3738 5530
648 259 730 325 18
815 258 1258 315 Commentarius
1288 259 1514 314 criticus
1544 261 1603 315 et
1629 259 1952 329 exegeticus
1978 259 2040 314 in
2068 259 2356 331 Apollonii
2384 258 2614 329 Dyscoli
2642 261 2853 331 scripta
2880 262 3112 317 minora.

639 425 717 490 ὂν
747 426 948 504 μόνον
977 426 1461 504 παραςτατικόν,
1491 424 1876 503 ἀντωνυμία.
1942 431 2094 505 synt.
2130 430 2233 505 73,
2255 432 2335 489 22
2366 425 2473 489 διὰ
2500 428 2613 504 τῆς
2642 424 3077 506 ἀντωνυμικῆς
3106 447 3249 492 ςυν-

638 514 879 580 τάξεως
925 518 1038 593 τῆς
1086 516 1200 593 μὲν
1239 515 1453 580 οὐςίας
1500 513 2077 593 ἐπιλαμβανόμεθα.
2145 519 2227 577 ib.
2266 519 2430 594 83,θ
2480 515 2696 581 οὐςίας
2733 515 2857 595 γὰρ
2904 517 3104 595 μόνης
3142 515 3254 582 εἰςὶ

638 604 1005 683 ςημαντικαὶ
1044 603 1108 668 αἱ
1146 603 1551 682 ἀντωνυμίαι.
1609 607 1689 666 ib.
1721 609 1824 682 73,
1847 608 1928 667 15
1970 605 2170 682 ςαφὲς
2208 604 2506 669 ἐντεῦθεν
2545 605 2634 670 ὥς
2671 604 2779 669 διὰ
2815 607 2931 684 μὲν
2960 609 3071 685 τῆς
3101 605 3250 671 ὀνο-

641 697 902 772 ματικῆς
950 693 1305 759 ςυντάξεως
1363 692 1485 776 (οὐ
1533 693 1736 771 μόνον
1781 698 1893 756 ins.
1940 693 2359 776 RSchneider>
2403 695 2521 773 τὴν
2568 694 2788 759 οὐςίαν
2836 693 3255 773 ἐπιζητοῦμεν

639 786 757 847 τοῦ
792 782 1244 862 ὑποκειμένου·
1293 779 1736 869 (parentheseos
1764 788 1939 865 signa
1965 778 2349 869 removenda)
2395 783 2636 862 ταύτην
2673 784 2796 863 γὰρ
2834 784 3038 863 μόνον
3074 783 3253 867 (fort.

640 872 861 951 μόνην,
907 878 978 936 ut
1026 877 1129 951 83,
1152 878 1211 952 3,
1257 877 1360 935 sed
1404 877 1478 936 cf.
1514 895 1681 953 pron.
1725 877 1827 951 27,
1851 870 1978 955 10>
2023 871 2089 936 αἱ
2130 871 2518 952 ἀντωνυμίαι
2557 872 2950 952 ἐμφαίνουςι,
2997 875 3110 951 τῆς
3147 873 3253 938 ὑπ’

640 962 854 1027 αὐτῶν
884 962 1140 1027 δείξεως
1168 961 1709 1040 ςυνεξηγουμένης
1737 960 1818 1025 τὰ
1845 962 2280 1041 παρεπόμενα,
2319 961 2504 1027 ἔνθεν
2534 961 2639 1027 ἐπὶ
2665 965 2797 1027 πᾶν
2826 962 3251 1041 ὑποκείμενον

644 1051 1048 1116 ςυντείνουςι.
1123 1051 1228 1115 διὰ
1275 1052 1492 1131 μέντοι
1538 1054 1650 1127 τῆς
1694 1049 2133 1128 ἀντωνυμικῆς
2170 1050 2526 1116 ςυντάξεως
2561 1054 2674 1130 τῆς
2713 1053 2827 1130 μὲν
2864 1052 3080 1118 οὐςίας
3119 1054 3251 1118 ἐπι-

641 1141 1108 1219 λαμβανόμεθα,
1155 1144 1268 1218 τῆς
1304 1141 1378 1204 δὲ
1415 1139 1866 1218 ἐπιτρεχούςης
1896 1138 2213 1218 ἰδιότητος
2249 1136 2437 1227 (idem
2463 1146 2628 1206 valet
2655 1145 2815 1221 quod
2840 1165 3008 1222 pron.
3043 1149 3252 1221 27,10

642 1236 703 1292 et
748 1236 902 1310 synt.
956 1235 1203 1309 104,11
1254 1225 1626 1315 ποιότητος)
1684 1229 1845 1293 κατὰ
1899 1230 2016 1307 τὴν
2072 1232 2191 1294 τοῦ
2237 1229 2558 1308 ὀνόματος
2604 1231 2772 1295 θέςιν
2833 1227 3055 1316 (qualis
3100 1235 3254 1294 indi-

639 1326 811 1382 catur
853 1322 957 1382 ubi
1000 1341 1217 1382 nomen
1260 1315 1532 1404 ponitur)
1579 1318 1808 1383 οὐκέτι.
1900 1322 1977 1382 ib.
2022 1325 2167 1398 104,
2188 1324 2225 1382 8
2273 1319 2397 1384 Αἱ.
2438 1318 2881 1398 .ἀντωνυμίαι
2929 1318 3017 1384 εἰς
3055 1320 3249 1384 οὐδὲν

640 1407 803 1473 ἄλλο
831 1406 1354 1487 ἀποβλέπουςαι.
1378 1408 1453 1486 ,ἢ
1486 1406 1575 1473 εἰς
1603 1410 1720 1486 τὴν
1748 1407 2412 1487 ὑποκειμένηνούςίαν,
2443 1408 2695 1487 ἔχουςιν
2725 1407 3011 1487 εὔληπτα
3038 1409 3142 1474 καὶ
3168 1410 3249 1473 τὰ

640 1496 1182 1577 ἑπιςυμβεβηκότα
1225 1503 1301 1581 τῇ
1349 1498 1660 1576 ποιότητι.
1743 1500 1945 1561 Vertit
1987 1501 2135 1561 haec
2178 1501 2360 1562 Prisc.
2399 1501 2697 1578 X'VII,64
2726 1523 2782 1580 p.
2810 1504 3250 1578 146,15-—18.

815 1591 882 1667 9)
932 1590 1011 1650 ad
1059 1591 1416 1667 5,15—18.
1507 1591 1641 1665 Ipsi
1684 1589 1862 1651 Stoici
1923 1609 2279 1666 quamquam
2343 1591 2537 1652 eodem
2591 1595 2824 1652 nomine
2873 1596 3120 1652 utuntur
3174 1594 3254 1652 ad

639 1682 916 1740 articulos
970 1685 1024 1740 et
1062 1683 1422 1756 pronomina
1475 1680 1859 1756 appellanda,
1924 1697 2020 1740 res
2083 1684 2275 1741 tamen
2328 1683 2593 1742 diversas
2644 1683 2993 1756 siyniftcant.
3089 1681 3254 1756 Quod

636 1775 706 1830 ut
749 1774 1031 1840 excusent,
1080 1763 1322 1845 ἄρθρα
1368 1772 1542 1830 etiam
1583 1772 1652 1830 in
1696 1786 1933 1844 corpore
1978 1774 2032 1829 et
2071 1773 2379 1830 iuncturas
2425 1775 2477 1830 et
2513 1773 2649 1845 ipsa
2682 1772 2941 1830 membra
2979 1789 3101 1831 esse
3133 1789 3251 1831 mo-

636 1864 790 1920 nent.
880 1859 1054 1928 Sane,
1100 1860 1203 1920 sed
1245 1861 1496 1919 materia
1538 1861 1847 1919 iuncturae
1892 1863 1946 1918 et
1986 1860 2248 1919 membra
2291 1862 2528 1920 diversa
2570 1864 2723 1920 sunt.
2814 1860 3041 1920 Eodem
3082 1862 3251 1920 modo

638 1949 874 2009 articuli
928 1953 980 2008 et
1021 1950 1381 2023 pronomina
1432 1952 1640 2023 suapte
1690 1952 1915 2008 natura
1967 1951 2119 2008 inter
2171 1966 2234 2008 se
2292 1951 2603 2023 differunt;
2653 1953 2926 2024 praestat
2974 1952 3158 2025 iyitur
3201 1954 3255 2008 et

636 2040 780 2100 haee
825 2042 878 2098 et
918 2040 1051 2098 illos
1085 2041 1331 2114 proprio
1375 2040 1608 2098 nomine
1650 2040 1889 2112 siynare
1935 2038 2203 2113 9,1—6.

820 2125 1189 2188 GFSchoem.
1238 2129 1348 2187 art.
1401 2128 1511 2186 14·
1575 2121 1938 2187 ‘Cavillatur
1996 2127 2152 2187 hanc
2215 2129 2652 2189 excusationem
2705 2128 2820 2204 Ap.
2868 2128 2939 2187 de
2992 2146 3160 2203 pron.
3212 2129 3247 2186 9

710 2217 828 2276 ,Et
863 2219 990 2277 iure
1026 2217 1428 2293 cavillaretur,
1474 2218 1525 2276 si
1561 2219 1882 2293 utrumque
1918 2216 2176 2277 nominis
2214 2216 2463 2279 abusum
2500 2218 2677 2296 plane
2715 2216 2979 2277 eiusdem
3015 2218 3248 2294 generis

638 2325 764 2367 esse
811 2305 1113 2367 dixissent.
1208 2352 1218 2364 .
1313 2307 1483 2366 .ista
1537 2324 1742 2366 eorum
1787 2305 2051 2366 defensio
2097 2305 2362 2367 dubitari
2404 2325 2525 2366 non
2569 2308 2769 2409 potest
2814 2308 2959 2384 quin
3005 2325 3074 2365 eo
3119 2309 3249 2366 tan-

637 2399 769 2456 tum
830 2396 1214 2473 pertinuerit,
1275 2397 1347 2454 ιιι
1400 2413 1520 2454 ιιοιι
1573 2396 1752 2455 nimis
1806 2414 1983 2473 aegre
2038 2395 2343 2455 ferendum
2406 2415 2530 2457 esse
2573 2397 2830 2457 nominis
2874 2396 2938 2454 in
2985 2413 3250 2456 sermone

636 2504 810 2545 usum
873 2484 1265 2588 improprium
1321 2484 1769 2560 contenderent,
1833 2484 2313 2562 quandoquidem
2373 2486 2554 2545 etiam
2615 2486 2682 2544 in
2743 2504 2987 2562 corpore
3047 2478 3253 2559 ἄρθρα

635 2593 812 2652 saepe
839 2577 1035 2635 minus
1062 2575 1302 2651 proprie
1330 2568 1707 2634 dicerentur'.
1781 2573 1859 2633 id.
1891 2574 2033 2633 Red.
2068 2577 2211 2633 117.
2247 2608 2323 2617 -
2354 2575 2493 2635 Non
2528 2574 2701 2635 video
2739 2574 2883 2651 quid
2921 2575 3002 2634 sit
3037 2593 3249 2634 causae

639 2683 744 2724 cur
771 2664 1160 2741 Apollonium
1196 2664 1373 2724 aliter
1400 2662 1734 2724 Stoicorum
1763 2665 2201 2723 excusationem
2230 2666 2522 2741 accepisse
2551 2664 2932 2740 arbitremur,
2979 2656 3249 2742 (ἄρθρον

636 2750 714 2815 τὸ
763 2749 865 2815 ἐπὶ
913 2749 1233 2831 ςώματος)
1290 2750 1460 2814 πολὺ
1515 2748 1797 2829 διέςτηκε
1842 2772 1964 2813 ιιοιι
2010 2756 2101 2813 est
2158 2747 2426 2831 εἄρθρον
2473 2774 2608 2815 οιιιιι
2652 2753 2726 2814 de
2771 2773 3013 2831 corpore
3058 2752 3250 2830 loqui-

636 2865 772 2904 mur
829 2844 1004 2904 modo
1064 2861 1420 2919 usurpamus
1479 2843 1656 2922 longe
1714 2842 1948 2903 diverso
2008 2842 2085 2901 ab
2146 2863 2216 2904 eo
2276 2863 2392 2921 quo
2449 2844 2652 2904 eadem
2707 2862 2849 2904 voce
2905 2845 3129 2903 utimur
3174 2842 3250 2902 ad

636 2934 954 2993 articulum
1000 2936 1061 2992 et
1104 2952 1429 3009 pronomen
1475 2926 1970 3011 significandum’,
2015 2932 2118 2991 sed
2163 2933 2274 2994 hoc
2317 2935 2520 3010 potius
2566 2927 2834 3008 ἄρθρον
2878 2933 3041 2993 vocis
3084 2933 3250 2992 notio

638 3023 741 3083 ubi
786 3023 859 3083 de
904 3041 1148 3099 corpore
1194 3022 1494 3099 loquimur
1539 3021 1602 3080 ιιι
1647 3021 1793 3080 duas
1839 3024 2111 3082 notiones
2152 3022 2329 3102 longe
2367 3022 2630 3082 diversas
2667 3022 2958 3082 dividitur
3001 3014 3253 3135 (spaltet

635 3104 817 3193 sich):
864 3108 1066 3172 πόθεν
1111 3106 1234 3186 γὰρ
1283 3106 1532 3186 ἁρμογή
1580 3126 1650 3170 τε
1697 3107 1798 3170 καὶ
1843 3109 2057 3171 κῶλον
2104 3108 2182 3172 τὸ
2221 3106 2429 3182 αὐτ-ό’;
2475 3113 2587 3172 hoc
2622 3113 2811 3190 igitur
2846 3111 3004 3172 vult.
3053 3105 3249 3170 ‘Gom-

634 3202 948 3278 paratione
992 3201 1101 3259 illa
1146 3200 1298 3259 nihil
1342 3199 1676 3276 proficitur3
1727 3219 1846 3260 non
1892 3200 2035 3260 licet
2079 3200 2335 3260 alterum
2380 3220 2593 3261 nomen
2639 3202 2965 3303 improprie
3007 3201 3250 3277 imposi-

633 3293 766 3350 tum
812 3290 1000 3350 altero
1046 3309 1165 3350 non
1211 3291 1408 3349 minus
1463 3290 1786 3391 improprie
1842 3289 1984 3349 dato
2030 3308 2322 3350 excusare.
2415 3291 2667 3350 Diversa
2712 3292 2853 3350 sunt
2895 3292 2959 3348 ιιι
3006 3308 3249 3366 corpore

634 3379 899 3440 membra
945 3383 1006 3439 et
1047 3381 1385 3457 iuncturae,
1433 3397 1585 3456 quae
1632 3380 1683 3438 si
1729 3382 2004 3439 accurate
2049 3380 2351 3456 loquimur
2395 3380 2848 3458 distinguimus,
2907 3378 3141 3438 diversa
3186 3381 3250 3437 ιιι

634 3472 905 3530 oratione
948 3469 1303 3546 pronomina
1350 3472 1412 3528 et
1456 3468 1709 3527 articuli
1802 3468 2047 3527 Minime
2092 3470 2281 3547 igitur
2322 3469 2388 3529 in
2432 3489 2495 3529 re
2541 3469 2958 3547 grammatica,
3020 3471 3084 3526 in
3131 3487 3249 3544 qua

632 3559 695 3618 id
742 3560 996 3619 maxime
1043 3561 1275 3638 agimus
1321 3561 1393 3616 ut
1438 3561 1711 3618 accurate
1758 3557 2214 3635 distinguamus,
2261 3577 2416 3635 quae
2462 3561 2672 3635 suapte
2717 3560 2935 3617 natura
2979 3576 3098 3616 non
3138 3558 3249 3615 mi-

633 3668 746 3708 nus
794 3648 1029 3709 diversa
1074 3652 1214 3709 sunt
1260 3666 1438 3724 quam
1479 3647 1589 3706 illa
1624 3647 1982 3706 confundere
2018 3667 2253 3724 unoque
2289 3650 2525 3708 nomine
2563 3646 3055 3724 comprehendere
3090 3645 3247 3706 licet.

632 3738 992 3799 Pronomina
1035 3739 1225 3816 igitur
1268 3740 1330 3796 et
1374 3737 1632 3796 articuli
1660 3755 2021 3812 quamquam
2064 3736 2357 3813 quaedam
2392 3739 2729 3797 communia
2762 3736 3003 3811 habent,
3048 3738 3249 3795 tamen

632 3847 768 3887 cum
812 3826 1084 3904 pluribus
1129 3827 1303 3886 rebus
1349 3825 1719 3905 gravioribus
1767 3825 2002 3886 diversa
2048 3828 2195 3903 sint,
2249 3829 2396 3903 ipsis
2443 3825 2946 3903 appellationibus
2993 3824 3249 3885 discerni

630 3910 944 3994 praestat'.
1035 3917 1249 3993 Itaque
1292 3934 1401 3976 nec
1447 3914 1821 3975 Schmiedero
1869 3907 1952 3996 (p.
1994 3907 2062 3997 8)
2108 3936 2217 3976 nec
2261 3916 2497 3995 Eggero
2545 3909 2629 3998 (p.
2671 3906 2783 3997 94)
2831 3916 3139 3975 assentior.

815 4010 872 4083 9,
895 4007 932 4066 5
982 4001 1367 4081 ἐναρμόνιον
1414 3999 1738 4085 πτωτικῷ]
1786 4004 1827 4065 ι.
1855 4024 1903 4064 e.
1947 4006 2236 4065 articulus
2283 4024 2418 4065 cum
2462 4024 2606 4065 voce
2652 4005 2876 4065 casuali
2941 3996 3066 4087 (vel
3112 4022 3247 4063 cum

632 4115 775 4157 voce
815 4114 967 4172 quae
1005 4095 1259 4156 casualis
1294 4095 1491 4154 locum
1529 4064 1808 4176 occupat)
1856 4097 1985 4154 arte
2023 4095 2369 4155 coniunctus
2409 4099 2518 4170 est,
2562 4093 2624 4154 id
2662 4093 2821 4172 quod
2856 4094 2990 4170 pari
3027 4094 3246 4153 utrius-

631 4205 746 4262 que
791 4185 1040 4245 fiexione
1087 4185 1371 4244 cernitur:
1417 4185 1490 4243 cf.
1520 4187 1673 4259 synt.
1706 4184 1912 4258 47,18
1961 4182 2162 4257 δῆλον
2210 4180 2279 4243 ἐκ
2323 4183 2441 4244 τοῦ
2489 4179 2863 4259 ἐνηρτῆςθαι
2910 4178 3071 4243 αὐτὸ
3108 4180 3245 4243 τοῖς

631 4271 793 4336 κατὰ
847 4268 1237 4334 ἀκολουθίαν
1293 4272 1657 4344 πτωτικοῑς,
1713 4269 1817 4332 καὶ
1864 4267 2053 4332 ἕνεκα
2098 4268 2334 4334 τούτου
2383 4269 2818 4334 ςυνελεύςεται
2864 4273 2940 4351 τῇ
2988 4268 3242 4332 τούτων

634 4359 974 4444 ἀκολούθῳ
1022 4360 1236 4423 κλίςει·
1286 4359 1425 4423 ἐπεὶ
1472 4361 1611 4422 πῶς
1658 4356 1739 4421 ἂν
1777 4356 2019 4436 ἄρθρον
2066 4357 2347 4434 γένοιτο;
2396 4363 2528 4423 adv.
2573 4365 2718 4439 121,
2742 4365 2775 4420 7
2823 4357 3126 4433 ἀνάγεται
3165 4355 3246 4420 τὰ

632 4450 747 4526 μὲν
795 4447 1001 4527 ἄρθρα
1045 4449 1209 4526 πρὸς
1254 4446 1335 4511 τὰ
1380 4447 1665 4512 πτωτικὰ
1709 4447 1748 4524 ἢ
1796 4446 1887 4510 ὡς
1932 4446 2230 4511 πτωτικά.

809 4545 865 4600 7.
938 4542 1232 4601 Postremo
1270 4535 1635 4614 ἰςωνυμία
1667 4556 1877 4598 nomen
1902 4541 2153 4613 probari
2185 4545 2534 4615 nonpotest,
2581 4543 2737 4616 quod
2763 4559 2882 4601 non
2918 4544 3244 4615 eonyruwnt

631 4649 761 4690 omn
805 4632 1137 4691 nominibus
1171 4632 1544 4705 pronomina.
1633 4628 1886 4688 Nomine
1931 4631 2084 4689 enim
2126 4630 2274 4689 nihil
2317 4631 2780 4692 demonstramus
2816 4635 2869 4690 et
2903 4631 3245 4705 qualitatem

631 4720 962 4779 indicamus
971 4741 994 4791 ,·
1029 4738 1354 4795 pronomen
1399 4723 1592 4779 autem
1638 4735 1767 4777 eam
1811 4719 1931 4776 vim
1974 4719 2411 4780 demonstrandi
2444 4721 2615 4780 habet
2646 4726 2714 4780 ut
2736 4736 3030 4795 personas
3066 4719 3245 4779 simul

630 4808 968 4882 distinyuat,
1015 4814 1067 4869 et
1110 4810 1502 4869 tantummodo
1548 4825 1669 4867 esse
1712 4807 1939 4880 aliqioid
1980 4808 2203 4868 indicat
2249 4810 2307 4883 9,
2330 4811 2560 4869 7-10,
2655 4809 2799 4879 Quis
2843 4809 2997 4868 hanc
3035 4807 3240 4884 appel-

629 4897 914 4957 lationem
959 4899 1351 4975 proposuerit,
1395 4900 1754 4975 ignoramus.
