3738 5530
647 361 731 435 90
1041 334 1069 361 ⁹
1237 396 1241 400 »
1534 354 1755 416 ’ΠΕΡι
1794 367 2300 418 ΑΝΤΩΝΤΜΙΑΣ.
2365 352 2372 357 ’

1502 486 1546 523 p.
1579 476 1651 514 115
1678 476 1790 524 (πει)
1817 474 1859 514 A
1887 477 1913 515 3
1938 496 1989 504 -
2017 476 2090 515 ιιτ
2116 476 2226 527 (377)
2251 476 2290 514 Β
2315 478 2339 516 5
2369 478 2398 516 b

817 570 1014 636 «Ἀλλ’
1078 570 1228 635 ἴςως
1293 568 1539 634 ἐκεῖνος
1604 566 1642 632 ό
1701 569 1896 644 λόγος
1953 569 2238 649 ἰςχυρός,
2303 569 2391 635 ὡς
2458 570 2519 633 αἱ
2574 570 2888 650 φθάςαςαι
2946 571 3104 636 κατὰ
3157 573 3233 636 τὸ

643 680 904 751 πρῶτον
950 674 1051 736 καὶ
1094 672 1168 734 τὸ
1215 671 1521 749 δεύτερον
1554 662 2225 749 ὁμοιοκαταληκτῆςαι,
2272 671 2531 737 πάντως
2561 673 2661 736 καὶ
2692 672 2848 735 κατὰ
2879 672 2953 735 τὸ
2987 672 3228 751 τρίτον·
3266 687 3311 739 Β

646 775 796 839 ὅθεν
857 774 911 838 εἰ
952 778 1072 838 νῶι
1119 775 1219 838 καὶ
1263 779 1428 853 ςφῶι
1476 773 1575 837 καὶ
1618 772 1725 838 ἐπ’
1771 773 2139 856 αἰτιατικῆς,
2194 773 2453 837 πάντως
2499 775 2600 837 καὶ
2645 774 2802 837 κατὰ
2846 774 2922 838 τὸ
2967 774 3231 853 τρίτον.»

647 876 814 941 Ἀλλ’
866 875 929 938 αἱ
985 873 1555 954 ὁμοιοκατόιληκτοι
1612 874 1691 940 οὐ
1746 876 2006 943 πάντως
2063 877 2200 940 τοῖς
2258 875 2479 940 αὐτοῖς
2536 874 2869 954 ςτοιχείοις
2923 880 3233 953 χρῶνται·

578 993 609 1040 5
649 976 1060 1053 οὐκάλογος
1117 975 1237 1040 οὖν
1295 977 1335 1054 ἡ
1390 976 1550 1041 κατὰ
1605 977 1680 1040 τὸ
1737 980 1772 1042 ἐ’
1824 978 2167 1056 ἐναλλαγή.
2222 1013 2306 1023 ——
2361 976 2576 1041 ἄλλως
2631 997 2697 1040 τε
2744 975 2806 1040 αἱ
2849 975 3232 1055 ὁμοιοκατόια

648 1084 864 1160 ληκτοι
910 1080 1012 1143 καὶ
1055 1077 1424 1154 ἰςόπτωτοι,
1470 1078 1508 1154 ἡ
1557 1080 1628 1143 δὲ
1673 1080 1851 1159 ςφωέ
1898 1078 2232 1156 αἰτιατικῆς
2262 1080 2489 1157 μόνης,
2534 1081 2646 1156 τῆς
2676 1080 2834 1143 κατὰ
2862 1079 2936 1142 τὸ
2968 1082 3233 1156 πρῶτον

647 1184 748 1247 καὶ
804 1181 1108 1260 δεύτερον
1163 1181 1268 1243 καὶ
1320 1179 1572 1244 εὐθεῖαν
1627 1180 2067 1259 ςημαινούςης.
2131 1216 2201 1226 -
2263 1180 2342 1244 οὐ
2384 1179 2508 1258 γὰρ
2554 1179 2723 1256 ὑγιὲς
2765 1179 2842 1244 τὸ
2889 1179 3096 1256 λέγειν
3146 1180 3234 1244 ὥς

647 1283 1008 1349 ἀκόλουθος
1052 1289 1127 1365 τῇ
1173 1288 1334 1364 νῶε,
1381 1281 1489 1347 ὅτε
1536 1281 1691 1346 οὐδὲ
1735 1283 2021 1363 Ὅμηρος
2065 1283 2394 1361 ἐχρήςατο.

819 1386 1027 1464 «Πρὸς
1072 1382 1183 1448 οἷς.
1213 1385 1546 1462 δοθήςεται
1589 1384 1627 1461 ἡ
1672 1384 1778 1447 διὰ
1819 1388 1938 1448 τοῦ
1983 1387 2005 1449 i
2046 1386 2265 1464 γραφὴ
2298 1384 2657 1448 ἀκόλουθος
2687 1388 2764 1466 τῇ
2797 1387 2964 1449 νῶι.»
3043 1384 3236 1449 Ἀλλὰ
3273 1398 3313 1451 C

549 1497 612 1546 10
648 1489 772 1567 μὴν
820 1485 960 1551 οὐδ’
1003 1487 1042 1564 ἡ

900 1588 1000 1653 καί
1046 1608 1252 1668 ςφωιν
1299 1588 1413 1653 δὸς
1457 1585 1636 1662 ἄγειν
1683 1589 1759 1669 (Α
1802 1587 1956 1672 338)

645 1691 1001 1766 ἀνάλογος·
1064 1689 1223 1769 θέμα
1278 1689 1401 1768 γὰρ
1454 1687 1622 1755 ἴδιόν
1677 1689 1841 1755 ἐςτιν
1901 1688 2249 1771 ὀξύτονον,
2318 1688 2468 1767 οὐχὶ
2522 1688 2785 1769 ἔγκλιμα
2839 1693 2949 1767 τῆς
3006 1694 3233 1784 ςφῶιν.

646 1795 843 1856 ποῖον
897 1792 1021 1870 γὰρ
1076 1789 1239 1855 ἄλλο
1299 1791 1525 1869 μόριον
1584 1791 2028 1870 βαρυνόμενον
2087 1791 2352 1854 δύναται
2407 1790 2820 1866 ἑγκλίνεςθαι;
2882 1792 2985 1856 διὰ
3039 1795 3233 1855 τοῦτο

651 1894 752 1958 καὶ
795 1894 869 1956 τό
917 1894 1095 1973 ςφωέ
1142 1892 1287 1957 κατ’
1332 1891 1496 1956 ἰδίαν
1543 1893 1896 1970 λεγόμενον
1942 1892 2254 1959 ὀξύνεται.
2334 1891 2599 1971 [εἴρηται
2645 1894 2758 1972 μὲν
2791 1891 3232 1983 ὼςάδύνατον

548 2002 610 2052 15
647 1995 907 2075 ἔγκλιμα
950 1994 1283 2074 μετάβαςιν
1328 1993 1680 2072 προςώπου
1728 1995 2098 2075 ςημαίνεινξ]

813 2097 988 2161 Ἴςως
1046 2092 1137 2159 τις
1193 2097 1411 2178 φήςει,
1470 2094 1608 2159 ἰδοὺ
1666 2098 1791 2178 <ἡ>
1846 2096 2059 2174 ἡμέων
2117 2097 2639 2176 βαρυτονουμένη
2695 2096 3005 2177 ἐγκλιτική
3063 2096 3233 2160 ἐςτι.»
3273 2105 3434 2161 ιιθΔ

645 2198 924 2276 Πρῶτον
992 2196 1073 2262 οὐ
1129 2198 1314 2278 φύςει
1374 2198 1744 2277 βαρύνεται,
1814 2201 2100 2281 διῄρηται
2157 2200 2228 2262 δὲ
2294 2198 2363 2261 ἐκ
2426 2200 2942 2277 περιςπωμένου·
3013 2198 3233 2274 διόπερ

646 2298 994 2364 ἀκωλύτως
1048 2300 1164 2377 τὴν
1220 2298 1493 2374 ἔγκλιςιν
1563 2299 1930 2365 ἀνεδέξατο.
1991 2337 2066 2344 -
2131 2298 2351 2365 ἔπειτα
2405 2301 2485 2364 τὰ
2541 2300 2858 2375 ἐγκλιτικὰ
2922 2298 3235 2397 λεγόμενα

644 2402 762 2480 τὴν
806 2404 917 2478 τῆς
962 2399 1417 2480 ὑπερκειμένης
1463 2401 1696 2467 λέξεως
1743 2400 1957 2467 ὀξεῖαν
2002 2401 2244 2480 ἐγείρει.

544 2511 611 2559 20
819 2502 914 2567 «Εἰ
970 2502 1035 2566 αἱ
1095 2503 1200 2567 διὰ
1253 2506 1371 2566 τοῦ
1429 2505 1549 2585 ’ς’ᾠ,
1605 2501 1827 2583 φαςίν,
1887 2501 2311 2582 ἐκφερόμεναι
2358 2502 2744 2582 ἀντωνυμίαι
2800 2504 3014 2581 τρίτου
3059 2508 3234 2566 καθε·

647 2608 888 2686 ςτᾶςιν,
949 2604 1161 2682 ὥςπερ
1220 2603 1452 2669 ἅπαςαι
1508 2603 1572 2667 αἱ
1625 2604 2038 2681 πληθυντικαὶ
2094 2605 2194 2667 καὶ
2246 2607 2435 2668 πᾶςαι
2491 2603 2555 2666 αἱ
2599 2605 2837 2681 δυϊκαί,
2899 2606 3099 2681 δῆλον
3147 2606 3235 2668 ὼς

647 2705 711 2771 αἱ
753 2707 913 2773 κατὰ
955 2706 1033 2771 τὸ
1078 2706 1384 2786 δεύτερον
1429 2704 1560 2771 ἀπὸ
1604 2704 1823 2785 τρίτου
1867 2705 2338 2786 μετατιθέμεναί
2385 2704 2550 2772 εἰςι.»
2626 2706 2880 2772 κάκεῖνο
2926 2707 2998 2771 δὲ
3042 2725 3234 2784 προς-

782 2910 998 2965 Anava.
1094 2914 1115 2960 1
1178 2906 1298 2961 Nec
1351 2907 1594 2963 alterum
1646 2909 2043 2978 argumentum
2093 2907 2341 2962 firmum:
2396 2908 2480 2962 ‘Si
2534 2908 2632 2976 qui
2689 2924 2847 2962 casus
2891 2906 3106 2976 primae
3151 2923 3235 2959 se-

649 2993 977 3061 cundaeque
1024 2991 1264 3046 eundem
1313 2993 1526 3047 exitum
1573 2992 1813 3057 habent,
1863 2993 1916 3046 ei
1961 2993 2018 3046 in
2062 2991 2234 3046 tertia
2276 2992 2474 3047 eadem
2521 2990 2913 3047 terminatione
2960 2992 3235 3045 utuntur)

650 3077 764 3132 Sed
818 3093 962 3144 quae
1017 3076 1220 3131 eodem
1278 3076 1388 3131 fine
1443 3078 1700 3142 utuntur,
1755 3094 1868 3131 non
1924 3079 1993 3132 ab
2048 3076 2248 3131 iisdem
2299 3076 2504 3131 litteris
2547 3076 2825 3145 incipiunt
2869 3077 2998 3144 (νῶι
3042 3077 3233 3141 ςφῶι);

648 3180 837 3216 rursus
880 3159 1080 3230 igitur,
1127 3176 1273 3228 qnae
1320 3162 1391 3215 ab
1436 3161 1636 3215 iisdem
1682 3161 1888 3215 litteris
1931 3163 2208 3233 incipiunt
2252 3164 2422 3230 (ςφῶι
2458 3163 2664 3228 ςφωέ),
2712 3177 2815 3230 par
2860 3161 2946 3214 est
2987 3159 3237 3213 diversos

650 3248 834 3301 exitus
870 3245 1098 3299 habere.
1160 3243 1378 3299 Deinde
1415 3248 1573 3313 ςφωέ
1600 3247 1952 3301 aecusativus
1979 3249 2088 3310 eet,
2127 3253 2271 3315 ςφῶι
2296 3245 2675 3301 nominativus
2700 3247 2759 3299 et
2781 3245 3146 3299 aecusativus,
3169 3272 3236 3284 --

649 3339 680 3385 9
728 3331 930 3399 Neque
977 3330 1235 3383 tertium:
1286 3330 1648 3399 ‘respondere
1693 3333 1842 3399 ςφωί
1886 3332 2030 3385 illud
2074 3338 2180 3386 νῶι
2225 3331 2480 3385 formae’.
2550 3330 2695 3384 Nam
2733 3346 2803 3384 ex
2838 3329 3102 3399 analogia
3135 3334 3238 3383 νῶι

654 3416 868 3470 formae
914 3431 1027 3468 non
1075 3414 1314 3468 efficitur
1360 3414 1509 3481 ςφωί
1552 3416 1798 3482 exstare,
1854 3433 1982 3470 eum
2033 3433 2105 3470 ne
2150 3416 2336 3483 ςφωίν
2379 3415 2611 3482 quidem
2653 3431 2756 3483 per
2800 3413 3120 3484 analogiam
3168 3429 3237 3466 ex

652 3506 842 3569 ςφῶιν
877 3501 1090 3554 sactum
1125 3498 1222 3565 sit,
1259 3499 1357 3552 aed
1394 3498 1467 3553 eit
1488 3499 1852 3569 primitivum.
1891 3531 1953 3540 —
1996 3507 2058 3554 16
2082 3500 2282 3569 Neque
2308 3501 2590 3568 quartum.
2653 3498 2903 3554 ‘Falsum
2927 3500 3035 3564 est,
3071 3499 3232 3565 bary-

649 3588 822 3642 tonon
890 3584 1076 3653 (velut
1135 3583 1346 3651 ςφῶιν)
1409 3598 1522 3637 non
1582 3601 1745 3652 posse
1798 3585 2083 3652 inclinari,
2138 3602 2268 3639 nam
2321 3587 2518 3651 ἡμέων
2572 3586 2630 3637 et
2681 3583 2996 3651 barytonon
3050 3584 3135 3636 eet
3178 3583 3238 3636 et

652 3669 1016 3726 enclitieum’.
1088 3667 1166 3721 At
1201 3665 1395 3734 ἡμέων
1432 3684 1502 3721 ex
1537 3670 1703 3736 ἡμῶν
1738 3670 1968 3738 factum,
2006 3672 2159 3724 certe
2195 3687 2306 3724 non
2344 3668 2431 3722 eet
2463 3669 2523 3722 in
2560 3667 2861 3734 encliticis;
2907 3667 3048 3723 haec
3084 3666 3232 3720 enim

652 3756 946 3811 accentum
981 3750 1151 3820 νοοίε,
1198 3768 1339 3820 quae
1376 3752 1683 3821 praecedit,
1722 3754 1962 3825 erigunt.
1998 3785 2062 3794 —-
2099 3762 2166 3809 20
2198 3753 2446 3808 Primum
2471 3755 2865 3822 argumentum
2892 3768 3103 3818 eorum,
3140 3752 3234 3820 qui

653 3840 881 3895 dualem
917 3836 1195 3892 secundae
1241 3853 1514 3906 personae
1553 3854 1584 3891 e
1621 3838 1772 3891 duali
1807 3839 2009 3893 tertiae
2048 3840 2231 3892 ortum
2269 3854 2387 3892 ease
2425 3837 2789 3891 contendunt.
2870 3843 2968 3905 ‘fv
3009 3836 3234 3891 litterae

650 3923 829 3978 initiis
851 3921 1247 3992 pronominum
1271 3921 1474 3975 tertiae
1499 3939 1774 3991 personae
1800 3923 2062 3991 propriae
2087 3924 2241 3988 sunt3
2269 3938 2370 3976 eae
2395 3922 2715 3988 ostendunt,
2743 3923 2898 3990 ςφωέ
2923 3921 3107 3988 ςφωίν
3125 3919 3233 3990 pri-

652 4009 876 4062 mitivas
914 4013 1086 4073 eese’3
1125 4005 1355 4060 deinde:
1396 4005 1690 4061 ‘inclinata
1734 4008 1906 4062 etiam
1942 4009 2096 4063 recto
2120 4009 2255 4061 tono
2279 4007 2666 4075 proferuntur3
2703 4007 2776 4061 ad
2801 4007 2986 4074 ςφωίν
3010 4005 3235 4059 inclina-

651 4095 771 4146 tum
823 4091 1074 4161 pertinet
1117 4097 1297 4157 ςφῶιν
1333 4090 1699 4158 orthotonon,
1748 4093 1901 4158 quod
1936 4091 2212 4146 secundae
2249 4091 2524 4146 tributum
2561 4092 2683 4146 est'.
2734 4123 2790 4131 —
2837 4090 2915 4144 At
2955 4107 3067 4144 non
3101 4088 3238 4142 licet

654 4176 779 4229 usui
815 4176 1046 4229 nimiam
1082 4175 1451 4229 constantiam
1490 4175 1818 4241 οδω-μόδιος
1866 4193 1934 4231 ex
1971 4178 2205 4232 accentu
2240 4175 2383 4231 nihil
2417 4176 2726 4245 colligitur3
2761 4193 2833 4230 ne
2870 4175 3081 4229 formae
3117 4171 3234 4240 qui-

653 4260 784 4315 dem
828 4261 1170 4332 congruunt5
1220 4260 1405 4328 ςφωίν
1449 4260 1631 4315 solum
1676 4260 1928 4316 dativum
1975 4260 2284 4331 significat,
2330 4277 2454 4315 cum
2501 4266 2684 4329 ςφῶιν
2728 4262 2803 4315 sit
2846 4258 3140 4331 genetivus
3176 4257 3234 4312 et

654 4343 896 4401 dativus,

789 4515 976 4568 Dinon.
1015 4533 1208 4570 ecum-r.
1278 4522 1327 4569 3.
1368 4514 1417 4569 εἰ
1449 4543 1517 4555 —-
1553 4518 1645 4569 καὶ
1681 4516 1845 4585 κατά]
1895 4515 1975 4569 sic
2009 4514 2233 4584 scripsit
2266 4515 2303 4569 b
2338 4516 2397 4569 in
2432 4532 2550 4570 var.
2586 4516 2749 4584 leot„
2798 4514 2898 4569 sed
2931 4514 3015 4568 ita
3048 4514 3113 4568 ut
3149 4515 3237 4567 καὶ
3271 4544 3282 4558 ·

655 4601 787 4655 ante
825 4601 929 4655 ἐπ’
969 4600 1279 4668 αἰτιατικῆς
1318 4598 1632 4662 omitteret,
1682 4603 1716 4665 ή
1755 4604 1863 4655 νῶϊ
1900 4602 1991 4654 καὶ
2026 4604 2177 4666 ςφῶῖ
2213 4602 2303 4654 καὶ
2340 4601 2444 4655 ἐπ’
2478 4600 2787 4667 αἰτιατικῆς
2823 4599 3059 4654 πάντως
3095 4599 3239 4654 κατὰ

654 4685 747 4738 Ab
785 4683 842 4738 in
877 4685 1037 4739 textu
1086 4674 1225 4748 1³10.
1262 4686 1401 4752 ουδη
1439 4686 1512 4750 Α,
1547 4685 1682 4738 οὐδὲ
1717 4685 1752 4748 ἠ
1792 4682 1828 4736 b
1881 4689 1890 4749 Ι
1946 4690 2027 4737 12.
2061 4685 2339 4750 ἀνάλογος
2374 4685 2596 4754 ecripsit
2629 4683 3017 4749 RSehneider‚
3065 4684 3239 4750 ‘trapda

658 4773 824 4834 λογος
862 4769 954 4823 Ab
1019 4774 1030 4834 Ι
1093 4769 1370 4825 ὁξύτονον
1415 4768 1479 4834 b,
1540 4771 1812 4822 οξυτονου
1850 4769 1893 4822 Α
1960 4771 1969 4832 Ι
2037 4774 2116 4823 14.
2153 4770 2369 4838 εἴρηται
2419 4799 2473 4808 -
2526 4770 2835 4837 ςημαίνειν]
2885 4768 3027 4822 haee
3073 4766 3254 4822 eiecit·

658 4851 1063 4920 RSkrzeczkal
1098 4858 1174 4908 16.
1214 4851 1334 4906 ἰδοὺ
1371 4854 1406 4919 ἡ
1445 4852 1510 4920 b,
1549 4863 1667 4908 ιοου
1704 4855 1747 4907 Α
1779 4859 1789 4922 Ι
1824 4859 1901 4910 18.
1942 4857 2235 4910 ακολυτως
2272 4856 2352 4922 ΑΙ
2388 4859 2471 4909 22.
2509 4869 2641 4909 ειςιν
2678 4855 2721 4908 Α
