3738 5530
1556 380 1654 431 ΒΕ
1694 377 2149 434 EXPLETIVIS.
3029 379 3155 444 249

563 588 784 667 ρήμαςι
816 587 916 651 καὶ
944 587 1310 664 ςυνδέςμοις
1340 585 1414 649 τὸ
1446 588 1746 649 τοιοῦτον
1791 583 1958 648 ἔςτιν
2004 582 2308 660 εὑρέςθαι.
2353 619 2433 629 -
2485 583 2662 646 Ἀλλ’
2703 583 2857 647 οὐδὲ
2898 582 3153 664 ἀρκτική

562 690 685 754 ἐςτι
731 689 1023 769 ςυλλαβή.
1101 688 1294 752 πάλιν
1350 688 1473 766 γὰρ
1518 692 1659 750 πῶς
1702 685 1907 763 πάςης
1965 686 2195 750 λέξεως
2248 684 2284 761 ἡ
2342 685 2499 764 αὐτὴ
2547 687 2823 766 ςυλλαβὴ
2870 685 3155 766 ἀρκτική;

560 798 699 856 πῶς
753 810 818 854 τε
877 790 1021 871 <ἐπὶ
1076 790 1235 872 τοῦ)
1305 789 1454 865 ἐγὼ
1523 790 1609 867 δὴ
1676 788 1878 862 λέγω
1943 787 1982 865 ἡ
2036 790 2169 851 τῶν
2226 787 2713 871 παρῳχημένων
2779 787 2971 853 κλίςις
3038 789 3155 853 οὐκ

460 911 509 949 2⁵
563 894 822 970 ἐγένετο
878 891 1037 956 κατὰ
1092 893 1207 970 τὴν
1272 891 1348 968 δή
1396 889 1737 970 ςυλλαβήν;
1794 889 1871 952 τὸ
1927 892 2229 954 τοιοῦτον
2283 890 2406 968 γάρ
2464 890 2812 967 παρέπεται
2872 890 3151 970 ῥήμαςιν.

563 995 643 1060 οὐ
708 995 831 1072 γὰρ
901 994 977 1072 δή
1043 1014 1116 1069 γε
1174 992 1235 1057 οἱ
1300 991 1951 1070 παραπληρώματικοὶ
2013 990 2345 1068 ςύνδεςμοι
2409 992 2742 1070 προθέςεις
2807 990 2983 1069 εἰςίν,
3047 991 3156 1056 ἵνα
3195 1005 3225 1049 5

564 1096 963 1162 ςυντεθέντες
1007 1096 1421 1174 προτακτικοὶ
1463 1094 1802 1171 γίνωνται,
1850 1092 2066 1156 καθότι
2110 1093 2185 1155 τὸ
2232 1092 2592 1172 καταβαίνω
2639 1095 2739 1158 καὶ
2781 1094 2860 1157 τὰ
2905 1092 3150 1173 ὅμοια.»

734 1197 918 1262 Οὕτω
966 1198 1079 1275 μὲν
1125 1196 1243 1262 οὖν
1277 1197 1530 1271 ςυνάγει
1559 1194 1596 1259 6
1634 1194 1919 1274 Τρύφων
1950 1191 2040 1278 (p.
2073 1193 2156 1256 43
2188 1191 2455 1277 Velsen)
2490 1194 2579 1259 ὡς
2612 1195 2690 1259 οὐ
2724 1197 3055 1279 ςυλλαβαί,
3102 1198 3155 1280 ᾧ

460 1316 511 1354 30
564 1301 664 1365 καὶ
709 1300 1264 1378 ςυνηγορήςωμεν,
1311 1298 1403 1362 ἔτι
1448 1299 1589 1361 τινὰ
1633 1296 2036 1374 προςθέντες.
2098 1295 2351 1371 ςυνάγει
2386 1296 2506 1361 οὖν
2540 1297 2637 1362 ὅτι
2684 1298 2912 1374 λέξεις,
2953 1318 3156 1377 παρα-

567 1402 806 1466 λείπων
846 1401 921 1465 τὸ
967 1399 1491 1476 ἀναγκαιότατον.
1571 1399 1641 1463 ἐν
1685 1399 1810 1475 γάρ
1855 1398 1932 1475 δὴ
1978 1404 2052 1480 τῇ
2099 1398 2399 1474 προτάςει
2447 1400 2597 1479 φηςὶ
2639 1404 2756 1464 τοῦ
2791 1400 3014 1483 λόγου,
3063 1427 3089 1458 «
3105 1401 3157 1465 εἰ

568 1504 782 1585 λέξεις,
831 1501 1161 1583 ὀφείλουςί
1203 1523 1259 1565 τι
1290 1505 1592 1579 δηλοῦν».
1660 1499 1821 1576 ὅπερ
1854 1498 2038 1563 αὐτοὶ
2068 1498 2647 1579 ἀναπληρώςωμεν.
2706 1501 2803 1566 οἷς
2835 1503 2905 1566 δὲ
2938 1502 3156 1579 λόγοι(
3199 1512 3260 1560 10

564 1603 1011 1687 ἐχρήςατοζείς
1055 1605 1133 1667 τὸ
1195 1604 1390 1668 λέξεις
1437 1600 1635 1684 εἶναι,
1691 1601 1885 1666 πάλιν
1941 1601 2254 1665 ἐκθετέον.
2303 1639 2378 1646 -
2441 1600 2649 1681 Came-:c
2706 1605 2819 1681 μὲν
2868 1602 2987 1668 οὖν
3034 1604 3156 1687 ὅτι,

429 1719 527 1768 517
566 1709 637 1772 ἐν
684 1704 782 1771 οἷς
829 1705 908 1771 οὐ
955 1705 1284 1784 ςυλλαβαί,
1344 1705 1415 1769 ἐν
1458 1706 1671 1785 τούτῳ
1725 1704 1939 1767 λέξεις.
2014 1701 2182 1766 ἰ’διόν
2229 1723 2295 1766 τε
2357 1703 2591 1769 λέξεων
2636 1706 2709 1769 τὸ
2764 1705 3155 1785 μεταλαμβά-

566 1814 780 1874 νεςθαι
823 1809 911 1873 εἰς
956 1806 1413 1886 ὁμοιοςήμους,
1461 1805 1746 1887 βροτός
1788 1801 2240 1887 ἄνθρωπος,
2287 1804 2533 1884 αὐτάρ
2578 1806 2681 1869 δέ.
2759 1811 3041 1871 τοιοῦτοι
3087 1809 3157 1871 δὲ

568 1913 667 1975 καὶ
712 1909 774 1973 οἱ
818 1910 1226 1989 προκείμενοι
1271 1909 1602 1985 ςύνδεςμοι
1648 1906 1735 1971 νύ
1781 1907 1869 1983 δή
1919 1905 2029 1984 ῥά.
2062 1941 2146 1952 -
2189 1910 2319 1970 πᾶν
2352 1906 2580 1984 μόριον
2612 1907 2965 1983 ἑγκλιτικόν
2996 1909 3158 1975 λέξις

490 2038 516 2075 5
571 2013 769 2094 ἐςτίν,
813 2010 998 2089 ἦλθέ
1042 2032 1195 2094 τις,
1242 2009 1664 2087 ἄνθρωπός
1710 2007 1888 2087 εἰμι·
1934 2006 2307 2086 πάμπολλοι
2351 2008 2421 2072 δέ
2453 2007 2603 2073 εἰςιν
2636 2009 2696 2073 οἱ
2726 2012 3156 2089 παραπληρω-
3205 2022 3261 2070 ι5

569 2113 817 2193 ματικοὶ
863 2113 932 2176 ἐν
980 2112 1278 2188 έγκλίςει,
1330 2112 1419 2176 ὡς
1466 2110 1502 2174 6
1547 2111 1619 2186 γέ
1634 2160 1652 2192 ,
1700 2110 1736 2173 ὁ
1784 2108 1897 2188 ῥά,
1946 2109 1982 2173 6
2028 2109 2173 2186 θήν,
2221 2108 2343 2190 (6)
2389 2111 2484 2175 νύ.
2532 2147 2614 2158 --
2673 2112 2791 2176 δύο
2839 2112 3074 2177 λέξεων
3120 2112 3158 2188 ἢ

565 2222 759 2294 τριῶν
806 2214 1020 2280 οὐςῶν
1065 2213 1400 2278 ἀκώλυτον
1447 2213 1519 2277 τὸ
1578 2211 1947 2291 ἐπάλληλον
1989 2214 2099 2288 τῆς
2147 2210 2377 2278 ὀξείας·
2435 2213 2535 2276 καὶ
2594 2213 2754 2278 κατὰ
2797 2216 2991 2277 τοῦτο
3041 2211 3159 2277 οὖν

568 2318 765 2384 λέξεις
810 2317 888 2380 τὰ
932 2315 1318 2394 προκείμενα
1362 2314 1586 2394 μόρια·
1637 2313 1778 2378 ἰδοὺ
1825 2313 1946 2391 γὰρ
1993 2312 2063 2377 ἐν
2108 2319 2198 2396 τῷ

466 2443 515 2481 ιο
817 2417 855 2496 ἧ
903 2417 980 2482 νύ
1027 2417 1093 2481 ςέ
1138 2437 1268 2481 που
1314 2417 1465 2480 δέος
1509 2416 1669 2493 ἴςχει
1716 2415 1786 2496 (Ε
1832 2413 1985 2496 812)

568 2520 715 2584 καθ’
758 2521 831 2584 ἓν
877 2518 1140 2583 ἕκαςτον
1186 2518 1380 2596 μέρος
1426 2518 1628 2593 λόγου
1671 2516 1710 2594 ἡ
1738 2515 1935 2582 ’ὀξεῖα
1981 2516 2225 2595 ἀνέςτη.
3197 2529 3262 2576 20

738 2622 864 2698 Τῆς
921 2622 1036 2698 μὲν
1085 2618 1205 2683 οὖν
1251 2624 1478 2698 φωνῆς
1523 2621 1793 2682 κανόνες
1840 2617 1976 2682 οἵδε
2025 2617 2162 2682 εἰςί·
2217 2622 2335 2682 τοῦ
2378 2620 2448 2683 δὲ
2504 2620 2933 2698 δηλουμένου,
2993 2620 3155 2698 ὅπερ

565 2724 668 2789 καὶ
707 2725 953 2803 μᾶλλον
998 2720 1350 2796 ἀναγκαῖον
1395 2717 1504 2805 ἦν,
1550 2719 1967 2800 παραθετέον.
2022 2756 2096 2767 —-
2145 2721 2261 2785 οὐκ
2307 2719 2364 2787 εἴ
2406 2743 2461 2786 τι
2507 2721 2698 2800 μέρος
2745 2722 2947 2799 λόγου
3000 2722 3160 2787 κατά

466 2849 514 2889 ι5
567 2846 710 2891 τινα
771 2826 971 2901 λόγον
1029 2824 1435 2903 παρέλκεται,
1489 2827 1684 2887 τοῦτο
1732 2821 1876 2900 οὐχὶ
1920 2823 2180 2887 πάντως
2239 2824 2432 2906 λέξις,
2490 2824 2630 2888 ἐπεὶ
2674 2822 2817 2889 οἷόν
2871 2825 2940 2889 τ’
2994 2825 3162 2891 ἑςτὶν

570 2926 657 2992 εἰς
702 2926 777 2990 τὸ
822 2931 1125 2991 τοιοῦτον
1171 2925 1555 3004 παραθέςθαι
1599 2923 1811 2987 πάντα
1853 2925 1933 2988 τὰ
1979 2926 2136 3004 μέρη
2181 2930 2298 2990 τοῦ
2330 2928 2530 3003 λόγου
2563 2926 2633 2990 ἔν
2666 2948 2783 2990 τιςι
2821 2927 3157 3005 ςυντάξεςι,

576 3031 837 3109 μάλιςτα
881 3029 1009 3094 ὑπὸ
1057 3030 1383 3107 ποιητικῆς
1429 3026 1661 3102 ἀδείας,
1709 3026 2171 3092 πλεονάζοντα.
2246 3029 2438 3093 ποίαν
2483 3029 2606 3107 γὰρ
2651 3027 2781 3107 ἔχει
2827 3029 3045 3106 χώραν
3083 3030 3159 3093 τὸ
3197 3039 3263 3086 ‘25

824 3135 911 3213 πῇ
958 3130 1067 3211 ἔβη
1114 3129 1512 3209 Ἀνδρομάχη
1561 3129 1959 3192 λευκώλενος
2007 3128 2090 3211 (Ζ
2133 3128 2322 3211 377),

464 3260 515 3298 20
567 3231 735 3306 λέγω
778 3232 855 3294 τὸ
900 3233 1058 3295 κατὰ
1101 3232 1177 3296 τὸ
1237 3231 1661 3305 λευκώλενος;
1706 3266 1790 3276 -
1845 3227 2000 3293 ἀλλ’
2053 3228 2203 3295 ἴςως
2246 3232 2409 3309 πρὸς
2461 3231 2535 3294 τὸ
2580 3222 2879 3296 τοιοῦτον
2936 3232 3146 3297 έκεῖνο

568 3332 901 3411 εἰρήςεται·
960 3332 1110 3398 ἀλλ’
1166 3334 1237 3396 ἐν
1295 3332 1537 3411 ἑτέροις
1593 3332 1672 3395 τὰ
1716 3332 2124 3410 παρέλκοντα
2178 3334 2436 3411 δηλοῡςί
2493 3352 2580 3409 τι,
2637 3331 2778 3396 ἐπεὶ
2836 3334 3031 3398 πάλιν
3079 3334 3159 3399 οὐ

565 3435 864 3512 παρέλκει
909 3436 986 3498 τὸ
2650 3468 2659 3481 ·

1226 3536 1621 3600 λευκώλενος
1666 3535 1830 3613 Ἥρη
1879 3533 1956 3618 (Α
1999 3533 2145 3617 55),
2731 3547 2744 3565 ·
3197 3548 3262 3595 30

567 3637 905 3701 δεδείξεται
951 3636 1070 3701 οὖν
1120 3638 1208 3702 ὡς
1255 3637 1334 3701 οὐ
1365 3636 1645 3702 πάντοτε
1678 3636 2147 3702 πλεονάζουςιν
2181 3637 2241 3702 οἱ
2273 3638 2947 3719 παραπληρωματικοί,
2994 3637 3162 3703 ἀλλὰ

707 3839 922 3891 Anava.
980 3845 1009 3892 7
1048 3838 1262 3903 Quibus
1297 3840 1438 3892 haee
1472 3837 1758 3904 addimuS,
1797 3854 1944 3906 quae
1982 3839 2039 3906 α)
2077 3838 2147 3892 ad
2187 3839 2423 3895 formam
2459 3840 2761 3908 pertinent.
2790 3870 2850 3879 —-
2881 3846 2941 3892 12
2976 3844 3023 3905 1)
3048 3839 3159 3894 Vo-

568 3939 695 3975 cum
723 3938 791 3976 ea
826 3925 910 3975 est
935 3924 1130 3976 natura
1147 3963 1160 3988 ,
1196 3923 1260 3975 ut
1292 3922 1441 3976 inter
1465 3939 1522 3977 se
1548 3922 1881 3976 commutari
1906 3922 2142 3990 possint;
2181 3924 2264 3976 ita
2288 3925 2701 3978 commutantur
2726 3923 3061 3993 expletivae.
3091 3955 3154 3964 —

575 4007 622 4075 2)
671 4006 952 4075 Quidquid
998 4007 1327 4073 inclinatur,
1380 4024 1490 4060 vox
1537 4009 1634 4063 est.
1707 4007 2060 4062 Inclinantur
2111 4010 2302 4061 autem
2350 4009 2669 4077 expletivae
2715 4008 3048 4076 permultae.
3094 4039 3161 4049 -

566 4094 612 4158 3)
632 4090 837 4144 Earum
857 4095 1121 4145 accentus
1141 4093 1211 4145 ab
1231 4092 1412 4145 altera
1430 4091 1487 4143 in
1514 4092 1751 4145 alteram
1771 4093 1990 4145 transit.
2022 4124 2077 4132 —
2108 4098 2167 4145 21
2210 4093 2266 4161 b)
2293 4093 2446 4158 Quae
2472 4094 2545 4147 ad
2568 4093 2857 4147 notionem
2882 4094 3157 4163 spectant.

571 4177 614 4243 1)
652 4174 711 4227 Si
747 4191 860 4243 qua
897 4193 1004 4230 vox
1039 4177 1327 4231 interdum
1362 4176 1658 4236 redundat.
1698 4192 1822 4229 eam
1861 4178 1932 4230 ob
1970 4194 2089 4230 rem
2123 4193 2235 4231 non
2276 4177 2487 4231 desinit
2523 4177 2750 4231 vocibus
2786 4178 3160 4234 adnumerari.

567 4288 630 4297 —-
670 4264 733 4313 27
771 4261 817 4328 2)
853 4259 979 4327 Est,
1016 4261 1114 4314 ubi
1150 4260 1464 4330 expletivae
1502 4277 1658 4315 suam
1695 4261 1810 4314 vim
1846 4261 2122 4328 habeant3

702 4445 890 4499 D1scn.
940 4466 1134 4503 scmm.
1213 4455 1252 4503 1.
1298 4448 1536 4515 ἀρκτική
1573 4450 1682 4502 ἑςτι
1720 4450 1964 4515 ςυλλαβή
2002 4447 2386 4515 RSehneider‚
2436 4449 2702 4515 ἀρκτικὸν
2737 4450 2849 4504 ἐςτι
2887 4452 3159 4516 ςυλλαβῆς

567 4532 662 4584 Αἰ)
705 4535 714 4599 Ι
755 4539 802 4589 3.
843 4534 934 4586 ἐπὶ
973 4538 1075 4586 τοῦ
1114 4531 1240 4585 add.
1282 4533 1341 4597 b,
1381 4547 1489 4585 om.
1529 4533 1571 4586 Α
1604 4533 1612 4599 Ι
1655 4538 1704 4590 6.
1742 4534 2106 4601 προτακτικοί
2142 4532 2204 4596 b,
2245 4535 2528 4598 προθέςεις
2568 4551 2642 4600 μη
2683 4536 2752 4599 Α,
2788 4536 3158 4588 ὑποτακτικοί

567 4619 639 4681 μὴ
669 4615 895 4687 GUhlig
924 4620 933 4683 Ι
969 4625 1044 4671 13.
1084 4634 1271 4683 ειςομο
1298 4620 1392 4681 ΑΙ,
1432 4618 1562 4671 ante
1602 4634 1679 4671 εις
1714 4635 1886 4687 supra.
1919 4617 2128 4671 lineam
2162 4601 2237 4671 ''o''
2287 4622 2347 4671 et
2380 4619 2510 4686 post
2543 4635 2649 4681 ομο
2686 4618 2743 4670 in
2780 4633 2978 4671 rasura
3014 4635 3159 4686 ιοςη-

569 4718 705 4766 μους
743 4701 966 4770 scripsit
1002 4702 1069 4756 Α2
1107 4705 1115 4770 Ι
1158 4707 1236 4759 16.
1272 4701 1457 4770 <ὸ>’.ἱ)
1495 4705 1505 4767 Ι
1543 4721 1578 4770 η
1617 4703 1686 4756 Αι
1721 4718 1892 4771 supra
1924 4702 2020 4756 lin.
2061 4701 2122 4768 b,
2163 4717 2270 4754 om.
2312 4702 2373 4755 ΑΙ
2407 4705 2417 4760 Ι
2453 4708 2530 4756 18.
2570 4704 2742 4757 λέξεις
2780 4702 2844 4768 b,
2885 4706 3027 4757 λεξις
3064 4706 3107 4757 Α
3149 4705 3154 4770 Ι

568 4792 647 4839 22.
684 4786 787 4839 οὐκ
829 4786 877 4839 εί
911 4803 965 4838 τι
1000 4786 1064 4852 b,
1105 4788 1292 4840 οὐκέτι
1331 4787 1373 4840 Α
1415 4786 1423 4851 Ι
1471 4793 1553 4840 23.
1594 4789 1931 4856 παρέλκεται
1966 4786 2033 4849 b,
2068 4802 2396 4852 παρακειται
2435 4787 2477 4840 Α
2520 4790 2528 4854 Ι
2571 4792 2654 4843 24.
2691 4788 2877 4840 πάντα
2912 4789 2983 4841 τὰ
3020 4789 3159 4855 μέρη

566 4869 630 4936 b,
671 4886 840 4923 παντι
876 4886 1029 4936 μερει
1066 4871 1108 4924 Α
2062 4876 2071 4885 ’
