3738 5530
1297 336 1730 389 PRONOM1NA
1764 335 2220 411 PQSSESSIVA.
2859 388 2868 397 .
2938 297 3056 398 111

467 537 632 601 τικαὶ
685 536 1080 615 ἀντωνυμίαι
1138 537 1225 603 ὡς
1272 537 1563 615 ὀνόματα
1606 539 1755 603 καθ’
1810 538 1985 603 ἅπαν
2033 539 2120 602 εἰς
2164 537 2245 601 τὰ
2286 536 2443 615 γένη
2489 537 2592 601 καὶ
2634 539 2746 602 τὰς
2790 538 3059 605 πτώςεις

467 638 898 717 παράγονται,
955 645 1085 704 τῶν
1144 642 1217 705 δὲ
1274 639 1619 721 ὀνομάτων
1678 641 1767 711 εἰς
1810 644 1892 705 ‘63ae
1950 642 2028 706 τὰ
2084 639 2416 718 οὐδέτερα.
2487 676 2553 685 »-
2610 641 2811 718 δῆλόν
2857 661 2922 705 τε
2970 640 3059 705 ὡς

378 750 432 804 Β
470 742 576 804 καὶ
615 742 694 806 τὸ
739 739 982 819 ἄρθρον
1026 742 1455 821 κατώρθωται.
1555 744 1636 808 τὰ
1685 743 1811 821 γὰρ
1871 742 2002 807 ἀπὸ
2056 747 2174 808 τοῦ
2226 746 2265 807 ’ῖ
2307 742 2633 823 ἀρχόμενα
2675 743 3062 820 προτακτικὰ

468 843 766 926 ἀποβολῇ
810 847 928 907 τοῦ
972 845 1010 907 ἶ
1052 847 1132 909 τὰ
1175 844 1564 910 ὑποτακτικὰ
1606 847 1806 908 ποιεῖ’
1851 844 2003 909 ὅθεν
2048 843 2103 908 εἰ
2146 845 2253 929 τό,
2297 847 2498 924 δῆλον
2544 845 2632 910 ὡς
2680 845 2781 908 καὶ
2825 843 2885 907 ὃ.

639 944 917 1024 Ἐδείχθη
964 944 1053 1010 ὡς
1097 946 1230 1010 ἀπὸ
1275 947 1746 1024 ἐγκλινομένων
1794 946 1874 1011 οὐ
1919 947 2322 1025 παράγονται
2366 946 2430 1011 αἱ
2474 946 2763 1025 κτητικαί.
2854 948 2961 1010 καὶ
2997 947 3058 1011 οἱ
3091 955 3125 1003 ⁶

468 1044 797 1112 ἀξιοῦντες
843 1045 964 1112 οὖν
1008 1047 1487 1127 ἐγκεκλιμένην,
1537 1050 1627 1114 ὡς
1671 1047 1921 1132 τρίτου,
1967 1047 2131 1114 εἶναι
2175 1051 2429 1128 γενικὴν
2472 1050 2589 1128 τὴν

724 1145 863 1211 ἀλλ’
908 1147 1044 1213 εἴπ’
1086 1150 1126 1229 ἤ
1173 1171 1380 1231 ςφωιν
1427 1152 1491 1232 (δ
1537 1149 1648 1232 28)

469 1270 572 1313 και

720 1353 977 1426 γυιώςω
1021 1354 1136 1434 μέν
1180 1374 1389 1435 ςφωιν
1435 1355 1516 1437 (Θ
1561 1353 1717 1435 402)

390 1462 432 1517 C
473 1453 574 1518 καὶ
618 1452 742 1517 ἀπ’
785 1454 981 1533 αὐτῆς
1026 1459 1317 1536 κτητικὴν
1363 1457 1525 1536 παρ’
1568 1456 1920 1540 Ἀντιμάχῳ
1968 1455 2060 1541 (p.
2106 1456 2192 1519 30
2234 1455 2426 1537 Stoll)
2473 1456 2893 1537 εἰρῆςθαι.ἐπὶ
2938 1457 3059 1522 Τυ-
3098 1463 3163 1513 10

469 1555 634 1619 δέως
702 1556 805 1620 καὶ
855 1557 1293 1621 Πολυνείκους
1347 1559 1422 1623 τὸ
1491 1559 1935 1638 ςφωιτέρην
2000 1558 2221 1625 ὀϊζύν
2279 1560 2383 1623 καὶ
2436 1559 2541 1622 διὰ
2594 1563 2705 1636 τῆς
2761 1559 3063 1637 δευτέρας

470 1654 663 1739 (ent)
721 1657 1123 1724 Ἐτεοκλέους
1178 1661 1283 1723 καὶ
1336 1660 1776 1726 Πολυνείκους
1831 1661 1906 1724 τὸ
1964 1660 2412 1741 ςφωίτερον
2471 1664 2749 1742 μῦθον,
2811 1659 3062 1726 ἑαυτοῖς

472 1756 927 1823 ἐναντιοῦνται.
1027 1760 1180 1825 δέον
1236 1763 1360 1840 γὰρ
1418 1764 1664 1841 μᾶλλον
1723 1761 2116 1843 ἐπίμεμπτον
2172 1762 2571 1828 καταλείπειν
2633 1763 2708 1826 τὸ
2766 1765 2969 1841 ςχῆμα
3021 1763 3061 1842 ἢ

472 1860 837 1937 μαχόμενον
904 1861 1069 1941 πρὸς
1131 1863 1213 1927 τὰ
1267 1861 1410 1927 ὅλα.
1521 1863 1737 1929 ἄλλως
1791 1885 1860 1928 τε
1920 1863 2237 1929 οὐδέποτε
2293 1866 2510 1942 τρίτον
2568 1865 2850 1948 δευτέρῳ
2906 1864 3059 1944 ὁμο·

471 1952 715 2040 φωνεῖ·
774 1960 903 2027 ἔςτι
958 1965 1029 2028 δὲ
1085 1963 1391 2044 δεύτερον
1437 1966 1598 2030 κατὰ
1638 1967 1715 2029 τὸ
1760 1966 1947 2031 ἐντὸς
1992 1967 2214 2032 δυῖκὸν
2261 1965 2391 2031 ἀπὸ
2436 1966 2703 2044 πρώτου
2746 1970 2865 2031 τοῦ
2909 1967 3055 2032 νωί-
3097 1970 3158 2019 15

469 2082 657 2140 τερος
699 2065 775 2129 τὸ
821 2065 1193 2145 ςφωίτερος.

272 2176 429 2228 142A
640 2165 772 2245 Τὴν
815 2167 1231 2246 ἡμέτερος,
1274 2170 1434 2234 κατὰ
1475 2170 1592 2234 τὸν
1635 2171 1917 2249 κτήτορα
1961 2169 2159 2235 οὖςαν
2206 2170 2668 2249 πληθυντικήν,
2713 2172 2906 2247 διχῶς
2960 2168 3064 2233 λέ-

464 2285 651 2341 γουςι
696 2266 1001 2347 Δωριεῖς·
1060 2269 1441 2350 ἁμέτερος
1495 2272 1619 2350 γὰρ
1678 2273 1779 2337 καὶ
1834 2271 2060 2351 ἁμός,
2119 2273 2221 2336 καὶ
2275 2270 2652 2349 ὑμέτερος
2706 2271 2805 2334 καὶ
2849 2270 3062 2351 ὑμός,

466 2368 572 2431 καὶ
616 2370 1005 2462 ςφὲτερος
1049 2372 1151 2436 καὶ
1195 2372 1345 2453 ςφό
1365 2393 1413 2437 ς.
1463 2409 1538 2419 -
1584 2372 1973 2453 Προείρηται
2028 2374 2118 2439 ὡς
2163 2375 2263 2437 καὶ
2307 2373 2470 2453 παρ’
2511 2371 2766 2454 Ὁμήρῳ
2810 2375 2891 2437 τὰ
2932 2392 3060 2436 τοι·

468 2472 636 2534 αῦτα
682 2471 969 2551 Δωρικὰ,
2423 2458 2432 2466 ’
3095 2478 3163 2526 20

1279 2577 1359 2641 τὰ
1401 2577 1459 2641 δ’
1503 2577 1585 2641 οὐ
1628 2577 1825 2656 μένος
1867 2576 2035 2656 ἁμὸν
2079 2575 2282 2655 ἐρύξει
2329 2575 2416 2659 (Θ
2472 2575 2648 2660 178)·

723 2673 890 2756 ἀμφὶ
934 2678 1122 2757 ςφοῖς
1164 2678 1406 2757 ὀχέεςςι
1450 2678 1523 2762 (C
1564 2678 1748 2762 231)-

464 2775 571 2839 καὶ
611 2777 688 2839 τὸ

723 2881 890 2959 πρὸς
932 2882 1192 2966 πέτρῃςι
1236 2884 1453 2963 βαλὼν
1497 2883 1659 2965 ὑμῆς
1703 2885 1753 2969 (ι
1795 2881 1979 2967 284)’·
3050 2957 3073 2980 ,

388 2991 433 3044 B
468 2979 551 3042 οὐ
597 2982 722 3061 μὴν
768 2985 927 3048 κατὰ
969 2986 1045 3049 τὸ
1088 2985 1307 3050 τέλος·
1354 2987 1455 3051 διὸ
1501 2985 1657 3052 οὐδὲ
1696 2988 1773 3051 τὸ
2691 2981 2697 2987 ’
3097 2981 3165 3037 2⁵

726 3086 1116 3165 ςαωςέμεναι
1159 3087 1310 3152 νέας
1353 3087 1516 3166 ἁμάς
1561 3089 1644 3172 (Ν
1692 3087 1803 3170 96)

467 3184 551 3247 οὐ
610 3187 954 3267 ςυνεςτάλη
1009 3190 1172 3254 κατὰ
1222 3190 1299 3254 τὸ
1358 3190 1577 3273 τέλος,
1632 3190 1791 3255 καθὸ
1853 3189 2047 3256 οὐδὲν
2101 3191 2240 3255 τοῖς
2295 3190 2537 3255 τέλεςιν
2584 3188 2871 3268 ἐδώριζε.
2959 3191 3064 3255 καὶ

464 3285 595 3365 γάρ
637 3288 769 3351 πού
814 3309 965 3368 φηςι

1131 3391 1394 3458 οὐδέπω
1439 3393 1600 3473 ἁμῆς

725 3495 843 3570 γῆς
887 3492 1125 3573 ἐπέβην
1170 3496 1236 3575 (λ
1286 3493 1626 3581 166—67).
1657 3533 1742 3543 —
3097 3485 3164 3533 ³⁰

603 3749 824 3803 Auem.
901 3756 934 3804 5
977 3747 1298 3804 Possessiva
1350 3747 1423 3801 ab
1466 3748 1749 3803 inclinatis
1800 3764 1916 3802 non
1961 3747 2314 3815 derivantur3
2371 3765 2546 3817 quare
2592 3748 2906 3817 ςφωίτερος
2950 3764 3059 3802 non

466 3834 559 3886 est
591 3834 794 3887 tertiae
831 3850 867 3888 a
901 3835 1085 3901 ςφωίν
1121 3834 1379 3896 ductum,
1421 3833 1523 3886 sed
1558 3832 1854 3887 deseendit
1888 3849 1923 3887 a
1957 3839 2141 3899 ςφῶιν
2174 3836 2234 3888 et
2269 3835 2356 3887 eet
2389 3835 2686 3888 secundae.
2728 3863 2791 3872 --
2837 3839 2897 3888 17
2933 3832 3062 3887 Plu·

465 3916 603 3971 ralis
670 3919 887 3987 primae
958 3921 1237 3973 secundae
1290 3918 1514 3971 tertiae.
1598 3916 1811 3972 Formis
1865 3918 2097 3984 quidem
2159 3917 2363 3971 doricis
2419 3918 2596 3972 utitur
2647 3918 2948 3984 Homerus,
2995 3948 3063 3957 —

464 4007 539 4056 24
572 4002 674 4057 sed
708 4020 823 4057 non
856 4002 1096 4058 flexione
1134 4001 1341 4059 dorica.

605 4238 792 4294 D1sca.
837 4258 1029 4295 sunm.
1101 4247 1148 4295 2.
1197 4258 1395 4308 ματων
1438 4239 1662 4295 litterae
1706 4241 1768 4295 in
1810 4257 1949 4296 voce
1986 4258 2288 4309 ονοματων
2334 4242 2505 4295 antea
2539 4241 2914 4307 evanuerant,
2962 4240 3063 4294 aed

467 4324 585 4378 alio
608 4326 927 4379 atramento
951 4326 1255 4381 renovatae
1279 4327 1338 4379 in
1364 4327 1408 4381 Α
1449 4326 1458 4394 Ι
1499 4343 1546 4379 ω
1571 4326 1631 4378 in
1656 4342 1735 4380 ως
1762 4341 1831 4380 ex
1856 4344 1889 4380 κ
1914 4325 2065 4381 faeta
2087 4326 2158 4379 ab
2185 4328 2269 4381 Ax
2307 4330 2316 4391 Ι
2355 4332 2403 4380 ’1.
2432 4344 2468 4395 η
2494 4328 2537 4381 Α
2572 4324 2867 4390 Homerus,
2904 4324 2955 4379 εἰ
2985 4324 3023 4378 b
3052 4324 3059 4389 Ι

466 4415 519 4466 9.
556 4427 760 4476 γυωςω
797 4413 842 4467 Α
889 4412 899 4476 Ι
952 4416 1164 4466 10—11.
1198 4412 1397 4466 τυδέος
1433 4413 1475 4465 Α
1517 4413 1531 4475 1
1577 4419 1648 4466 11.
1689 4427 2010 4479 ςφωιτερον
2044 4413 2087 4466 Α
2129 4413 2138 4476 Ι
2176 4412 2442 4478 δευτερας
2477 4410 2535 4463 in
2571 4409 2826 4477 margine
2863 4410 2961 4475 A',
2997 4410 3065 4462 ut

468 4491 725 4560 videtur,
764 4493 1088 4564 adscripsit,
1124 4494 1223 4549 sed
1259 4494 1522 4549 nitidiore
1559 4497 1877 4550 atramento
1908 4499 1917 4562 1
1952 4501 2029 4548 12.
2064 4497 2158 4549 ἐπὶ
2194 4494 2403 4549 adiecit
2436 4493 2800 4549 RSkrzeozka
2829 4501 2837 4560 Ι
2865 4494 2925 4546 in
2962 4510 3062 4548 πο-

466 4582 760 4634 λυνεικου(
806 4578 1029 4634 litterae
1061 4597 1317 4636 υνεικους
1354 4581 1438 4635 Ax
1477 4579 1725 4649 scripsit,
1770 4597 1960 4635 νεικου
2004 4579 2063 4632 in
2107 4595 2303 4633 rasura
2387 4581 2398 4646 Ι
2453 4586 2530 4636 15.
2568 4595 2717 4634 εςτιν
2755 4581 2797 4633 Α
2851 4582 2860 4644 Ι
2918 4585 2993 4638 16.
3032 4595 3060 4633 ς

467 4663 626 4731 prior
658 4664 718 4717 in
754 4680 1067 4733 ςφωιτερος
1104 4664 1303 4719 eodem
1339 4666 1672 4730 atramento,
1709 4681 1821 4733 quo
1858 4667 2141 4731 δευτερας,
2177 4664 2389 4734 scripta
2434 4667 2443 4731 Ι
2494 4669 2572 4722 17.
2608 4662 2898 4732 inscriptio
2934 4680 3064 4731 περι

465 4763 575 4814 της
609 4765 882 4817 ημετερος
917 4750 1186 4817 υμέτερος
1225 4749 1448 4802 maiuso.
1485 4751 1529 4805 Α
1560 4752 1571 4814 Ι
1601 4766 1871 4817 κτητωρα
1906 4752 1949 4804 Α
1991 4751 2000 4815 Ι
2048 4754 2260 4803 17-18,
2300 4752 2557 4813 λεγουςιν
2593 4750 2637 4804 Α
2669 4749 2679 4814 Ι
2713 4753 2791 4807 18.
2827 4749 2969 4816 ἁμός
3006 4749 3061 4813 b,

466 4835 670 4898 αμονΑ
702 4835 712 4900 Ι
742 4838 1136 4899 22.οχεες(ινΑ
1169 4840 1177 4895 Ι
1213 4840 1291 4887 24.
1318 4836 1462 4900 ὑμῆς
1492 4834 1544 4900 b,
1572 4835 1806 4902 υμηοςΑ
1839 4837 1848 4900 Ι
1882 4834 2167 4899 26.νήαςΑ
2200 4842 2209 4898 Ι
2245 4838 2303 4885 27
2351 4834 2668 4900 εδωριζενΑ
2703 4837 2712 4900 1
2746 4835 3057 4901 &Loncium
