3738 5530
663 317 1105 373 commentarius
1133 283 1360 373 criticus
1387 318 1448 374 et
1473 317 1792 389 exegeticus
1819 316 1879 372 in
1908 315 2193 388 Apollonii
2223 315 2450 388 Dyscoli
2479 317 2691 389 scripte
2720 317 2953 374 minora.
3040 316 3127 383 99

519 508 638 548 non
702 491 843 548 sunt
904 487 1162 548 usitatae
1226 482 1345 565 (τὰ
1402 483 1757 566 ειγώμενα)
1820 489 1908 548 316
1959 521 2033 531 -
2085 491 2315 565 notem,
2378 507 2487 566 pro
2549 488 2711 548 tritis
2762 484 2842 566 -·}—
2892 488 3130 568 signum

519 598 753 656 ponam.
845 577 1018 638 Prior
1061 578 1249 657 igitur
1294 577 1449 639 Skae
1494 580 1650 639 ratio
1695 579 1842 639 haec
1888 581 1978 638 est

1115 704 1147 763 I
1191 722 1342 782 pers.
1761 704 1824 763 Π
1867 722 2020 781 pers.
2420 703 2515 764 ΠΙ
2559 722 2708 782 pers.

1031 805 1231 871 dualst
1225 812 1415 892 plur.
1699 811 1855 871 dual.
1932 813 2085 889 plur.
2377 811 2534 870 dual.
2610 813 2761 889 plur.

879 920 1009 978 gen.
1074 932 1149 942 --
1307 933 1382 942 —-
1742 934 1817 943 —-
1976 933 2051 942 —
2443 898 2474 958 ⁶?
2649 899 2730 978 -Ι-

876 991 997 1049 dat.
1075 1022 1150 1031 —
1306 1022 1382 1031 —
1743 1022 1818 1032 —
1977 1022 2051 1032 —
2444 988 2475 1047 P
2649 988 2730 1067 ..1.

879 1098 998 1139 acc.
1075 1111 1150 1119 -—
1307 1112 1382 1121 —
1745 1112 1819 1121 —
1978 1112 2052 1121 —
2444 1077 2475 1136 i>
2569 1085 2576 1160 Ι
2649 1077 2729 1156 -f-

697 1204 869 1264 Hano
913 1204 1099 1281 igitur
1141 1203 1436 1263 rationem
1481 1203 1533 1264 si
1576 1203 1813 1282 probas,
1855 1203 2039 1264 habes
2086 1202 2325 1281 quidem
2369 1198 2451 1263 τὰ
2495 1200 2640 1278 τρία
2684 1201 2848 1279 πρὸ(
2885 1201 2966 1265 τὰ
3002 1201 3126 1265 δώ-

521 1295 700 1367 δεκα,
766 1294 868 1354 sed
925 1292 1067 1370 quid
1124 1292 1195 1353 de
1250 1292 1413 1354 duali
1473 1296 1608 1353 tert.
1656 1312 1807 1371 pers.
1855 1293 2235 1354 statuendum
2282 1291 2438 1352 erit?
2527 1293 2657 1354 Hae
2703 1294 2861 1353 enim
2907 1295 3132 1354 formae

524 1387 630 1444 aut
675 1379 1046 1458 ειγωμένοι(
1093 1381 1569 1444 adnumerandae
1616 1387 1787 1444 erant
1842 1376 2087 1465 (quibus
2134 1387 2275 1443 sunt
2318 1383 2583 1462 profecto
2631 1383 3135 1458 adnumerandam

524 1492 641 1549 quo
697 1474 855 1533 enim
911 1473 1039 1532 iure
1088 1471 1209 1532 Ska
1252 1471 1416 1533 dicat
1470 1466 1643 1551 ‘quas
1688 1474 1752 1533 in
1797 1491 1909 1533 usu
1955 1473 2137 1533 fuisse
2181 1474 2308 1532 veri
2355 1477 2445 1532 631
2488 1467 2705 1533 31111116’
2752 1493 2846 1532 ιιι6
2892 1492 3133 1550 prorsus

519 1555 735 1645 fugit);
797 1562 859 1621 id
915 1579 1054 1622 vero
1109 1564 1162 1621 si
1213 1561 1409 1637 fieret,
1464 1561 1827 1639 quindecim,
1892 1582 2011 1622 non
2068 1562 2377 1623 duodecim
2432 1564 2656 1623 formae
2704 1563 3135 1623 enumerandae

522 1656 718 1712 essent
763 1672 801 1712 a
845 1651 1267 1712 consuetudine
1314 1651 1722 1713 abhorrentes:
1770 1654 1878 1713 aut
1922 1655 2062 1712 sunt
2105 1653 2344 1712 usitatis
2390 1652 2766 1728 tribuendae3
2813 1673 2930 1729 quo
2976 1652 3135 1712 facto

521 1761 640 1802 non
686 1738 854 1818 τρία,
915 1741 1017 1801 sed
1065 1737 1131 1804 ἕξ
1177 1744 1319 1802 sunt
1361 1737 1526 1817 πρὸ(
1572 1737 1653 1803 τὰ
1698 1739 1966 1803 δώδεκα.
2021 1774 2096 1784 —-
2147 1742 2359 1803 Altera
2405 1741 2560 1803 Skae
2605 1743 2763 1803 ratio
2817 1743 2963 1803 haec
3019 1745 3135 1802 est:

1206 1886 1238 1945 I
1281 1904 1433 1963 pers.
1797 1885 1860 1945 11
1906 1904 2057 1963 pers.
2382 1885 2478 1946 ΙΠ
2521 1905 2672 1964 pers.

1215 1993 1426 2054 dualis.
1821 1993 2036 2054 dualis.
2427 1991 2639 2054 dualis.

948 2101 1079 2161 gen.
1108 2082 1229 2144 dat.
1284 2115 1359 2125 —
1892 2115 1966 2124 -

949 2190 1064 2233 acc.
1286 2205 1360 2214 -
1891 2204 1965 2213 -
2499 2205 2573 2214 ,-

1189 2315 1454 2393 pluralis.
1788 2314 2054 2393 pluralis.
2398 2315 2665 2393 pluralis.

948 2425 1077 2483 gen.
1286 2437 1362 2446 —-
1892 2437 1967 2446 -—
2493 2402 2574 2481 -Ι-

949 2494 1070 2555 dat.
1287 2527 1362 2536 —
1895 2526 1970 2535 —
2495 2492 2575 2571 -1-

951 2602 1066 2643 300.
1287 2615 1360 2624 —-
1892 2615 1968 2625 -—
2494 2581 2574 2660 ..Ι-

700 2708 891 2780 Quam
935 2709 1096 2770 viam
1142 2708 1195 2768 si
1239 2707 1591 2788 ingrederis,
1643 2706 1826 2768 habes
1874 2707 2010 2768 illas
2057 2706 2296 2785 quidem
2344 2706 2653 2768 duodecim
2696 2709 2940 2785 formas,
2986 2728 3138 2786 quae

523 2800 585 2859 in
630 2817 741 2859 usu
789 2819 906 2859 non
955 2818 1078 2859 esse
1124 2798 1422 2874 dicuntur,
1467 2798 1569 2858 sed
1610 2793 1880 2872 τέεεαρα
1915 2816 2035 2857 non
2070 2800 2269 2876 potest
2304 2798 2473 2856 ferri:
2520 2818 2659 2858 nam
2697 2817 2816 2858 non
2852 2795 3137 2875 τέεεαρα,

529 2888 631 2949 sed
676 2884 798 2949 δύο
843 2883 1047 2962 πάεηε
1091 2884 1396 2949 πτώεεωε
1441 2882 1626 2948 δυῖκά
1671 2904 1988 2965 suppressa
2032 2890 2185 2947 sunt.

699 2979 829 3038 Iam
874 2977 1035 3056 quod
1081 2977 1204 3038 Ska
1250 2977 1326 3037 ad
1370 2978 1630 3054 priorem
1675 2978 1971 3037 rationem
2025 2976 2523 3054 comprobandam
2577 2978 2830 3055 profert,
2893 2977 3139 3056 Apollo·

523 3069 689 3127 nium
733 3069 928 3127 minus
966 3070 1237 3128 accurate
1282 3069 1547 3127 locutum
1585 3083 1708 3126 esse
1745 3069 1807 3125 et
1841 3068 2036 3126 solum
2080 3067 2373 3143 pluralem
2414 3068 2628 3127 tertiae
2672 3086 2958 3145 personae
3005 3087 3138 3127 cum

524 3158 834 3235 utriusque
889 3158 1120 3217 numeri
1175 3157 1381 3217 formis
1435 3157 1664 3234 primae
1719 3156 2127 3232 secundaeque
2173 3175 2457 3233 personae
2505 3175 2876 3234 comparasse
2924 3157 3139 3217 videri:

523 3248 585 3306 id
632 3248 819 3307 statui
864 3265 1035 3325 posse
1081 3264 1249 3324 nego.
1343 3246 1498 3307 Nam
1545 3247 1609 3304 in
1654 3247 1850 3324 prima
1896 3250 1956 3306 et
1993 3246 2251 3306 secunda
2285 3264 2436 3324 pere.
2474 3247 2767 3322 pluralem
2806 3251 2867 3305 et
2901 3246 3140 3307 dualem

523 3335 881 3412 discernere,
934 3338 998 3395 in
1043 3338 1226 3396 tertia
1268 3353 1387 3395 non
1435 3335 1780 3409 discernere,
1826 3335 2117 3395 dementis
2165 3340 2267 3395 est.
2362 3336 2559 3395 'Pelles
2606 3336 3019 3396 difficultatem
3067 3335 3139 3395 de

524 3426 746 3500 medio,
808 3427 912 3485 ιι1)1
966 3422 1235 3500 τέεεαρα
1289 3444 1520 3499 vocem,
1574 3427 1643 3484 ut
1705 3444 1778 3484 ex
1838 3426 2060 3485 iterata
2111 3426 2306 3503 prima
2370 3421 2554 3484 δυῖκά
2606 3426 2880 3485 vocabuli
2936 3426 3142 3485 littera

525 3518 744 3591 ortam,
807 3514 1095 3575 deleveris
1161 3519 1340 3592 atque
1405 3514 1658 3591 probata
1710 3515 2009 3591 scriptura
2052 3509 2262 3585 δυῖκά,
2322 3515 2710 3590 posteriorem
2757 3514 3140 3591 computandi

523 3606 684 3665 viam
728 3606 950 3665 inieris.
1039 3605 1206 3664 Idem
1251 3605 1592 3665 coniectura
1636 3605 1940 3664 assecutus
1987 3606 2078 3663 est
2121 3603 2161 3661 J
2164 3602 2510 3681 Guttentag
2564 3604 2664 3679 qui
2712 3608 2912 3664 tamen
2959 3605 3138 3664 ratio-

525 3715 660 3755 nem
706 3695 790 3755 sic
836 3693 1261 3754 conficiendam
1307 3712 1432 3753 esse
1480 3697 1703 3754 censet:
1751 3687 2056 3770 ε36111161
2093 3711 2208 3753 acc.
2250 3684 2354 3775 (3)
2401 3693 2595 3752 dualis
2642 3698 2702 3754 et
2745 3694 2998 3769 pluralis
3038 3688 3136 3774 (2)

525 3785 752 3861 primae
790 3784 1024 3844 secund
1066 3776 1165 3866 (2)
1206 3810 1290 3832 =
1323 3786 1361 3843 3
1383 3793 1469 3847 ><
1492 3785 1528 3841 2
1552 3793 1638 3847 ><
1662 3786 1698 3842 2
1731 3807 1816 3830 =
1841 3776 1967 3841 12’
2060 3780 2188 3851 Quo
2234 3782 2394 3842 facto
2434 3782 2579 3858 quid
2615 3782 2686 3841 de
2724 3782 2888 3842 duali
2926 3784 3141 3842 tertiae

525 3874 658 3948 fiat,
714 3891 832 3934 non
887 3873 1091 3950 liquet.
1145 3872 1462 3932 UHoersoh
1504 3874 1629 3932 377
1680 3871 1858 3933 scribi
1913 3871 2081 3931 iubet
2125 3865 2327 3945 πάεηε
2372 3868 2677 3932 πτώεεωε
2722 3868 2893 3946 τρία
2938 3869 3139 3943 δυῖκά,

525 3966 597 4023 ut
639 3964 677 4022 δ
723 3983 833 4041 pro
877 3980 919 4035 γ
961 3964 1226 4040 positum
1272 3964 1365 4022 sit.
1460 3961 1577 4021 Sed
1630 3958 1801 4036 τρία
1853 3961 2007 4020 illud
2062 3979 2301 4038 prorsus
2362 3961 2724 4038 superfluum
2784 3965 2900 4036 est3
2963 3981 3139 4038 porro

529 4072 645 4129 quo
690 4054 820 4112 iure
866 4052 1187 4113 contendat
1222 4051 1743 4126 Hoerschelmann,
1787 4050 1917 4109 fieri
1962 4053 2227 4128 potuisse
2265 4054 2333 4109 ιι1
2370 4067 2409 4122 γ
2447 4054 2507 4110 61
2544 4051 2580 4110 δ
2618 4054 3142 4126 commutarentur,

526 4161 645 4202 non
707 4144 972 4220 potuisse
1029 4142 1157 4202 fieri
1213 4145 1281 4200 ι11
1327 4138 1364 4200 δ
1421 4161 1490 4200 ex
1543 4142 1764 4200 iterata
1820 4141 2016 4217 prima
2072 4134 2254 4201 δυῖκά
2308 4141 2470 4200 vocis
2524 4140 2729 4201 littera
2782 4143 3141 4216 nasceretur,

527 4233 730 4308 itaque
789 4228 1057 4307 τέεεαρα
1119 4232 1315 4291 deleto
1379 4231 1669 4309 originem
1732 4231 2104 4309 corruptelae
2158 4230 2518 4290 oblitterari:
2580 4229 2644 4288 id
2689 4249 2783 4290 me
2830 4248 2949 4289 non
2995 4231 3141 4290 satis

526 4322 857 4400 perspicere
904 4323 1110 4382 fateor.

708 4432 910 4504 72,11
964 4423 1217 4489 “Ἀλλὰ
1260 4424 1442 4503 τρίτα
1488 4425 1606 4489 οὐκ
1651 4424 1803 4500 ἔετι,
1860 4424 2126 4503 πρώτου
2173 4424 2276 4488 καὶ
2323 4422 2631 4502 δευτέρου
2680 4420 2960 4505 ὄντοε”]
3011 4426 3141 4486 Η66

527 4518 826 4580 Habronis
873 4522 1288 4597 argumentum
1333 4519 1566 4596 plenius
1611 4517 1875 4578 traditur
1918 4520 2072 4595 synt.
2126 4518 2270 4591 181,
2295 4519 2547 4577 13—21
2598 4510 2732 4577 “01³1
2780 4511 2970 4591 μήν”,
3017 4532 3141 4591 φη-

530 4605 624 4669 είν
671 4602 821 4691 (soil.
870 4605 909 4668 ὁ
956 4604 1258 4690 Ἅβρων),
1325 4598 1620 4682 “ovem
1676 4603 1753 4667 τὸ
1811 4603 1883 4668 ἐν
1938 4603 2130 4688 τρίτῳ
2186 4603 2539 4682 γενόμενον
2594 4600 2857 4667 πάντως
2913 4602 3016 4666 καὶ
3072 4603 3143 4667 ἐν

529 4695 766 4779 πρώτῳ
822 4694 924 4758 καὶ
982 4694 1052 4758 ἐν
1099 4693 1381 4778 δευτέρῳ
1428 4693 1754 4778 προεώπῳ
1801 4693 2079 4769 γίνεεθαι
2136 4688 2435 4780 (sequitur
2480 4696 2774 4775 glossema
2818 4691 3144 4758 τουτέετιν

530 4819 618 4830 -
654 4783 978 4865 (αυτούς),
1035 4782 1093 4847 εἴ
1148 4803 1221 4859 γε
1276 4783 1379 4847 καὶ
1437 4783 1518 4847 τὰ
1564 4783 1636 4848 ἑν
1682 4786 1819 4848 τοῖς
1865 4782 2145 4862 πρώτοις
2191 4782 2294 4846 καὶ
2340 4781 2665 4861 δευτέροις
2709 4782 3017 4861 γινόμενα
3063 4781 3142 4847 οὐ

532 4874 792 4938 πάντως
838 4874 942 4937 καὶ
989 4872 1060 4937 ἐν
1106 4873 1366 4951 τρίτοις·
1416 4870 1527 4937 elci
1564 4876 1727 4948 γοῦν
1764 4872 2028 4951 πρώτου
2066 4872 2168 4936 καὶ
2204 4871 2511 4950 δευτέρου
2548 4871 2900 4950 προεώπου
2938 4873 3145 4935 δυῖκαὶ

531 4961 729 5043 ὀρθῆς
774 4963 1094 5039 πτώεεωε,
1142 4963 1221 5028 οὐ
1268 4963 1391 5043 μὴν
1437 4961 1721 5042 τρίτου”.
1818 4966 2234 5026 Controversia
2277 4966 2465 5043 igitur
2510 4958 2686 5048 (satis
2735 4958 2952 5047 futilis)
3000 4965 3145 5024 baec

2651 5065 2718 5093 -ss
