3738 5530
583 407 711 488 242
1534 413 1716 465 num·
1752 411 2225 465 ΣΤΝΔΕΣΜῼΝ.

1613 534 1657 571 ι).
1685 522 1776 572 508,
1803 522 1854 564 26
1886 544 1929 551 -
1959 523 2049 573 511,
2080 524 2100 561 1
2129 522 2158 563 b

753 615 1002 680 Διὸτί.
1078 615 1212 680 Ἐπὶ
1254 614 1493 680 τούτου
1539 613 1884 695 ἑπέςτηςάν
1930 634 2127 699 τινες,
2187 613 2240 679 εἰ
2282 614 2439 694 μετὰ
2483 618 2594 692 τῆς
2637 615 2768 681 διά
2811 615 3180 694 προθέςεως

585 716 895 793 ςύγκειται
927 716 965 782 6
999 717 1117 782 ὅτι
1160 716 1501 797 ςύνδεςμος
1547 717 1585 795 ἢ
1630 717 1706 782 τὸ
1753 716 1875 782 ὅτι
1920 716 2262 799 πτωτικόν,
2316 719 2419 781 καὶ
2462 720 2664 794 δῆλον
2712 716 2808 781 ὅτι
2852 719 2891 796 ἢ
2923 717 3178 783 ἁπλοῦν

583 818 621 897 ἣ
667 818 739 885 ἐν
784 818 1124 898 παραθέςει
1166 821 1284 884 τοῦ
1331 817 1385 883 6.
1461 819 1560 883 καὶ
1605 816 1701 897 εἴη
1761 818 1841 884 ἂν
1889 819 2233 899 ςυνηγορία
2275 823 2386 897 τῆς
2430 824 2545 885 τοῦ
2599 821 2946 906 ςυνδέςμου
2992 821 3175 904 <cuv-

583 921 857 1004 θέςεως>
903 920 1035 998 ἥδε.
1114 924 1231 987 «τὸ
1278 920 1436 986 αὐτὸ
1482 923 1668 1001 δηλοῖ
1711 927 1802 1006 τῷ
1849 921 1949 986 ὅτι
1993 923 2096 986 καὶ
2140 921 2321 1005 διότι,
2368 921 2656 988 ςύνταξίν
2700 942 2768 987 τε
2814 924 2929 1002 τὴν
2975 922 3174 1002 αὐτὴν
3229 938 3280 978 ³0

516 1032 550 1081 5
584 1023 748 1106 ἔχει,
797 1023 916 1089 ὅτι
962 1026 1403 1104 περιπατῶ,
1449 1026 1846 1103 κινοῦμαι·
1893 1021 2097 1087 διότι
2141 1029 2574 1105 περιπατῶ,
2620 1027 3049 1104 κινοῦμαι.»
3097 1060 3176 1071 --

582 1123 750 1191 ἀλλὰ
793 1124 958 1204 πρός
1002 1145 1077 1202 γε
1120 1123 1624 1204 ταῦτα’ῥητέον·
1673 1124 1992 1189 οὐδέποτε
2037 1125 2076 1203 ἡ
2123 1124 2228 1189 διά
2272 1126 2585 1204 πρόθεςις,
2633 1124 2930 1204 αἰτιώδης
2975 1146 3177 1205 παρα-

580 1227 1048 1307 λαμβανομένη,
1103 1227 1173 1291 ἐν
1220 1226 1495 1289 ςυνθέςει
1542 1224 1684 1289 ἐςτί.
1745 1229 1843 1291 δεῖ
1887 1228 1958 1291 δὲ
2004 1228 2181 1292 νοεῖν
2229 1225 2325 1291 ὅτι
2368 1227 2446 1289 τὸ
2492 1225 2653 1291 διότι
2698 1228 2767 1291 ἕν
2814 1227 2937 1292 ἑςτι
2983 1229 3175 1307 μέρος
3213 1240 3313 1290 509

580 1326 814 1411 λόγου,
872 1328 1030 1393 καθὸ
1088 1327 1497 1408 ἐπεδείξαμεν
1543 1328 1656 1392 τὰς
1699 1329 2033 1406 προθέςεις
2089 1327 2160 1393 ἐν
2219 1326 2546 1392 ἀπτώτοις
2590 1327 2902 1394 ἑνοῦςθαι.
2952 1366 3027 1375 —-
3085 1329 3177 1394 ἔτι

580 1428 621 1510 ἡ
665 1429 771 1495 διά
814 1429 1129 1511 πρόθεςις,
1178 1430 1474 1508 αἰτιώδης
1518 1430 2163 1510 παραλαμβανομένη,
2210 1429 2322 1494 ἐπ’
2354 1427 2698 1510 αἰτιατικὴν
2739 1430 3028 1513 φέρεται,
3075 1431 3180 1494 δι’

483 1539 547 1589 10
581 1531 1159 1616 Ἀπολλώνιον,
1205 1533 1336 1596 διὰ
1381 1531 1474 1596 ςέ.
1551 1531 1714 1611 φέρε
1758 1533 1883 1610 γὰρ
1931 1531 2141 1596 οὕτως
2187 1531 2388 1596 εἰπεῖν
2435 1534 2561 1596 διὰ
2606 1536 2771 1615 ςοῦ,
2818 1533 2920 1597 καὶ
2965 1532 3177 1597 οὐκέτι
3230 1555 3254 1593 5

581 1634 879 1715 αἰτιώδης
933 1634 972 1712 ἡ
1030 1634 1149 1699 διά.
1224 1634 1410 1700 ἔνθεν
1469 1635 1681 1715 φαμὲν
1738 1631 2076 1711 αἰτιατικῆς
2132 1634 2208 1697 τὸ
2265 1632 2340 1697 τό
2399 1631 2565 1698 εἶναι
2620 1632 2691 1698 ἐν
2749 1640 2841 1718 τῷ
2908 1636 3036 1699 διὰ
3089 1634 3177 1698 τὸ

579 1737 872 1818 ἡμέραν
920 1733 1122 1801 εἶναι
1167 1740 1286 1816 φῶ
1309 1758 1340 1800 ς
1384 1735 1613 1801 ἐςτιν.
1675 1733 1713 1799 6
1745 1736 1816 1800 δὲ
1847 1736 1944 1799 ὅτι
1979 1735 2322 1815 ςύνδεςμος
2352 1740 2594 1799 πτῶςιν
2626 1734 2745 1799 οὐκ
2775 1735 3175 1817 ἀναδέχεται.

589 1876 660 1884 -
709 1837 858 1903 ἀλλ’
904 1835 1059 1903 οὐδὲ
1103 1836 1312 1901 ἐκεῖνο
1360 1836 1588 1916 ἀληθές
1635 1835 1833 1920 ἐςτιν,
1881 1835 1970 1900 ὼς
2016 1836 2121 1901 ἐπὶ
2165 1836 2239 1901 τὸ
2272 1836 2430 1902 αὐτὸ
2473 1838 2735 1917 φέρεται
2777 1838 2853 1902 τὸ
2886 1837 3045 1902 διότι
3078 1837 3177 1901 καὶ

582 1939 695 2005 ὃτι.
770 1940 807 2004 ὃ
853 1941 968 2019 μὲν
1012 1940 1137 2018 γὰρ
1180 1938 1381 2002 λείπει
1425 1942 1517 2020 τῷ
1564 1937 2085 2022 ἀνταποδοτικῷ,
2130 1938 2168 2001 ὃ
2215 1940 2287 2003 δὲ
2333 1938 2430 2003 οὔ.
2508 1938 2583 2002 τὸ
2627 1940 2753 2018 γὰρ
2784 1938 2958 2004 οὕτω
2991 1938 3174 2016 λεγόὲ
3233 1963 3279 2001 ιο

482 2050 543 2099 15
580 2063 796 2123 μενον,
843 2040 1053 2106 διότι
1082 2038 1330 2120 ἡμέρα
1361 2038 1543 2116 ἐςτί,
1591 2045 1760 2120 φῶς
1805 2040 1967 2105 ἐςτι
2000 2038 2200 2105 λείπει
2229 2047 2322 2121 τῷ
2353 2041 2481 2105 διὰ
2510 2043 2749 2105 τοῦτο
2782 2042 2956 2123 [φῶς
2988 2040 3172 2122 ἐςτι]·

576 2144 653 2209 τὸ
719 2144 792 2208 δὲ
860 2140 982 2206 ὅτι
1045 2141 1298 2221 ἡμέρα
1364 2140 1552 2222 ἐςτί,
1622 2148 1786 2222 φῶς
1847 2140 2057 2233 ἐςτιν
2114 2144 2474 2207 αὐτοτελές.
2548 2143 2666 2207 ὅτι
2734 2147 3172 2224 περιπατῶ,

577 2246 973 2322 κινοῦμαι·
1070 2241 1150 2324 οὐ
1192 2244 1318 2322 γὰρ
1363 2243 1441 2320 δή
1485 2263 1560 2320 γε
1604 2246 1906 2308 τοιοῦτον
1952 2242 2236 2326 ἔςτκν),
2285 2243 2524 2327 [δι]ὅτι
2569 2247 3000 2327 περιπατῶ,
3047 2245 3173 2309 διὰ

576 2349 824 2412 τοῦτο
869 2347 1252 2426 κινοῦμαι.
1303 2381 1378 2390 -
1426 2344 1579 2424 φηςὶ
1622 2346 1694 2408 δὲ
1737 2347 1841 2410 καὶ
1886 2344 1923 2409 ὁ
1970 2345 2254 2425 Τρύφων
2305 2344 2399 2429 (p.
2430 2345 2514 2408 42
2558 2344 2854 2430 Velscn),
2904 2346 2993 2409 ὡς
3036 2348 3173 2410 τοῖς
3228 2369 3274 2408 15

576 2447 899 2514 τοιούτοις
953 2445 1230 2528 μορίοις,
1286 2447 1624 2511 πτωτικοῑς
1681 2445 1890 2524 οὖςιν,
1947 2445 2446 2511 ἀνταποδίδοται
2490 2447 2570 2512 τὰ
2612 2450 2903 2524 τοιαῦτα,
2966 2447 3056 2511 ὼς
3100 2446 3172 2511 ἑν

477 2561 543 2612 20
576 2553 714 2615 τοῖς
743 2548 1063 2613 τοιούτοις
1107 2547 1191 2612 ὅς
1232 2566 1344 2611 τις
1373 2550 1818 2626 περιπατεῖ,
1867 2546 2109 2613 οὗτος
2139 2551 2504 2614 κινεῖται·
2552 2548 2589 2613 6
2620 2570 2690 2614 τι
2721 2552 3168 2631 περιπατεῖ,

576 2656 817 2717 τοῦτο
877 2652 1239 2714 κινεῖται.
1325 2649 1424 2713 καὶ
1481 2651 1683 2726 δῆλον
1741 2649 1838 2713 ὅτι
1895 2650 1971 2715 τὸ
2039 2650 2277 2733 διότι,
2328 2650 2491 2729 ἔχον
2547 2652 2665 2729 τὴν
2722 2650 2923 2729 αὐτὴν
2981 2649 3171 2715 ἀντα-

580 2753 879 2837 πόδοςιν,
944 2750 1074 2832 ἔχει
1141 2751 1507 2832 ἐγκείμενον
1565 2751 1885 2816 πτωτικὸν
1951 2753 2027 2816 τὸ
2094 2750 2131 2815 6
2176 2774 2262 2834 τι,
2333 2753 2530 2832 ςαφὲς
2587 2756 2821 2819 ποιοῦν
2879 2751 2995 2818 κάκ
3055 2754 3172 2817 τοῦ
3226 2778 3276 2816 20

579 2857 976 2934 πνεύματος,
1023 2852 1181 2917 καθὸ
1227 2855 1376 2934 μέςη
1421 2852 1461 2931 ἡ
1506 2856 1750 2928 δαςεῖα,
1797 2852 2291 2931 ὑπαγορεύουςα
2334 2856 2449 2933 τὴν
2495 2854 2598 2919 διά
2641 2855 2939 2939 πρόβεςιν
2984 2855 3055 2920 ἐν
3096 2860 3171 2938 τῇ

581 2956 937 3037 παραθέςει.
1011 2953 1122 3039 (οὐ
1187 2956 1310 3034 γὰρ
1379 2956 1457 3034 δή
1524 2975 1597 3030 γε
1654 2957 1755 3019 καὶ
1809 2954 1968 3020 αὐτὸ
2036 2956 2260 3035 μόριόν
2316 2956 2440 3020 ἑςτι
2498 2962 2631 3022 τῶν
2687 2958 3173 3039 ἡμαρτημένων,

477 3072 544 3119 25
580 3058 823 3139 ὁμοίως
875 3055 1190 3151 τῷκεῖἑν,
1258 3054 1444 3134 εὔὰν,
1512 3054 1701 3141 εὐοῖ.)
1775 3059 1873 3121 δεῖ
1936 3059 2008 3122 δὲ
2063 3060 2243 3122 νοεῖν
2300 3057 2403 3122 ἐπὶ
2457 3062 2566 3137 τῆς
2623 3058 3007 3139 ςυντάξεως,
3076 3055 3173 3120 ὅτι

582 3158 901 3226 πτωτικόν
947 3159 1323 3238 καθεςτηκός
1366 3158 1443 3223 τὸ
1488 3156 1649 3221 διότι
1694 3158 1833 3237 τρία
1878 3159 2033 3238 μέρη
2081 3158 2285 3235 λόγου
2330 3161 2517 3237 δηλοῖ
2552 3159 2622 3224 ἑν
2653 3160 3012 3240 παραθέςει,
3057 3159 3171 3237 τήν
3224 3183 3276 3223 25

579 3283 649 3327 τε
704 3260 1037 3353 πρόθεςιν,
1092 3260 1172 3337 ἢν
1227 3258 1474 3340 ἔφαμεν
1530 3259 1810 3324 πάντοτε
1864 3259 1937 3325 ἐν
1992 3261 2335 3339 παραθέςει
2391 3260 2557 3326 εἶναι
2617 3259 2926 3326 αἰτιωδῶς
2969 3279 3172 3340 παρα-

582 3361 1104 3444 λαμβανομένην,
1150 3361 1250 3424 καὶ
1292 3362 1368 3426 τὸ
1414 3360 1453 3424 6
1487 3362 1587 3425 καὶ
1618 3361 1691 3426 τὸ
1721 3362 1812 3444 τί,
1856 3363 1961 3426 καὶ
2006 3363 2076 3429 ἐν
2110 3363 2374 3427 πτώςεςι
2407 3365 2477 3427 δ“ε
2510 3363 2903 3441 αἰτιατικαῑς,
2949 3363 3069 3441 ἐφ’
3098 3362 3172 3426 ἃς

714 3549 929 3601 Anava.
1008 3550 1028 3597 l
1087 3546 1245 3600 Διδτι
1298 3544 1531 3614 quidam
1584 3561 1653 3598 ex
1705 3546 1795 3599 διά
1840 3546 1901 3599 et
1949 3548 2037 3600 δτι
2083 3531 2475 3601 coniunctione
2519 3546 2732 3600 factum
2779 3562 2897 3600 esse
2949 3547 3171 3616 putant,

578 3632 731 3702 quod
769 3631 1007 3685 eandem
1044 3630 1213 3698 atquc
1250 3632 1337 3684 ὅτι
1374 3629 1692 3684 coniunctio
1727 3629 2017 3684 notionem
2041 3629 2251 3685 habeat
2309 3662 2369 3670 —
2409 3637 2440 3684 6
2468 3632 2543 3684 At
2578 3633 2620 3699 1)
2646 3632 2735 3686 διά
2761 3630 2997 3685 causalis
3030 3648 3171 3684 nun-

578 3732 748 3785 quam
784 3714 1154 3783 componitur.
1192 3744 1259 3753 —
1295 3720 1327 3768 8
1362 3715 1408 3781 2)
1432 3714 1542 3768 Διό.
1566 3713 1801 3767 causalis
1826 3731 1954 3767 cum
1980 3715 2297 3769 accusativo
2321 3715 2677 3777 construitur,
2714 3717 2802 3769 ὅτι
2828 3717 3018 3769 autem
3043 3731 3171 3768 con-

576 3800 791 3855 iunctio
816 3799 1037 3854 casibus
1060 3799 1230 3856 caret.
1257 3834 1318 3842 «-
1349 3803 1411 3852 13
1445 3799 1490 3865 a)
1515 3800 1675 3853 Διὸτι
1699 3798 1922 3867 indiget
1945 3799 2297 3865 correlative,
2338 3802 2425 3854 ὅτι
2461 3815 2575 3854 non
2609 3799 2844 3869 indiget.
2872 3830 2934 3838 —
2963 3806 3025 3854 18
3050 3798 3170 3853 Sha-

576 3884 789 3939 tuimus
831 3883 1033 3954 igitur,
1080 3882 1259 3936 inesse
1306 3884 1338 3935 6
1386 3899 1442 3936 τι
1488 3883 1861 3948 accusativos3
1907 3914 1973 3923 -
2018 3890 2083 3937 22
2134 3883 2307 3953 idque
2353 3884 2526 3938 ctiam
2565 3900 2633 3938 ex
2676 3884 3168 3954 interaspirafione

578 3969 836 4039 apparet,

713 4135 940 4193 Tus-rm.
1000 4144 1064 4193 26
1093 4138 1274 4193 Schol.
1300 4138 1462 4196 Dion.
1488 4136 1618 4192 Thr.
1644 4136 1741 4190 BA
1767 4142 1891 4204 967,
1918 4145 1983 4193 32
2021 4140 2192 4209 τριῶν
2226 4140 2412 4209 μερῶν
2452 4134 2624 4208 λόγου
2661 4137 2989 4206 παράθεσίς
3025 4134 3163 4208 ἐστι,

577 4224 680 4294 τῆς
717 4220 821 4280 διά
855 4223 1189 4295 προθέσεως
1224 4224 1325 4278 καὶ
1361 4220 1463 4278 τοῦ
1504 4212 1537 4276 ὅ
1561 4216 1788 4293 ἄρθρου
1813 4215 2207 4278 ὑποτακτικοῦ
2231 4223 2333 4278 καὶ
2358 4220 2461 4279 τοῦ
2487 4226 2548 4279 τί
2567 4216 2849 4292 ὀνόματος
2876 4217 3164 4293 ἀορίστου.

713 4393 908 4450 Dsscn.
945 4413 1144 4449 scnnvr.
1216 4399 1383 4448 3-4.
1430 4393 1740 4448 ςυνθὲςεως
1774 4391 2013 4446 inscruit
2048 4390 2272 4462 GUhlig
2333 4394 2343 4461 1
2408 4399 2456 4449 7.
2491 4394 2600 4448 ἔδει
2636 4410 2739 4462 pro
2774 4395 2857 4447 δεῖ
2895 4391 3118 4464 GUhlig
3155 4395 3163 4462 1

578 4485 624 4534 9.
662 4479 977 4547 αἰτιατικὴν
1013 4479 1077 4547 b,
1122 4494 1432 4546 αιτιατικης
1469 4479 1511 4532 Α
1565 4481 1574 4544 Ι
1632 4484 1710 4535 ιι.
1748 4476 2015 4545 αἰτιώδης
2051 4477 2115 4543 b,
2164 4478 2463 4544 ςυνδεςμος
2499 4479 2541 4532 Α
2596 4480 2605 4545 Ι
2664 4484 2739 4532 15.
2776 4480 2865 4532 διὰ
2899 4483 3075 4533 τοῦτο
3110 4476 3166 4544 b,

577 4565 666 4618 δια
690 4581 863 4619 τουτο
882 4582 1008 4632 φως
1030 4580 1176 4619 εςτιν
1202 4565 1246 4617 Α
1269 4565 1277 4632 Ι
1304 4569 1382 4617 17.
1408 4563 1673 4617 τοιοῦτόν
1691 4562 1858 4630 ἐςτιν,
1880 4563 1969 4616 δτι
1987 4561 2081 4615 vel
2105 4562 2174 4616 τὸ
2195 4563 2462 4617 τοιοῦτόν
2482 4562 2646 4627 ἐςτιν,
2675 4565 2765 4616 ὅτι
2789 4561 3165 4628 RSchncider‚

577 4650 843 4703 τοιοῦτόν
878 4650 1017 4715 ἑςτι,
1054 4651 1198 4704 διότι
1236 4648 1326 4702 Ab
1358 4649 1366 4716 Ι
1397 4653 1615 4704 21-22.
1654 4648 2048 4701 ανταποδωςιν
2086 4649 2128 4702 Α
2159 4648 2169 4716 Ι
2200 4653 2282 4701 22.
2319 4650 2350 4701 6
2385 4665 2438 4700 τι
2473 4644 2861 4714 RSchneider,
2898 4648 2988 4701 ὅτι
3024 4647 3116 4700 ΑΙ)
3155 4662 3164 4732 Ι

579 4737 662 4786 25.
717 4733 861 4799 εἶὲν,
917 4736 1083 4802 εὔὰν,
1139 4731 1262 4788 εὐοῖ
1315 4730 1566 4802 GUhh’g,
1619 4732 1846 4799 εὔαδεν,
1904 4736 2025 4787 εῠοῑ
2073 4730 2189 4797 Ab,
2249 4732 2386 4786 εὐᾶν
2438 4747 2540 4800 pro
2594 4733 2796 4786 εὔαδεν
2848 4732 3170 4785 coniecerat

577 4813 824 4884 KLchrs,
873 4819 997 4871 εὐοῖ
1031 4834 1133 4885 pro
1172 4819 1291 4871 εὐοῖ
1325 4817 1625 4887 scripserat
1659 4815 1831 4871 ctiam
1867 4814 2229 4871 ChALobcck
2267 4820 2276 4882 Ι
2315 4821 2532 4871 27-28.
2573 4835 2608 4884 η
2644 4816 2703 4869 in
2738 4819 3167 4883 παραλαμβανο-

578 4916 756 4969 μενην
796 4916 930 4955 voce
966 4900 1234 4969 scriptum
1272 4901 1343 4953 ab
1382 4903 1459 4956 Ατ
1492 4901 1551 4954 in
1587 4918 1779 4956 rasura
