3738 5530
663 311 1105 369 Commentarius
1134 313 1362 369 criticus
1390 316 1449 369 et
1477 313 1796 385 exegeticus
1825 314 1885 369 in
1912 313 2199 385 Apollonii
2227 314 2455 385 Dyscoli
2484 316 2693 388 scripta
2719 317 2951 373 minora.
3041 319 3128 385 55

509 485 728 544 relatas
792 500 915 544 esse
978 482 1328 561 perhiberet.
1422 483 1551 554 Quo
1614 485 1775 543 facto
1837 484 1967 544 fieri
2030 503 2151 545 non
2202 485 2404 562 potuit
2458 485 2603 562 quin
2657 488 2721 545 in
2776 486 2870 548 his
2925 488 3122 548 verbis

517 575 621 648 29,
643 575 721 632 21
756 568 1063 648 δεύτερον
1100 605 1189 616 —
1228 575 1331 648 30,
1352 575 1392 632 4
1423 569 1582 636 αὐτό
1618 572 1903 634 haereret.
1984 572 2179 644 Quare
2216 577 2323 634 aut
2358 574 2624 636 eicienda
2659 595 2730 636 ea
2765 595 2891 637 esse
2927 581 3127 638 censet

510 657 659 744 (quo
722 662 899 723 modo
957 681 1157 723 omnes
1211 663 1478 740 profecto
1532 662 1914 723 difficultates
1967 663 2252 724 facillime
2305 655 2656 746 tolluntur),
2720 668 2827 725 aut
2888 670 3126 743 praeter

510 751 879 812 adversarios
918 752 1249 829 superiores
1287 752 1382 811 vel
1418 752 1777 830 principales
1814 753 2001 811 alium
2038 752 2338 830 quendam
2374 753 2780 814 adversarium
2815 758 3124 833 tamquam

507 842 848 901 inferiorem
891 840 1271 901 statuendum
1309 860 1460 901 esse:
1507 835 1730 900 ‘indem
1765 842 1895 901 hier
1932 841 2063 902 dem
2094 841 2401 902 Verfasser
2436 842 2629 903 einfiel
2650 835 2759 926 (?)‚
2803 863 2863 905 es
2900 845 3122 906 konnte

509 950 606 991 am
634 931 802 991 Ende
826 931 867 989 J
869 930 1082 990 emand
1119 963 1207 972 —
1243 930 1409 991 nicht
1434 931 1539 991 der
1563 930 1994 1010 Hauptgegner
2027 964 2102 973 ——
2138 933 2247 991 auf
2268 932 2383 991 den
2411 931 2636 992 Einfall
2664 934 2959 1010 hominen,
2986 934 3120 1010 τηλ.

509 1021 607 1080 fiir
662 1023 759 1081 ein
802 1019 1222 1097 Kompositum
1283 1021 1406 1080 und
1469 1020 1734 1081 dennoch
1799 1023 1896 1080 ein
1942 1021 2170 1081 Nomen
2227 1041 2299 1080 zu
2351 1016 2599 1083 halten.'
2699 1022 2917 1083 Fateor
2974 1025 3122 1084 mihi

507 1109 635 1171 veri
689 1109 1152 1170 dissimillimum
1204 1109 1396 1170 videri
1438 1110 1550 1188 Ap.
1607 1113 1843 1188 praeter
1896 1129 2068 1170 veros
2123 1111 2491 1172 adversarios
2548 1131 2769 1172 novum
2823 1112 3119 1190 quendam

508 1199 622 1259 sibi
681 1199 931 1259 finxisse.
1024 1199 1222 1259 Unum
1279 1200 1751 1260 adversariorum
1805 1219 1990 1277 genus
2044 1202 2374 1280 impugnat.
2466 1200 2713 1262 Accedit
2758 1202 2912 1262 alter
2955 1204 3117 1263 locus

508 1308 627 1366 quo
686 1308 819 1348 mea
879 1290 1174 1349 sententia
1232 1290 1446 1349 nititur
1507 1291 1611 1365 30,
1632 1291 1713 1350 23
1778 1284 1992 1350 ἄλλως
2045 1305 2114 1351 τε
2150 1322 2239 1333 -
2279 1291 2438 1364 31,1
2495 1288 2796 1365 ληρῶδες.
2899 1285 3118 1353 ‘Wenn

507 1378 610 1438 der
664 1382 816 1439 erste
873 1376 1013 1437 Satz
1066 1378 1338 1439 wirklich
1392 1378 1599 1439 Worte
1652 1379 1754 1439 des
1810 1378 2072 1459 Gegners
2136 1379 2447 1454 enthielte‚
2509 1380 2621 1440 wie
2677 1380 2995 1441 Schneider
3055 1401 3117 1442 es

507 1468 781 1543 auffal'st,
844 1467 1004 1527 (1333
1063 1468 1349 1527 33111333
1404 1486 1466 1528 33
1521 1468 1845 1547 allerdings
1911 1462 2120 1551 (immo
2167 1471 2439 1546 apertum
2485 1461 2621 1550 est),
2684 1469 2776 1530 als
2832 1470 2906 1530 ob
2962 1472 3119 1530 auch

508 1556 698 1617 dieser
759 1575 878 1617 von
940 1553 1231 1630 ὀνόματα
1293 1559 1554 1635 33133113.
1646 1557 1823 1617 Dann
1889 1558 2089 1618 warde
2153 1559 2249 1618 ich
2309 1558 2460 1618 noch
2514 1559 2726 1618 immer
2779 1559 2946 1620 nicht
3002 1560 3115 1620 den

509 1648 716 1707 klaren
784 1645 1299 1725 Grundgedanken
1361 1646 1462 1707 des
1525 1667 1752 1727 ganzen
1813 1646 2163 1709 Abschnitts
2227 1647 2518 1727 ausgeben
2532 1693 2549 1723 ‚
2612 1647 2868 1708 sondern
2931 1649 3119 1710 lieber

505 1736 633 1796 hier
677 1736 806 1797 eine
845 1734 1158 1813 Corruptel
1201 1737 1527 1796 annehmen
1577 1730 1642 1819 (i.
1683 1755 1751 1813 e.‚
1795 1736 1860 1796 ni
1898 1736 2091 1813 fallor,
2139 1731 2597 1814 ‘huncquoque
2642 1738 2679 1797 1.
2728 1732 3115 1821 deleverim').

507 1825 668 1885 Aber
712 1845 773 1885 es
820 1825 1118 1885 brauchen
1155 1827 1224 1902 ja
1269 1845 1379 1905 gar
1423 1826 1590 1886 nicht
1634 1825 1842 1886 Worte
1888 1825 1990 1886 des
2036 1825 2295 1906 Gegners
2342 1845 2417 1885 zu
2461 1826 2619 1886 sein:
2679 1846 2744 1887 er
2788 1828 2974 1888 selbst
3016 1827 3116 1887 be-
3144 1866 3159 1880 ·

503 1916 747 1990 richtet,
812 1915 949 1974 dass
1005 1914 1163 1974 diese
1222 1909 1511 1989 ὀνόματα
1576 1908 1788 1996 ((131131·
1842 1935 1995 1994 ganz
2039 1916 2260 1994 richtig
2306 1912 2410 1988 τά,
2470 1935 2595 1976 was
2642 1915 2772 1975 Sch.
2820 1916 3116 1977 sti-eichen

505 1996 687 2086 will),
750 2003 1030 2064 wahrend
1088 2004 1173 2063 sie
1219 2025 1333 2065 nur
1378 2000 1744 2079 ὸμοιώςεως
1790 2005 1955 2082 sind,
2018 2005 2168 2066 doch
2214 2006 2329 2065 den
2376 2004 2590 2065 Schein
2637 2007 2965 2083 erwecken,
3020 2007 3116 2067 die

505 2093 790 2171 Meinung
843 2093 1256 2168 hervorrufen‚
1316 2093 1405 2153 als
1451 2094 1525 2155 ob
1573 2096 1658 2154 313
1705 2092 1836 2153 τῶν
1884 2090 2322 2168 ὑποκειμένων
2369 2094 2561 2156 δεῖξιν
2607 2091 3114 2169 παριςτάνουςιν.

508 2183 738 2243 Ebenso
784 2182 1013 2259 spricht
1058 2202 1122 2242 er
1168 2203 1212 2242 z.
1248 2183 1314 2241 Β.
1367 2184 1446 2243 95
1478 2178 1575 2242 A?
1666 2183 1749 2242 At
1794 2184 2053 2260 primum
2099 2184 2337 2261 quidem
2383 2204 2528 2243 num
2571 2185 2885 2261 praeteriit
2927 2185 3113 2245 Hoer-

506 2272 949 2332 schelmannum
1002 2272 1148 2332 haec
1201 2272 1274 2331 de
1331 2272 1544 2349 quibus
1599 2274 1836 2351 agimus
1892 2273 2075 2332 verba
2120 2273 2270 2332 nihil
2317 2291 2442 2334 esse
2487 2272 2603 2333 nisi
2649 2274 2894 2334 tertium
2942 2294 3113 2354 argu-

502 2363 770 2422 mentum
837 2363 940 2436 29,
963 2362 1220 2420 15—16
1240 2407 1256 2438 ,
1318 2361 1514 2422 verbis
1576 2362 1915 2439 paullulum
1979 2361 2268 2422 mutatis?
2377 2362 2589 2439 Itaque
2652 2363 2803 2422 nihil
2868 2365 3116 2424 interest

505 2455 706 2511 utrum
759 2451 922 2528 ipsos
978 2450 1350 2511 adversarios
1404 2452 1714 2527 loquentes
1769 2471 1845 2511 an
1904 2450 2017 2529 Ap.
2079 2471 2283 2512 eorum
2346 2452 2702 2512 sententiam
2762 2453 3115 2513 referentem

503 2540 719 2601 facias:
782 2543 941 2600 certe
995 2559 1114 2599 non
1173 2541 1362 2617 ipsius
1409 2543 1500 2601 est
1545 2540 1646 2601 sed
1694 2540 2165 2602 adversariorum
2213 2541 2371 2619 quod
2417 2542 2647 2617 profert
2689 2544 3117 2619 commentum3

504 2630 683 2706 idque
739 2630 831 2689 his
886 2629 1080 2690 verbis
1146 2624 1307 2704 ὅπερ
1366 2624 1532 2702 ἄγαν
1581 2625 1707 2691 ἐςτὶ
1753 2629 2039 2704 ληρῶδες
2103 2630 2543 2707 apertissimum
2602 2628 2685 2691 fit.
2778 2630 2908 2692 Hac
2955 2633 3113 2691 enim

505 2719 762 2779 formula
825 2723 885 2780 et
948 2717 1241 2780 similibus
1304 2720 1693 2780 refutationes
1759 2720 1981 2781 centies
2045 2720 2292 2781 orditur.
2393 2718 2621 2780 Deinde
2685 2715 2765 2780 τὰ
2826 2715 3117 2796 ὀνόματα

511 2805 874 2883 ὸμοιώςεώς
930 2805 1056 2871 ἐςτι
1113 2808 1351 2869 omnino
1407 2809 1522 2869 (1131
1578 2811 1812 2887 nequit3
1877 2812 1983 2870 aut
2038 2810 2350 2870 dicendum
2405 2813 2535 2870 erat
2579 2805 2944 2886 ὁμοιώςεώς
2989 2807 3117 2872 ἐςτι

506 2893 937 2974 παραςτατικά
982 2900 1112 2959 sim.
1162 2902 1269 2959 aut
1314 2900 1398 2959 sic
1443 2898 1818 2959 scribendum
1863 2902 1934 2959 ut
1978 2899 2215 2977 scripsi.
2273 2892 2424 2981 (scil.
2473 2895 2548 2959 τὸ
2595 2898 2967 2974 τηλικοῦτος
3012 2898 3117 2962 καὶ

506 2979 828 3068 τοιοῦτος)
888 2983 1253 3061 ὁμοιώςεως
1308 2984 1469 3048 ὄντα
1524 2984 1829 3062 ὀνόματα.
1924 2987 2096 3048 Oerte
2143 2984 2433 3064 ὀνόματα
2479 2989 2889 3065 nominantur,
2934 2988 3115 3067 idque

509 3077 582 3137 ab
631 3076 1005 3153 adversariis,
1049 3097 1168 3137 non
1215 3078 1289 3136 ab
1335 3078 1448 3155 Ap.

686 3166 812 3226 Nec
870 3186 1008 3226 vero
1073 3170 1142 3226 ut
1203 3187 1397 3227 meam
1459 3167 1892 3245 interpretandi
1945 3168 2240 3228 rationem
2292 3167 2506 3227 falsam
2562 3186 2689 3228 esse
2735 3168 3114 3244 demonstres,

503 3255 595 3315 his
644 3255 1119 3316 adversariorum
1161 3256 1358 3317 verbis
1403 3256 1520 3317 niti
1563 3257 1706 3316 licet
1768 3250 2077 3338 (Hoersch.
2127 3249 2283 3338 382)
2351 3259 2453 3333 29,
2477 3259 2558 3316 14
2607 3252 2770 3333 ὅπερ
2816 3253 2916 3318 ἐπ’
2963 3254 3112 3319 ὀνο-

507 3341 726 3419 μάτων
773 3341 853 3406 οὐ
901 3341 1221 3420 ςυμβαίνει
1259 3348 1320 3405 et
1355 3347 1447 3406 his
1488 3349 1692 3421 29,16
1733 3341 1973 3408 τούτου
2013 3343 2093 3421 μὴ
2132 3345 2783 3421 παρακολουθοῦντος
2820 3341 3112 3421 ὀνόμαςι;

504 3435 596 3494 1113
660 3435 818 3493 33131
881 3434 1032 3493 nihil
1092 3435 1475 3512 comprobare
1535 3436 1747 3496 volunt
1801 3436 1917 3496 nisi
1971 3436 2119 3510 hoc,
2171 3438 2549 3510 posteriorem
2592 3436 2834 3496 illorum
2880 3456 3114 3515 compo·

508 3526 756 3585 sitorum
809 3528 1044 3599 partem
1108 3543 1232 3585 esse
1297 3518 1488 3586 οὗτος
1545 3544 1887 3603 pronomen.
1978 3524 2121 3586 Noli
2176 3528 2375 3585 autem
2419 3545 2585 3585 meae
2631 3527 2958 3586 sententiae
3002 3525 3113 3586 hoc

507 3632 829 3691 opponere,
888 3615 952 3672 13
997 3614 1108 3673 1133
1155 3614 1520 3691 antonymici
1563 3617 1736 3691 parte
1781 3614 1852 3674 de
1900 3614 1984 3674 313
2031 3614 2273 3676 vocibus
2320 3615 2446 3692 agi,
2503 3633 2654 3690 quae
2700 3614 2851 3675 falso
2896 3635 3110 3693 prono-

504 3703 761 3762 minibus
806 3702 1204 3779 ascribantur,
1268 3704 1474 3780 itaque
1519 3704 1582 3762 in
1627 3703 1904 3763 merismo
1951 3702 2247 3763 cardinem
2295 3704 2380 3763 rei
2428 3704 2678 3778 versari,
2742 3705 2992 3765 alteram
3037 3704 3110 3764 de

505 3792 928 3869 compositione
975 3793 1382 3868 quaestionem
1427 3796 1736 3870 tamquam
1782 3791 2195 3853 secundariam
2240 3811 2365 3853 esse
2412 3785 2721 3873 (Hoersch.
2770 3785 2958 3875 381);
3004 3793 3111 3853 δυ-

505 3876 687 3955 νάμει
742 3881 901 3941 33113
953 3881 1048 3941 1111
1102 3901 1249 3958 quos
1304 3884 1621 3960 impugnat
1673 3882 1787 3960 Ap.
1843 3900 2015 3942 voces
2070 3880 2265 3957 τηλικ.
2326 3881 2619 3943 τοιοῦτος
2665 3881 3112 3958 pronominibus

506 3971 916 4047 ascripserant.
1007 3970 1165 4030 Nam
1202 3971 1253 4030 si
1290 3972 1605 4031 evicissent
1641 3965 1832 4032 οὗτος
1878 3972 2089 4046 133333,
2134 3971 2333 4047 3113111,
2369 3971 2642 4048 quamvis
2679 3972 2854 4030 inviti
2892 3963 3113 4052 (legem

506 4061 664 4119 enim
718 4056 798 4120 τὰ
852 4056 1003 4135 τέλη
1052 4056 1375 4137 ἐπικρατεῖ
1420 4063 1526 4119 aut
1569 4080 1686 4121 non
1735 4063 2139 4139 cognoverunt
2185 4063 2290 4120 aut
2334 4080 2452 4120 non
2500 4052 2923 4143 agnoverunt),
2978 4081 3113 4138 pro·

506 4149 748 4209 nomina
793 4149 900 4209 illa
945 4168 1070 4211 esse
1116 4149 1610 4227 comprobassent.
1705 4149 1960 4210 Omnino
2006 4169 2125 4211 non
2172 4149 2236 4210 in
2270 4149 2334 4208 id
2370 4150 2805 4226 inquisiverant
2838 4150 2932 4209 illi
2970 4151 3111 4227 quid

507 4238 579 4299 de
623 4239 900 4299 merismo
945 4239 1156 4300 horum
1193 4239 1596 4316 similiumque
1632 4238 2053 4300 vocabulorum
2090 4239 2471 4300 statuendum
2508 4241 2678 4314 esset,
2724 4238 2827 4299 sed
2862 4239 2925 4298 in
2962 4240 3114 4300 illud

505 4328 705 4405 potius
720 4372 736 4404 ,
783 4331 1052 4389 essentne
1097 4329 1387 4389 vocabula
1432 4328 1759 4406 composita
1803 4347 2002 4389 necne.
2092 4329 2190 4389 Ita
2234 4328 2303 4388 fit
2346 4331 2417 4388 ut
2460 4331 2591 4389 tota
2634 4329 2990 4406 disceptatio
3039 4329 3114 4388 ab

502 4418 594 4478 his
657 4417 851 4477 verbis
917 4418 1169 4495 incipiat
1232 4413 1324 4478 Τὸ
1371 4416 1743 4493 τηλικοῦτος
1797 4414 1902 4478 καὶ
1947 4418 2242 4479 τοιοῦτος
2281 4466 2292 4477 .
2333 4465 2345 4476 .
2385 4412 2731 4489 ςύνθετα,
2797 4412 2886 4479 ὥς
2944 4434 3112 4479 τινες

504 4501 848 4582 ὑπέλαβον,
895 4510 957 4567 et
1002 4506 1276 4584 deinceps
1322 4505 1424 4568 καὶ
1468 4503 1631 4582 ὑπὲρ
1677 4505 1793 4581 μὲν
1840 4506 1952 4581 τῆς
2000 4503 2414 4568 ςυνθέςεως
2460 4503 2615 4567 τάδε
2656 4503 2736 4567 τὰ
2773 4503 3110 4582 κεφάλαια.

504 4594 705 4655 Etiam
750 4596 813 4655 in
859 4616 929 4656 ea
974 4598 1320 4672 quaestione
1366 4616 1517 4674 quae
1562 4599 1772 4673 postea
1816 4596 1888 4656 de
1935 4592 2261 4671 ἡμεδαπός
2307 4598 2369 4656 et
2412 4591 2737 4671 ὑμεδαπός
2774 4596 3113 4657 instituitur

506 4676 640 4765 (31,
664 4686 744 4745 13
774 4678 891 4768 sq.)
953 4686 1147 4763 primo
1201 4686 1330 4747 loco
1385 4685 1448 4745 id
1504 4686 1812 4762 quaeritur
1855 4688 2051 4746 sintne
2097 4687 2423 4763 composita
2467 4704 2647 4746 necne
2712 4681 2868 4763 (Τῆς
2916 4681 3112 4760 αὐτῆς

506 4770 820 4848 ζητήςεως
865 4769 1166 4849 τυγχάνει
1212 4771 1288 4836 τὸ
1333 4770 1661 4849 ἡμεδαπός
1707 4772 1810 4835 καὶ
1846 4770 2218 4852 ὑμεδαπός).
2296 4774 2508 4852 Itaque
2544 4776 2727 4835 miror
2762 4774 3108 4836 Hoerschel-

505 4881 789 4923 mannum
833 4863 944 4923 hoc
991 4867 1342 4941 argumento
1378 4866 1471 4925 ufi
1508 4856 1698 4947 (381)
1746 4859 2063 4925 ‘Zweitens
2100 4863 2231 4942 gibt
2266 4864 2391 4924 sich
2419 4864 2534 4942 Ap.
2570 4864 2634 4923 in
2670 4865 2861 4925 seiner
2878 4864 3108 4925 Wider-

509 4952 730 5031 1331133
777 4953 892 5012 3113
940 4953 1311 5014 erdenkliche
1356 4954 1533 5013 Mflhe
1580 4975 1650 5014 zu
1695 4954 2007 5030 beweisen,
2052 4953 2180 5013 dass
2227 4955 2311 5014 sie
2356 4953 2522 5014 nicht
2556 4954 2932 5032 Pronomina,
2978 4972 3109 5015 son·
