3738 5530
302 1350 434 1397 nm
463 1351 492 1389 b
676 1330 874 1420 Πάςῃ
933 1336 1095 1402 λέξει
1137 1336 1537 1414 παρέπονται
1593 1335 1713 1400 δύο
1769 1334 1987 1418 λόγοι,
2045 1333 2083 1397 ὅ
2135 1355 2203 1398 τε
2247 1334 2394 1412 περὶ
2445 1337 2555 1411 τῆς
2611 1334 2865 1399 ἐννοίας
2910 1335 3012 1399 καὶ
3055 1335 3094 1398 ὁ

501 1440 648 1518 περὶ
705 1442 821 1503 τοῦ
867 1437 1180 1518 ςχήμάτος
1222 1442 1333 1515 τῆς
1378 1441 1620 1518 φωνῆς.
1695 1437 1847 1502 ὅθεν
1892 1437 1995 1501 καὶ
2047 1436 2086 1514 ἡ
2131 1443 2264 1501 τῶν
2310 1435 2753 1515 ἐπιρρημάτων
2806 1436 3094 1501 διέξοδος

501 1539 589 1606 εἰς
619 1541 770 1606 τοὺς
798 1540 1262 1620 προκειμένους
1306 1539 1545 1614 λόγους
1587 1538 2103 1616 ὑποςταλήςεται.
2164 1539 2268 1601 καὶ
2306 1537 2629 1616 πρότερόν
2672 1558 2745 1612 γε
2789 1537 2905 1602 τόν
2950 1538 3095 1615 περὶ

421 1656 447 1695 ⁵
502 1646 616 1721 τῆς
661 1642 915 1707 ἐννοίας
962 1640 1164 1718 λόγον
1208 1641 1569 1719 ποιήςομαι.

394 1963 443 1999 10

393 2366 444 2406 15

670 1744 874 1808 ’Έςτιν
921 1742 1041 1807 οὖν
1098 1742 1409 1823 ἐπίρρημα
1463 1743 1577 1823 μὲν
1625 1743 1787 1806 λέξις
1831 1740 2115 1817 ἄκλιτος,
2175 1745 2618 1820 κατηγοροῦςα
2660 1744 2791 1806 τῶν
2841 1741 2912 1807 ἐν
2955 1744 3092 1808 τοῖς
3130 1759 3161 1808 5

500 1846 762 1925 ρήμαςιν
808 1845 1146 1921 ἐγκλίςεων
1176 1845 1459 1909 καθόλου
1501 1845 1539 1923 ἢ
1582 1844 1882 1925 μερικῶς,
1927 1841 2022 1907 ὧν
2053 1842 2210 1907 ἄνευ
2242 1843 2321 1907 οὐ
2354 1843 2736 1908 κατακλείςει
2774 1842 3089 1909 διάνοιαν.

667 1947 810 2010 Ὅτι
853 1948 969 2026 μὲν
1010 1945 1130 2010 οὖν
1173 1946 1266 2011 ἑνὶ
1297 1950 1691 2028 ςχηματιςμῷ
1734 1945 2052 2023 κέχρηται,
2097 1944 2435 2023 προῦπτόν
2467 1945 2653 2021 ἐςτιν,
2699 1946 3087 2012 ἀποδείξεως

496 2047 952 2127 παρεπομένης
996 2047 1310 2125 τοιαύτης.
1360 2083 1435 2092 -
1494 2046 1566 2111 Ἡ
1619 2049 1754 2111 τῶν
1800 2045 2143 2125 ὀνομάτων
2190 2047 2476 2111 ςύνταξις
2519 2048 2684 2126 πρὸς
2727 2049 2805 2112 τὰ
2850 2048 3097 2127 ῥήματα

496 2150 822 2227 παρίςτηςι
852 2149 1127 2213 διάθεςιν
1159 2148 1619 2229 ἐγγιγνομένην
1643 2152 1782 2213 τοῖς
1805 2151 2168 2225 πτωτικοῖς,
2202 2147 2338 2211 ἔςθ’
2368 2147 2475 2213 ὅτε
2508 2150 2608 2213 καὶ
2637 2154 2768 2214 τῶν
2799 2150 3091 2225 πλαγίων

496 2251 807 2316 πτώςεων
840 2250 1673 2332 ςυμπαραλαμβανομένων,
1720 2249 1837 2330 ἐφ’
1879 2248 1953 2333 ἃς
1983 2251 2084 2313 καὶ
2115 2248 2419 2314 ςυντείνει
2463 2250 2502 2328 ἡ
2550 2251 2827 2331 διὰβαςις
2871 2251 2909 2328 ἡ
2956 2249 3086 2316 ἀπὸ
3129 2267 3192 2315 10

495 2356 611 2431 τῆς
657 2351 996 2430 ἐνεργείας.
1070 2349 1215 2416 οῐον
1260 2352 1311 2416 Τ
1312 2373 1362 2431 ρ
1381 2352 1417 2416 ύ
1431 2374 1482 2433 φ
1496 2373 1552 2416 ω
1569 2373 1606 2417 ν
1651 2373 1697 2414 π
1713 2373 1744 2415 ε
1760 2372 1795 2431 ρ
1812 2371 1992 2415 ιπατ
2007 2371 2036 2414 ε
2051 2354 2100 2414 ἲ·
2156 2352 2195 2430 ἡ
2242 2350 2512 2416 διάθεςις
2557 2352 2594 2430 ἡ
2642 2352 2711 2415 ἐκ
2753 2356 2869 2421 τοῦ
2914 2373 3088 2430 περι-

495 2457 688 2518 πατεῖ
731 2453 833 2517 ἐπὶ
874 2452 991 2518 τὸν
1037 2453 1368 2534 Τρύφωνα
1412 2454 1736 2518 ςυντείνει.
1810 2452 2149 2533 Τρύφων
2202 2452 2473 2517 τύπτει
2517 2454 2904 2519 Διονύςιο
2922 2473 2988 2519 ν·
3045 2455 3086 2533 ἡ

496 2556 568 2620 ἐκ
611 2559 728 2619 τοῦ
772 2554 1134 2634 Τρύφωνος
1190 2554 1466 2633 διάβαςις
1525 2554 1889 2633 ἐνεργητικὴ
1936 2553 2356 2634 διαβιβάζεται
2401 2553 2503 2617 ἐπὶ
2545 2555 2664 2619 τὸν
2708 2555 3081 2620 Διονύςιον.

495 2658 598 2721 καὶ
628 2655 734 2720 ἐπὶ
763 2659 1106 2734 παθητικῆς
1143 2657 1501 2739 διαθέςεως,
1543 2654 1692 2722 ὑπὸ
1735 2654 2178 2735 Τρύφωνος
2218 2655 2510 2719 τύπτετ
2529 2676 2603 2719 αι
2641 2656 3033 2721 Διονύςιο
3052 2677 3084 2721 ς

632 2845 845 2895 Anava.
896 2848 945 2894 ·1
996 2841 1246 2895 Primum
1291 2842 1361 2896 de
1406 2840 1466 2895 vi
1510 2858 1577 2896 ac
1620 2841 1878 2906 notione,
1926 2839 2131 2894 deinde
2175 2840 2246 2894 de
2281 2840 2463 2895 forma
2509 2857 2575 2895 ac
2610 2841 2796 2910 specie
2834 2840 3092 2895 adverbii

495 2925 798 2980 dicendum
835 2927 958 2984 erit.
997 2953 1070 2966 -·
1100 2932 1133 2981 5
1167 2925 1452 2993 Definitio,
1491 2926 1648 2981 cuius
1682 2927 1874 2995 partes
1910 2924 2239 2994 singillatim
2262 2927 2682 2993 percensentur.
2720 2957 2785 2965 —
2827 2933 2857 2980 7
2893 2928 2936 2993 1)
2973 2925 3088 2978 Ad-

495 3010 695 3064 verbia
734 3009 1160 3064 indeclinabilia
1201 3011 1347 3067 sunt.
1437 3010 1659 3065 Neutra
1708 3009 2145 3076 adiectivorum,
2199 3009 2299 3062 ubi
2351 3009 2748 3064 adverbiorum
2801 3010 3089 3064 notionem

492 3094 765 3162 induunt,
802 3094 928 3163 ipsa
960 3110 1185 3164 quoque
1223 3095 1518 3150 flexionem
1554 3112 1668 3150 non
1705 3093 2015 3164 patiuntur.

634 3263 858 3318 Tne-rm.
927 3269 959 3317 5
993 3263 1174 3319 Schol.
1200 3262 1364 3321 Dion.
1389 3262 1521 3318 Thr.
1544 3261 1654 3315 BA
1678 3280 1732 3331 p.
1759 3267 1884 3330 931,
1911 3269 1977 3318 33
2005 3258 2289 3334 ἔπίρρημοὶ
2325 3258 2440 3318 ἔστι
2468 3261 2618 3330 λέξις
2643 3267 2876 3327 ακλιτος
2901 3284 3078 3333 κατη-

493 3349 745 3419 γοροῦσα
780 3350 893 3403 τῶν
930 3342 992 3402 ἒν
1032 3353 1149 3409 τοῖς
1184 3344 1436 3418 ᾆήμασιν
1473 3343 1776 3417 ἔγκλίσεων
1812 3344 2075 3402 καθόλου
2112 3338 2147 3416 ἦ
2185 3350 2456 3416 μερικῶς,
2493 3337 2573 3401 ὧν
2610 3368 2752 3403 ανευ
2789 3342 2856 3403 οὐ
2905 3367 3082 3402 κατα-

494 3437 676 3489 κλείει
712 3430 1003 3488 διάνοιαν.
1071 3432 1238 3487 Prisc.
1276 3431 1406 3499 XV,
1448 3437 1474 3485 1
1511 3450 1567 3500 p.
1605 3436 1695 3499 60,
1738 3437 1761 3485 1
1801 3431 1975 3486 Hertz
2018 3432 2358 3486 Adverbium
2403 3437 2479 3486 est
2506 3448 2649 3500 pars
2681 3433 2954 3487 orationis
2987 3433 3076 3486 in·

496 3518 872 3578 declinabilis,
918 3518 1078 3572 cuiue
1121 3518 1454 3587 siqnificatio
1496 3518 1672 3572 verbis
1716 3517 1967 3572 adicitur
2000 3558 2017 3574 .
2053 3561 2065 3573 .
2102 3516 2248 3572 Sunt
2291 3518 2469 3586 ἐρέτην
2503 3517 2773 3585 quaedam
2807 3518 3088 3583 adverbia,

497 3621 640 3674 quae
681 3604 933 3658 omnibus
976 3602 1357 3657 convenienter
1389 3602 1676 3657 sociantur
1718 3602 2049 3669 temporibus
2084 3648 2096 3661 .
2138 3648 2150 3660 .
2187 3643 2200 3656 .
2237 3607 2369 3656 sunt
2403 3602 2549 3668 alia,
2598 3618 2738 3670 quae
2780 3618 2905 3656 cum
2937 3617 3088 3671 sepa·

496 3689 667 3744 ratim
689 3694 936 3756 tempora
956 3688 1278 3756 siqnificant
1291 3727 1305 3751 ‚
1337 3686 1640 3741 necessario
1662 3683 1964 3754 separatim
1984 3687 2063 3741 eis
2084 3688 2504 3755 coniunyuntur
2528 3727 2541 3740 .
2569 3728 2579 3740 .
2610 3733 2622 3744 .
2646 3691 2777 3741 sunt
2801 3703 2941 3755 quae
2965 3704 3089 3741 cum

496 3774 745 3827 omnibus
780 3776 909 3839 apte
940 3772 1225 3825 sociantur
1257 3771 1435 3826 modis
1469 3811 1484 3825 .
1521 3817 1533 3829 .
1569 3776 1701 3824 swnt
1734 3786 1874 3839 quae
1908 3785 2020 3824 non
2054 3771 2304 3825 onmibus
2337 3770 2514 3825 modis
2540 3777 2775 3839 possunt
2807 3771 3088 3840 coniunyi.

495 3857 634 3911 ibid.
678 3874 736 3926 p.
782 3862 875 3923 62,
914 3861 977 3909 16
1019 3855 1097 3913 Ec
1130 3856 1352 3910 verbum
1394 3853 1615 3924 quidem
1657 3856 1776 3908 sine
1820 3855 2079 3910 adverbio
2114 3854 2415 3923 perfectam
2454 3860 2634 3923 potest
2675 3855 2871 3909 habere
2915 3855 3118 3931 siam·-⁴

495 3941 804 4008 ficationem
816 3960 837 4006 ,·
871 3940 1192 3995 adverbium
1224 3954 1351 3993 vero
1383 3940 1504 3994 sine
1536 3939 1694 4006 verbo
1715 3939 1800 3994 vel
1814 3940 2150 4009 participio,
2188 3941 2333 4008 qaod
2366 3941 2478 3995 vim
2501 3941 2651 3996 verbi
2667 3940 2934 4009 possidet,
2973 3955 3088 3994 non

497 4026 655 4082 habet
678 4026 908 4095 plenam
941 4026 1284 4082 sententiam.

632 4197 817 4251 D1son.
847 4214 1052 4251 semp-r.
1099 4195 1471 4264 Subsequitur
1492 4197 1585 4250 hic
1607 4194 1754 4250 liber
1774 4197 1837 4250 in
1860 4196 2054 4252 codice
2077 4196 2303 4263 librum,
2339 4196 2437 4265 qui
2463 4199 2548 4250 est
2571 4195 2641 4249 de
2666 4195 3086 4261 coniunctione3

497 4282 568 4336 ab
613 4282 777 4336 initio
822 4281 920 4335 fol.
967 4285 1063 4334 114
1087 4299 1130 4336 r.
1177 4281 1391 4350 incipit.
1468 4280 1763 4350 Inscriptio
1810 4298 1940 4349 περι
1975 4300 2080 4350 της
2115 4299 2337 4336 εννοιας
2372 4282 2601 4334 maiusc.
2639 4283 2698 4334 A.
2789 4279 2854 4332 In
2890 4279 3086 4348 primis

496 4367 643 4421 foliis
676 4365 830 4420 haud
864 4381 1070 4435 pauca,
1109 4380 1254 4434 quae
1288 4364 1550 4420 JBekker
1583 4366 1739 4421 nullo
1777 4366 2034 4435 negotio,
2073 4367 2139 4420 ut
2173 4363 2425 4432 videtur,
2462 4365 2630 4435 legit,
2668 4381 2816 4418 nunc
2850 4363 3081 4419 madore

496 4451 611 4505 fere
647 4450 1001 4505 evanuerunt
1027 4450 1037 4518 Ι
1071 4455 1115 4504 1.
1139 4450 1287 4519 πάςῃ
1314 4451 1480 4519 λέξει]
1522 4467 1668 4518 παςη
1707 4455 1769 4505 λε
1808 4466 1969 4504 evan.
2005 4449 2065 4503 in
2095 4453 2139 4505 A
2171 4453 2180 4516 Ι
2211 4468 2301 4504 και
2336 4469 2368 4505 o
2406 4466 2566 4506 evan.
2602 4450 2659 4502 in
2688 4452 2729 4502 A
2760 4452 2768 4516 Ι
2800 4455 2850 4501 2.
2880 4465 3081 4517 επιρρη

498 4551 655 4589 evan.
705 4536 772 4589 et
823 4538 1025 4599 λογους
1068 4534 1186 4588 fere
1234 4550 1394 4587 evan.
1439 4534 1499 4587 in
1544 4537 1588 4589 A
1664 4539 1672 4604 Ι
1747 4542 1794 4589 3.
1844 4551 2062 4590 υποςτα
2109 4551 2269 4588 evan.
2314 4535 2374 4587 in
2422 4535 2494 4602 A,
2548 4535 3084 4600 ὑποδιαςταλήςεται

497 4618 728 4690 EEgger
757 4624 766 4684 Ι
796 4625 847 4673 4.
883 4620 1075 4687 λόγον]
1115 4622 1253 4684 λογο
1289 4636 1449 4673 evan.
1487 4619 1547 4672 in
1572 4621 1616 4673 A
1647 4621 1655 4685 Ι
1686 4626 1734 4674 5.
1761 4620 2173 4687 κατηγοροῡςα]
2202 4636 2308 4672 κατ
2344 4635 2504 4672 evan.
2529 4618 2587 4670 in
2614 4622 2656 4672 A
2689 4620 2700 4684 1
2729 4623 2777 4673 6.
2815 4618 3082 4686 καθόλου]

500 4708 668 4758 θολου
721 4720 877 4758 evan.
928 4702 989 4755 in
1040 4708 1081 4758 A
1145 4706 1153 4771 Ι
1218 4703 1562 4758 κατακλείςει
1613 4704 1679 4770 1),
1735 4708 2054 4759 κατακλιςει
2108 4706 2181 4773 Α,
2236 4703 2552 4757 κατακλείει
2605 4718 2635 4756 e
2691 4701 2861 4759 schol.
2915 4701 3081 4756 Dion.

499 4787 859 4847 RSkrzeozka
887 4792 896 4855 Ι
925 4795 974 4842 9.
1000 4805 1405 4855 εγγιγνομενην
1431 4791 1500 4850 Α,
1537 4790 1902 4855 ἐγγινονένην
1926 4790 1962 4843 11
1995 4798 2004 4858 Ι
2037 4796 2115 4849 12.
2139 4790 2272 4843 ante
2299 4804 2566 4844 ςυντεινει
2593 4786 2807 4857 aliquid
2832 4786 3083 4842 deletum

499 4874 556 4927 in
591 4876 635 4928 A
665 4876 675 4940 Ι
706 4880 788 4928 13.
824 4874 1062 4940 διάβαςις
1098 4874 1221 4943 Ab,
1260 4874 1499 4931 διάθεςις
1537 4873 1987 4931 GFSchoemann
