3738 5530
627 349 1068 404 Commentarius
1098 349 1324 404 criticus
1353 350 1413 403 et
1440 347 1759 418 exegeticus
1786 348 1846 401 in
1876 347 2162 418 Apollonii
2191 346 2419 416 Dyscoli
2447 347 2659 417 scripta
2685 347 2916 403 minora.
3009 350 3093 413 15

483 515 920 594 ἀνεπλήρωεες
976 518 1055 579 ib.
1108 519 1206 594 78,
1232 521 1310 578 12
1360 515 1435 579 τὸ
1483 513 1745 593 (ύνηθεε
1791 512 2216 592 προύκρίνετο
2263 509 2416 600 (scil.
2463 510 2786 601 Homerus)
2826 564 2839 577 .
2879 565 2891 577 .
2931 534 3090 593 προ-

481 605 865 684 παροξύνων
931 602 1474 691 (προπαροξύνειν
1530 607 1714 667 Lehrs
1768 598 1982 667 Arist.²3
2030 599 2217 688 377);
2279 607 2357 666 ib.
2408 609 2554 683 163,
2578 609 2657 666 26
2723 603 3091 683 ἐφυλάξατο

483 691 635 780 (scil.
680 698 1000 774 Homerus3
1044 697 1346 775 praecedit
1390 692 1709 777 Ὁμηρικῇ,
1756 700 1826 756 ut
1876 698 1978 771 78,
2001 699 2079 755 11
2131 692 2208 756 τὸ
2254 692 2597 771 Ὁμηρικὸν
2646 690 2840 779 ἔθος).

660 788 824 847 Haec
882 791 972 847 est
1028 790 1227 864 potius
1287 789 1625 865 excogitata
1681 787 2086 847 inconstantia
2144 786 2239 844 vel
2292 788 2502 847 innata
2556 782 2857 847 δυεκολία
2913 806 3093 862 quam

479 880 726 938 incuria.
822 876 1001 936 Cuius
1056 878 1286 955 generis
1340 878 1500 936 locos
1559 878 1611 936 si
1666 877 1798 952 quis
1853 876 2047 934 facere
2092 895 2210 934 non
2256 878 2455 952 potest
2500 876 2644 952 quin
2692 877 2978 954 corrigat,
3042 878 3091 935 is

482 986 626 1027 sane
670 967 824 1027 miro
871 966 1129 1043 quodam
1174 966 1511 1044 corrigendi
1555 965 1754 1026 studio
1800 965 1895 1025 vel
1941 966 2140 1041 potius
2186 965 2384 1023 furore
2428 966 2774 1041 impellitur.

664 1059 721 1133 8,
745 1059 781 1115 2
847 1051 958 1116 ὅτε
1023 1051 1196 1116 οὕτω
1261 1050 1874 1130 παραλαμβάνονται
1937 1054 1976 1112 i.
2032 1072 2081 1113 e.
2145 1054 2250 1113 ubi
2312 1055 2730 1132 pronominum
2792 1057 3095 1115 notionem

481 1146 718 1206 habent.

657 1235 834 1295 Stoici
871 1238 1065 1295 autem
1098 1236 1152 1294 si
1198 1230 1649 1310 ὁμοφωνίαν
1685 1251 1805 1293 mm
1840 1237 2177 1309 aynosmmt,
2223 1235 2337 1294 sibi
2371 1251 2491 1294 non
2528 1238 2791 1294 constant
2825 1229 2913 1294 ὅ(
2951 1237 3093 1294 arti-

483 1327 680 1385 culum
713 1326 1158 1399 postpositivwn
1203 1326 1468 1384 dicentes.
1557 1324 1721 1384 Nam
1763 1324 1828 1383 id
1872 1325 1926 1383 si
1969 1324 2192 1397 seems,
2240 1324 2382 1398 quid
2420 1324 2492 1383 de
2529 1317 2611 1383 ὅ(
2641 1349 2725 1372 =
2756 1319 2881 1384 ἑό(
2929 1323 3093 1398 (pos-

481 1413 727 1487 sessivo)
775 1418 828 1472 et
869 1415 941 1473 de
985 1408 1069 1473 ὅς
1112 1415 1177 1473 in
1219 1414 1312 1473 his
1356 1415 1585 1473 dicendi
1624 1415 1934 1487 qeneribus
1978 1409 2061 1473 ὃ(
2109 1407 2199 1472 ἂν
2247 1408 2424 1493 ἔλθῃ
2473 1408 2800 1487 μεινάτω
2840 1429 2925 1488 με
2964 1418 3016 1472 et
3050 1408 3089 1487 ἦ

366 1495 372 1502 ’
485 1500 550 1563 δ’
590 1499 676 1564 ὅ(
721 1503 1092 1563 statuendwm
1136 1505 1212 1562 sit
1253 1521 1374 1562 non
1422 1504 1669 1577 liquebit.
1760 1504 2035 1561 Praestat
2071 1505 2254 1577 {qum
2290 1498 2742 1577 ὁμοφωνίαν
2790 1520 3097 1578 agnoscere

487 1594 544 1670 8,
569 1594 758 1652 2—6.
854 1591 941 1651 Cf.
987 1595 1145 1669 synt.
1195 1593 1446 1668 306,14
1469 1610 1596 1669 sqq.
1715 1590 2086 1651 GFSchoem.
2134 1595 2247 1651 art.
2297 1593 2407 1650 23:
2471 1586 2713 1651 ‘Fateor
2770 1592 2918 1651 mihi
2977 1610 3096 1651 non

485 1685 632 1742 satis
669 1683 896 1759 liquere
935 1681 1077 1758 quid
1113 1680 1227 1758 Ap.
1265 1681 1380 1741 sibi
1417 1682 1579 1742 velit.
1655 1679 2052 1741 conturbatos
2102 1675 2537 1760 [ταράεεεεθαι
2582 1675 2688 1741 διά
2742 1698 2799 1741 τι
2856 1685 2946 1740 est
2990 1700 3094 1758 po—

483 1775 603 1832 tius
656 1772 897 1831 haerere
949 1772 1016 1829 in
1069 1789 1132 1829 re
1188 1771 1417 1847 aliqua,
1481 1790 1614 1830 eam
1665 1789 1784 1831 non
1836 1765 2180 1850 agnoscere]
2247 1770 2629 1847 homonymia
2674 1769 2905 1832 Stoicos
2952 1772 3096 1830 arti-

484 1863 647 1921 culos
711 1861 929 1920 dixisse
995 1862 1106 1936 ait,
1173 1862 1274 1936 qui
1339 1880 1456 1920 non
1521 1864 1718 1920 essent
1779 1861 2034 1919 articuli.
2126 1859 2299 1919 Nunc
2345 1862 2544 1919 autem
2590 1860 2835 1919 eandem
2894 1860 3096 1920 homo-

484 1953 750 2028 nymiam
814 1950 1050 2010 obstare
1112 1948 1381 2010 debuisse
1445 1952 1667 2024 innuit,
1732 1968 1805 2008 ne
1866 1944 1941 2011 ὅ(
2004 1949 2451 2026 hypotacticum
2515 1943 2757 2025 ἄρθρον
2817 1949 3097 2023 dicerent,

484 2040 643 2117 quod
695 2041 963 2117 profecto
1016 2057 1137 2099 non
1190 2040 1385 2099 minus
1439 2040 1864 2116 homonymum
1919 2042 2009 2098 est
2063 2059 2197 2099 cum
2249 2039 2716 2099 demonstrativo
2772 2033 2847 2099 ὅ(
2905 2030 3095 2121 (apud

482 2130 809 2190 Homerum
854 2133 916 2189 et
957 2121 1299 2209 Platonem)
1347 2147 1526 2205 quam
1572 2124 1611 2188 ὁ
1655 2130 2050 2206 protacticum
2096 2148 2231 2188 cum
2276 2123 2314 2188 ὁ
2352 2129 2835 2189 demonstrativo.
2915 2127 3098 2198 Quasi

482 2238 622 2279 vero
676 2219 1060 2295 homonymia
1105 2218 1263 2295 apud
1311 2217 1541 2279 Stoicos
1586 2221 1647 2277 in
1696 2213 1734 2278 ὁ
1782 2218 2021 2295 quidem
2066 2219 2290 2294 valere,
2353 2219 2419 2277 in
2465 2213 2539 2279 ὅ(
2586 2220 2785 2278 autem
2828 2237 2947 2277 non
2994 2237 3096 2278 va-

485 2310 604 2369 lere
650 2302 952 2386 potuerit’.
1045 2307 1175 2386 Ego
1223 2307 1462 2384 quidem
1506 2309 1570 2366 in
1615 2308 1706 2367 his
1751 2307 1948 2368 verbis
1995 2307 2358 2384 explicandis
2403 2310 2638 2368 secutus
2675 2326 2806 2367 sum
2835 2306 3095 2367 Schmie·

482 2398 687 2458 derum
731 2417 898 2475 pron.
933 2399 1015 2457 10
1042 2416 1146 2473 sq.,
1193 2417 1554 2474 quamquam
1599 2400 1650 2457 is
1697 2397 2013 2456 verborum
2058 2399 2228 2458 4—6
2270 2394 2373 2458 καὶ
2409 2392 2708 2472 ἀόριετον
2737 2429 2825 2439 -
2853 2393 2980 2473 ἔφη
3020 2394 3093 2457 δὲ

484 2482 677 2549 οὗτος
722 2490 1016 2547 rationem
1058 2505 1178 2545 non
1222 2487 1451 2546 habuit.
1542 2487 1887 2547 Tenendum
1939 2487 2127 2565 igitur
2172 2490 2287 2563 est,
2353 2505 2472 2563 qua
2517 2486 2589 2545 de
2635 2506 2698 2545 re
2743 2505 2925 2564 supra
2969 2505 3092 2546 mo-

485 2579 745 2653 nuimus,
806 2576 1036 2636 Stoicos
1092 2578 1202 2636 etsi
1246 2577 1588 2653 personalia
1629 2576 2099 2636 demonstrativa
2143 2579 2475 2654 possessiva
2520 2577 2775 2635 relativa
2820 2568 2912 2658 (in
2957 2595 3094 2653 pro-

482 2659 628 2748 tasi)
692 2667 1125 2743 interrogativa
1182 2685 1302 2724 una
1361 2684 1495 2725 cum
1550 2667 1802 2726 articulo
1859 2668 2263 2744 praepositive
2319 2669 2380 2726 et
2436 2666 2831 2743 postpositivo
2895 2658 3092 2747 (pron.

483 2756 652 2817 relat.
696 2758 764 2816 in
808 2747 1081 2836 apodosi)
1128 2775 1246 2815 uno
1294 2750 1499 2831 ἄρθρα
1542 2756 1780 2817 nomine
1818 2755 2376 2833 complectebantur,
2413 2759 2617 2815 tamen
2650 2757 2740 2815 ita
2777 2774 2849 2815 ea
2883 2755 3094 2816 distin-

483 2849 635 2906 xisse
688 2850 759 2906 ut
811 2846 1147 2923 personalia
1201 2846 1670 2906 demonstrativa
1725 2847 2059 2923 possessiva
2118 2841 2324 2921 ἄρθρα
2382 2840 2722 2920 ὡριεμένα,
2788 2844 3097 2905 indefinita

482 2936 918 3015 interrogativa
962 2935 1216 2995 relativa
1261 2938 1321 2995 et
1367 2937 1684 2996 articulum
1731 2931 1938 3011 ἄρθρα
1982 2931 2339 3011 ἀοριετώδη
2386 2934 2663 2995 dicerent.
2751 2935 2881 2994 Iam
2918 2953 3096 3012 quae-

483 3025 623 3085 dam
680 3021 994 3101 ὡριεμένα
1044 3025 1110 3084 in
1166 3025 1536 3102 quorundam
1591 3021 1959 3101 ὡριεμένων
2003 3025 2200 3085 locum
2245 3024 2526 3085 substitui
2572 3024 2864 3084 docebant
2906 3042 3096 3100 neque

487 3110 870 3191 ὁμοφωνίαν
926 3114 1341 3194 agnoscebant.
1434 3114 1550 3174 Sed
1609 3115 1790 3175 iidem
1835 3110 1911 3176 ὅ(
1956 3114 2231 3175 dicebant
2278 3108 2519 3189 ἄρθρον
2566 3109 2991 3175 ὑποτακτικὸν
3038 3118 3100 3173 et

487 3200 934 3279 ἀοριετώδεειν
977 3203 1400 3279 attribuebant,
1445 3205 1738 3280 simulque
1776 3203 2177 3265 concedebant
2212 3198 2287 3264 ὅ(
2324 3206 2506 3263 etiam
2540 3205 2937 3280 possessivum
2973 3222 3097 3263 esse

483 3293 733 3370 ideoque
780 3289 1147 3369 ὼριεμένοι(
1195 3293 1482 3353 ascribere
1527 3293 1837 3353 debebant.
1924 3293 2010 3353 At
2045 3312 2166 3353 una
2210 3293 2531 3370 eademque
2577 3312 2689 3353 vox
2735 3313 2854 3353 non
2898 3295 3098 3370 potest

485 3401 608 3443 esse
665 3377 906 3458 ἄρθρον
961 3386 1021 3443 et
1076 3378 1459 3457 ἀοριετῶδε(
1514 3386 1576 3443 et
1629 3378 1997 3458 ὼριεμένον.
2088 3383 2300 3459 Itaque
2356 3382 2471 3442 sibi
2524 3401 2644 3442 non
2704 3384 3097 3443 constitenmt

486 3471 689 3532 Stoici.
778 3472 905 3531 Aut
949 3472 1333 3532 statuendum
1378 3473 1462 3531 eis
1499 3476 1628 3532 erat
1663 3467 1737 3533 ὅ(
1774 3473 2094 3532 articulum
2128 3474 2591 3550 postpositivum
2626 3490 2746 3531 non
2782 3474 3099 3550 possessivi

485 3556 586 3639 (ὅς
618 3588 701 3610 =
732 3558 868 3640 ἑόε)
913 3561 1210 3621 indefiniti
1255 3557 1357 3638 (δε
1405 3557 1484 3621 ἂν
1532 3557 1730 3642 ἔλθῃ)
1761 3562 2216 3622 demonstrativi
2261 3555 2328 3639 (ἦ
2366 3557 2423 3621 δ’
2462 3556 2564 3639 ὅε)
2610 3562 2740 3622 loco
2785 3563 2946 3639 poni,
2994 3560 3095 3620 sed

484 3651 593 3711 illa
628 3651 862 3711 diversa
898 3670 1022 3712 esse
1055 3650 1345 3711 vocabula
1380 3647 1717 3726 ὁμόφωνα,
1763 3654 1853 3712 ita
1892 3650 2131 3728 quidem
2166 3654 2236 3710 ut
2273 3651 2527 3711 alterum
2563 3645 2636 3711 ὅ(
2683 3643 2797 3733 (=
2825 3669 3094 3728 pronom.

483 3758 731 3817 possess.
778 3744 839 3800 et
873 3731 1433 3821 demonstrativum)
1479 3743 1542 3800 in
1589 3737 1974 3816 ὡριεμένοιε,
2023 3742 2277 3800 alterum
2322 3735 2396 3801 ὅ(
2442 3732 2556 3822 (==
2587 3741 2752 3800 artic.
2780 3740 3094 3818 postposit.

485 3832 548 3890 et
590 3822 992 3912 indefinitum)
1038 3830 1102 3888 in
1149 3825 1556 3905 ἀοριετώδεει
1601 3833 2007 3889 numerarent:
2061 3833 2170 3890 aut
2214 3832 2267 3890 si
2311 3831 2485 3890 unius
2533 3824 2606 3890 ὅ(
2653 3831 2890 3889 articuli
2935 3832 3096 3906 post·

483 3921 730 3996 positivi
772 3921 1133 3980 mentionem
1178 3919 1478 3979 faciebant
1493 3965 1508 3993 ,
1553 3919 2036 3997 praecipiendum
2081 3922 2166 3979 eis
2211 3923 2342 3979 erat
2387 3938 2503 3996 quo
2549 3919 2725 3979 modo
2773 3913 2847 3980 ὅ(
2875 3945 2962 3966 =
2992 3914 3100 3979 ἑό(

485 4012 548 4067 et
589 4009 735 4068 haec
781 4009 1014 4070 dicendi
1059 4027 1276 4087 genera
1323 4005 1396 4069 ὃ(
1443 4004 1523 4069 ἂν
1570 4004 1722 4090 ἔλθῃ
1780 4010 1875 4069 vel
1919 4003 1958 4083 ἦ
2007 4004 2062 4069 δ’
2111 4004 2185 4070 ὅ(
2230 4008 2580 4086 explicanda
2624 4011 2835 4068 essent.
2928 4007 3099 4078 Quod

485 4098 765 4158 videntur
825 4099 1167 4177 neglexisse.
1276 4098 1458 4157 Ponit
1517 4100 1705 4176 igitur
1767 4099 1906 4176 Ap.,
1973 4100 2193 4176 quippe
2257 4098 2414 4174 quod
2478 4101 2938 4158 consentaneum
3001 4098 3098 4172 sit,

486 4187 669 4247 etiam
717 4188 934 4248 Stoicis
979 4206 1325 4265 persuasum
1369 4188 1551 4247 fuisse
1596 4206 1715 4247 non
1760 4207 1933 4265 posse
1971 4188 2287 4247 articulum
2322 4188 2783 4264 postpositivum
2818 4207 2928 4265 pro
2964 4206 3099 4264 pos-

483 4280 703 4337 sessivo
741 4279 837 4338 vel
875 4278 1342 4338 demonstrativo
1380 4277 1476 4336 vel
1515 4277 1824 4337 indefinito
1862 4277 2160 4353 substitui,
2205 4277 2411 4353 itaque
2449 4279 2500 4337 si
2536 4296 2654 4336 non
2689 4277 2887 4351 verbe,
2936 4279 3000 4336 at
3034 4296 3098 4336 re

487 4385 585 4427 eos
613 4362 996 4443 ὁμοφωνίαν
1026 4369 1353 4446 agnovisse.
1445 4366 1576 4426 Hac
1611 4368 1801 4445 igitur
1833 4367 2028 4426 utitur
2055 4366 2502 4443 opportunitate
2533 4366 2610 4426 ad
2635 4367 3099 4426 inconstantiam

487 4455 822 4517 Stoicorum
867 4457 1342 4534 vituperandam.
1435 4450 1584 4515 ‘Aut
1620 4451 1902 4531 omnino',
1948 4456 2163 4532 inquit,
2210 4450 2358 4516 ‘esse
2395 4451 2777 4531 ὁμοφωνίαν
2814 4474 2934 4515 non
2971 4458 3100 4514 erat

485 4547 889 4623 statuendum,
955 4549 1061 4606 aut
1113 4548 1165 4605 si
1217 4549 1282 4605 in
1336 4545 1427 4604 his
1484 4548 1771 4605 statuitur
1815 4578 1903 4586 —
1949 4546 2012 4604 id
2059 4545 2217 4621 quod
2260 4548 2654 4605 necessarium
2698 4548 2790 4604 est
2833 4577 2921 4586 —
2967 4547 3099 4604 tota

488 4633 595 4694 illa
637 4638 811 4712 ratio,
858 4655 1010 4713 quae
1055 4637 1119 4694 in
1166 4636 1302 4694 aliis
1348 4634 1651 4695 vocabulis
1697 4636 1761 4693 in
1808 4637 2063 4695 aliorum
2108 4636 2301 4693 locum
2347 4634 2635 4712 ponendis
2674 4638 2961 4709 versatur,
3008 4653 3098 4692 re-

485 4723 718 4786 icienda
761 4720 891 4785 est'.
987 4725 1073 4784 cf.
1124 4729 1279 4802 synt.
1332 4725 1475 4800 106,
1500 4726 1823 4800 23-109,
1848 4727 1947 4784 18.

660 4815 824 4875 Haec
878 4815 1214 4892 explicandi
1266 4814 1422 4873 ratio
1477 4833 1585 4874 nec
1640 4833 1774 4874 cum
1830 4817 2063 4874 ratione
2117 4814 2465 4890 Kromeyeri
2516 4833 2605 4890 pr.
2656 4815 2737 4874 39
2801 4832 2909 4872 nec
2964 4834 3097 4872 cum

489 4903 971 4981 interpretatione
1024 4904 1317 4964 Matthiae
1363 4902 1426 4961 H
1473 4904 1595 4962 631
1666 4905 1959 4964 convenit.
2069 4898 2205 4963 ‘Die
2257 4902 2570 4962 Annahme
2635 4904 2798 4962 einer
2858 4903 3095 4962 solchen

488 4986 827 5069 ὁμοφωνία
878 4994 1144 5055 tadelten
1199 5014 1321 5053 nun
1378 4992 1473 5052 die
1522 4991 1785 5069 Stoiker3
1850 4993 1993 5053 aber
2036 4993 2148 5070 Ap.
2204 4994 2365 5052 kann
2413 4995 2773 5071 entgegnen,
2837 4993 2967 5051 dass
3012 4994 3096 5051 sie
