3738 5530
688 223 816 288 120
889 222 1331 278 Commentarius
1360 223 1586 278 criticus
1616 224 1675 278 et
1702 222 2022 292 exegeticus
2050 222 2109 276 in
2139 222 2427 293 Apollonii
2455 221 2682 292 Dyscoli
2712 222 2923 293 scripta
2951 222 3180 277 minora.

684 393 992 454 doctorum
1037 393 1354 453 memoriae
1399 392 1638 469 prodita
1683 395 1837 469 synt.
1890 394 1949 468 3,
1973 395 2036 468 23
2090 411 2258 470 pron.
2311 394 2413 468 66,
2436 393 2516 452 15
2566 384 2697 472 (ubi
2741 412 2794 450 v.
2844 385 3101 474 adnot),
3148 393 3298 452 coni.

691 485 840 558 213,
862 485 918 542 9.
962 484 1061 542 19.

867 573 1073 648 94,ιὸ
1124 566 1297 649 ἁμῖν]
1346 572 1419 630 cf.
1456 591 1620 648 pron.
1669 573 1768 646 96,
1793 573 1892 631 23.
1945 574 2047 645 97,
2070 573 2125 629 4.

863 652 931 743 γ)
979 661 1349 721 Nominativi
1393 660 1642 736 pluralis
1687 662 1903 721 tertiae
1947 679 2248 738 personae.

863 750 1277 811 Nominatiws
1331 750 1545 824 ςφεῖς
1600 769 1733 810 eum
1777 753 1951 810 etiam
1994 751 2227 810 doricus
2273 755 2326 810 et
2377 752 2630 810 aeolieus
2673 753 2774 819 sit,
2821 753 3057 826 primae
3100 768 3301 811 seeun-

685 841 907 914 alaeque
949 841 1463 908 nominativorum,
1518 842 1589 898 ut
1633 840 1737 916 qui
1780 840 1845 898 in
1892 840 2164 899 dialectis
2209 841 2367 899 inter
2410 858 2473 899 se
2517 839 2821 914 differant,
2879 859 3000 900 non
3043 843 3305 914 sequitur

687 931 1038 1004 analoyiam,
1129 928 1254 988 Nec
1306 932 1499 987 tamen
1541 930 1607 988 id
1648 931 1901 1000 mimm‚·
1956 947 2100 988 nam
2143 930 2297 990 idem
2341 930 2412 989 de
2455 932 2784 989 accusativo
2829 932 2973 1004 sina.
3022 932 3221 989 tertiae
3271 926 3302 989 ε’

687 1020 803 1078 dici
837 1021 1051 1093 potest,
1108 1020 1209 1091 qm·
1252 1020 1318 1077 in
1361 1018 1604 1078 dialecto
1649 1019 1850 1078 dorica
1895 1015 1917 1077 ἰ
1961 1036 2080 1077 non
2125 1021 2397 1086 assmnit,
2445 1036 2575 1078 cum
2621 1014 2748 1091 ἐμέ
2795 1014 2870 1078 ςέ
2915 1021 2980 1077 in
3027 1037 3096 1078 ea
3142 1015 3303 1092 ἐμεί

686 1104 800 1167 τεί
834 1112 1039 1167 sonent
1075 1109 1176 1182 94,
1201 1109 1477 1166 19-22.
1545 1106 1795 1167 Of.Ahr.
1824 1107 1989 1166 diall.
2011 1107 2073 1166 Π
2104 1109 2246 1167 258.
2294 1107 2326 1166 Ι
2358 1109 2512 1182 1253
2548 1108 2791 1167 Dronke
2818 1099 2888 1165 1¹²
2921 1109 3303 1183 112-113;

686 1197 821 1255 Mei.
860 1196 892 1255 I
933 1198 1075 1256 167.
1153 1195 1527 1256 OHoffmann
1564 1197 1628 1255 Π
1665 1197 1810 1256 561.
1887 1195 2309 1273 Syracusanos,
2351 1216 2602 1273 quorum
2639 1197 2693 1255 h.
2724 1197 2762 1256 1.
2801 1216 2919 1257 non
2955 1198 3027 1257 fit
3060 1197 3302 1270 mentio,

689 1281 834 1361 ψείς
879 1287 977 1346 vel
1023 1281 1144 1360 ψές
1190 1279 1378 1368 (quod
1429 1287 1708 1365 analogia
1752 1278 2049 1368 postulat)
2096 1286 2314 1347 dixisse
2361 1306 2392 1345 9
2437 1305 2603 1364 pron.
2647 1287 2748 1360 96,
2772 1288 2851 1345 12
2903 1287 3298 1365 colligendum

689 1374 958 1451 videtui-3
1005 1375 1175 1434 cuius
1219 1376 1307 1434 rei
1352 1376 1715 1436 mentionem
1757 1395 1878 1436 non
1923 1376 2073 1436 facit
2116 1375 2259 1435 Ahr.
2299 1375 2461 1434 dian.
2501 1375 2562 1433 11
2612 1377 2756 1434 258.

869 1466 971 1540 94,
995 1466 1073 1523 21
1126 1465 1197 1523 cf.
1235 1483 1402 1542 pron.
1443 1466 1668 1539 83,25.

873 1556 927 1612 7.
985 1553 1260 1613 Genetivi
1305 1554 1557 1631 pluralis

869 1635 939 1722 α)
985 1644 1214 1719 primae
1257 1662 1545 1720 personae
1594 1645 1695 1720 94,
1718 1644 1998 1718 23-95,
2023 1646 2120 1702 22.

867 1733 1079 1792 Ionica
1135 1734 1331 1806 forma
1387 1728 1639 1807 ἡμέων
1697 1734 1928 1793 videtwr
1983 1735 2091 1792 illa
2149 1734 2380 1806 quidem
2439 1734 2776 1807 analogiam
2836 1751 3039 1792 vocum
3101 1751 3304 1792 earum

690 1824 879 1897 sequi,
927 1840 1180 1896 quaram
1222 1823 1570 1881 nominativi
1613 1822 1877 1896 pluralis
1920 1824 1985 1880 in
2031 1818 2121 1883 ἒ-ις
2168 1826 2374 1882 exeunt
2417 1818 2661 1899 (ταχεῖς
2707 1817 2974 1896 ταχέων,
3035 1821 3305 1897 βαςιλεῖς

694 1907 1049 1988 βαςιλέων),
1095 1916 1163 1970 ut
1205 1912 1401 1984 forma
1446 1912 1665 1971 aeolica
1712 1904 1805 1985 ἄμ
1817 1927 1974 1985 μων
2021 1913 2282 1971 convenit
2325 1929 2455 1971 cum
2499 1914 2857 1971 nominativo
2905 1905 3162 1985 ἄμμες,
3208 1912 3306 1971 do—

690 2002 819 2060 rica
863 1996 1072 2074 ἁμῶν
1128 2018 1258 2059 cwm
1312 1995 1519 2074 ἁμές;
1584 2001 1687 2060 sed
1738 1995 1993 2075 ἡμέων
2039 2004 2093 2060 si
2135 2003 2341 2060 nativa
2388 2004 2532 2059 esset
2573 2001 2798 2074 forma,
2844 2017 2963 2059 non
3008 2002 3307 2067 distracta,

689 2108 810 2150 non
846 2090 1010 2163 apud
1052 2091 1203 2149 solos
1237 2090 1415 2149 Iones
1452 2094 1788 2159 occurreret,
1835 2092 1937 2164 qui
1980 2091 2275 2149 diaeresin
2320 2091 2694 2150 adamrwnt.
2766 2091 3081 2149 Praeterea
3125 2108 3310 2164 supra

691 2180 1148 2239 demonstratum
1195 2182 1305 2247 est,
1353 2182 1712 2254 pronomina
1765 2180 2105 2253 analoyimn
2160 2196 2280 2238 non
2333 2182 2533 2254 sequi;
2588 2180 2693 2238 hoc
2751 2182 2924 2238 etiam
2980 2179 3311 2254 inaequalis

692 2269 887 2343 forma
930 2263 1212 2343 ἡμείων
1259 2271 1565 2341 confirmat
1611 2271 1715 2342 94,
1737 2270 1906 2330 23-
1916 2269 2018 2344 95,
2041 2271 2096 2328 8.

875 2358 978 2432 95,
1000 2359 1038 2418 3
1086 2359 1157 2416 cf.
1197 2361 1349 2434 synt.
1396 2361 1541 2433 130,
1564 2359 1645 2418 15
1695 2353 1882 2418 ἔνθεν
1928 2353 1967 2417 ὁ
2003 2314 2273 2418 Αἰολεὺς
2321 2354 2711 2418 ςυνέςτειλεν
2759 2352 2849 2418 εἰς
2897 2355 3099 2433 βραχὺ
3147 2355 3188 2416 ἃ
3231 2353 3310 2418 τὸ

696 2441 877 2523 ἄμων
924 2440 1180 2529 (ἄμμων
1217 2446 1449 2507 Ahrens
1494 2468 1549 2507 v.
1577 2438 1760 2528 infr..)
1835 2447 2031 2507 Huius
2080 2448 2304 2506 formae
2351 2447 2609 2506 aeolicae
2657 2441 2882 2521 ἄμμων
2925 2466 3034 2507 nec
3080 2446 3309 2507 Ahrens

693 2537 1055 2597 mentionem
1110 2537 1252 2596 fecit
1295 2529 1369 2618 .(1
1418 2527 1574 2638 124)
1634 2555 1740 2596 nec
1798 2536 2042 2596 Meister
2096 2528 2155 2617 (Ι
2205 2527 2360 2618 166)
2415 2555 2523 2596 nec
2568 2535 2942 2596 OHoffmann
2996 2529 3088 2618 (H
3136 2527 3308 2617 560).

692 2625 924 2685 Ahrens
980 2645 1017 2684 a
1060 2645 1155 2684 me
1210 2627 1472 2686 monitus
1516 2627 1581 2684 in
1627 2625 1845 2684 litteris
1901 2626 1979 2684 ad
2031 2645 2127 2684 me
2173 2624 2330 2684 datis
2388 2626 2533 2684 haec
2579 2626 2843 2701 scripsit.
2909 2619 3055 2685 ‘Die
3100 2625 3312 2685 beiden

696 2714 922 2776 Stellen
978 2715 1080 2775 des
1134 2715 1246 2792 Ap.
1291 2716 1441 2776 fiber
1495 2709 1721 2789 ἄμμων
1751 2740 1835 2762 --
1865 2709 2047 2790 ἡμῶν
2106 2715 2273 2775 hatte
2327 2715 2423 2774 ioh
2477 2714 2712 2775 freilich
2764 2715 2933 2774 nicht
2987 2714 3312 2776 fibersehen

694 2805 898 2866 sollen.
990 2805 1103 2864 Die
1161 2808 1317 2865 erste
1376 2798 1459 2887 (h.
1500 2796 1568 2887 1.)
1623 2804 1851 2864 scheint
1911 2804 2173 2864 deutlich
2232 2806 2330 2864 fiir
2389 2799 2614 2879 ἄμμων
2671 2805 2860 2865 neben
2920 2799 3143 2880 ἄμμες,
3197 2806 3311 2864 wie

697 2894 819 2955 dor.
869 2890 1050 2968 ἁμῶν
1103 2894 1292 2954 neben
1348 2890 1528 2969 ἁμές,
1589 2914 1661 2953 zu
1717 2914 1963 2973 zeugen,
2018 2893 2294 2954 wfihrend
2350 2897 2517 2953 sonst
2571 2888 2831 2968 ἀμμέων
2886 2893 3007 2953 und
3054 2890 3311 2969 ὐμμέων

695 2985 792 3043 die
837 2984 1205 3062 gesicherten
1250 2984 1502 3044 Formen
1549 2983 1697 3044 sind.
1790 2983 1953 3043 Aber
1998 3003 2107 3043 aus
2152 2983 2285 3043 dem
2333 2978 2572 3057 ὁμοίως
2617 2978 2866 3044 Αἰολεῖς
2915 2985 3016 3059 95,
3040 2986 3122 3043 14
3169 2984 3313 3043 lasst

695 3073 821 3133 sich
883 3072 1139 3132 allenf
1149 3072 1301 3132 alls
1365 3073 1743 3147 entnehmen,
1808 3073 1938 3132 dass
1994 3073 2089 3132 die
2144 3073 2361 3133 Aeoler
2413 3072 2603 3132 neben
2660 3067 2920 3147 ἀμμέων
2976 3073 3127 3132 auch
3182 3075 3312 3132 eine

696 3162 828 3222 dem
889 3160 1012 3221 dor.
1078 3157 1258 3236 ἁμῶν
1322 3162 1779 3239 entspreohende
1843 3162 2200 3241 zweisilbige
2264 3162 2443 3222 Form
2505 3163 2730 3221 hatten.
2822 3162 3105 3241 Weniger
3166 3161 3312 3241 gebo

698 3252 795 3311 ich
860 3252 969 3309 auf
1027 3254 1180 3326 synt.
1233 3252 1379 3324 130,
1414 3253 1525 3326 15,
1589 3270 1682 3310 wo
1748 3245 1930 3325 ἄμων
1996 3244 2228 3333 (wegen
2289 3246 2472 3325 ἥμων
2535 3252 2572 3309 l.
2624 3243 2692 3332 5)
2754 3252 2923 3311 recht
2984 3252 3141 3311 wohl
3203 3269 3312 3310 sus

698 3334 895 3415 ἄμμες
949 3339 1225 3400 verderbt
1277 3342 1403 3400 sein
1457 3341 1644 3414 kann,
1699 3340 1778 3400 da
1821 3340 1951 3402 hier
1996 3360 2110 3400 nur
2152 3342 2385 3419 gezeigt
2428 3341 2663 3400 werden
2709 3341 2848 3416 soll,
2905 3341 3033 3400 dass
3086 3342 3152 3399 in
3198 3339 3312 3398 den

694 3429 1146 3506 pronominibus
1201 3429 1296 3487 bei
1343 3430 1448 3489 der
1491 3430 1884 3509 Verkiirzung
1929 3431 2031 3490 des
2079 3429 2474 3490 anlautenden
2519 3429 2772 3489 Vocales
2818 3430 2922 3489 der
2966 3430 3144 3490 Lenis
3189 3430 3312 3488 ein-

699 3519 851 3577 tritt.
942 3518 1259 3578 Natfirlich
1313 3519 1395 3579 ist
1446 3520 1575 3579 hier
1628 3522 1986 3598 wenigstens
2044 3514 2269 3592 ἄμμων
2325 3539 2396 3578 zu
2455 3522 2666 3579 setzen.
2713 3552 2800 3561 —
2847 3519 2885 3577 J
2890 3519 3071 3579 edoch
3125 3518 3313 3578 bleibt

697 3608 793 3667 die
849 3607 1026 3667 Form
1082 3602 1308 3682 ἄμμων
1363 3609 1497 3668 sehr
1552 3608 1905 3683 auffallend,
1962 3608 2097 3667 weil
2154 3609 2239 3668 sie
2295 3608 2459 3668 nicht
2516 3610 2629 3667 wie
2673 3604 2856 3682 ἡμῶν
2903 3604 3084 3683 ἁμῶν
3128 3607 3311 3667 durch

701 3696 1085 3757 Contraction
1142 3697 1495 3757 entstanden
1561 3698 1688 3757 sein
1750 3699 1941 3771 kann,
2004 3698 2126 3756 und
2187 3697 2403 3756 beruht
2456 3698 2758 3758 vielleicht
2809 3718 2923 3756 nur
2986 3699 3096 3756 auf
3152 3697 3315 3757 einer

697 3787 1197 3865 grammatischen
1233 3787 1597 3864 Hypothese,
1643 3807 1747 3846 um
1794 3782 2056 3861 ἀμμέων
2104 3786 2214 3846 wie
2259 3783 2475 3860 ἡμέων
2522 3783 2739 3861 ἁμέων
2785 3787 2970 3846 durch
3014 3787 3312 3847 Diaeresis

698 3876 970 3935 erklaren
1027 3896 1098 3934 zu
1152 3877 1404 3936 konnen.
1507 3875 1665 3936 Oder
1720 3876 1895 3936 sollte
1951 3894 2011 3936 es
2075 3876 2170 3935 die
2226 3875 2408 3934 durch
2464 3876 2717 3936 Enclisis
2777 3876 3090 3936 verkfirzte
3135 3877 3311 3936 Form

699 3959 900 4024 sein?'
946 3998 1033 4006 —
1082 3964 1457 4025 Constructio
1513 3962 1602 4025 ὡς
1642 3997 1732 4008 -
1774 3961 1946 4040 ἔχειν
1999 3962 2256 4039 γενικήν
2310 3967 2401 4025 ita
2455 3965 2804 4043 explicanda
2849 3965 3113 4040 videtur,
3166 3968 3235 4024 ut
3278 3985 3309 4024 e

697 4053 877 4113 verbo
924 4050 1334 4129 ὑπεμφαίνει,
1393 4054 1551 4131 quod
1599 4057 1702 4129 94,
1723 4056 1804 4113 23
1861 4054 2188 4131 praecedit,
2245 4054 2410 4114 aliud
2466 4054 2709 4114 verbum
2766 4055 3089 4131 quoddam,
3149 4054 3312 4114 velut

700 4140 1082 4218 εὑρίςκομεν,
1128 4144 1513 4220 repetendum
1558 4145 1664 4221 sit3
1711 4144 1787 4202 ad
1836 4147 1894 4219 7,
1917 4146 2014 4203 28.

882 4233 1041 4306 95,8
1089 4234 1160 4292 cf.
1207 4253 1373 4309 pron.
1425 4234 1605 4308 96,1.

879 4320 1190 4381 Genetivus
1225 4323 1458 4382 doricus
1484 4324 1775 4395 primitivi
1811 4318 1852 4381 ἁ
1864 4322 2019 4396 μῶν
2057 4342 2094 4382 a
2118 4325 2376 4397 yenativo
2403 4325 2721 4397 possessivi
2759 4318 2946 4397 ἁμός
2983 4325 3071 4381 ita
3096 4325 3309 4396 differt,

697 4415 764 4471 ut
805 4411 904 4470 ille
947 4412 1241 4472 diaeresin
1287 4406 1537 4485 ἁμέων
1574 4413 1862 4485 patiatur,
1908 4413 2001 4471 hic
2044 4416 2300 4485 respuat.
2373 4412 2545 4472 Idem
2580 4414 2651 4471 de
2688 4410 3064 4472 Aeolensium
3105 4413 3313 4485 formis

699 4501 817 4560 dici
850 4504 1041 4574 potest
1083 4493 1338 4581 (ἄμμων
1377 4495 1637 4575 ἀμμέων
1676 4501 2036 4578 personalia,
2082 4495 2307 4574 ἄμμων
2336 4521 2421 4550 --·-
2451 4495 2825 4576 ἀμμετέρων
2861 4492 3307 4581 possessivum).

699 4589 922 4647 Eodem
981 4591 1149 4650 modo
1210 4591 1371 4664 apud
1415 4589 1661 4650 Boeotos
1710 4591 2025 4666 personale
2084 4584 2323 4663 ἁμίων
2383 4592 2580 4664 differt
2634 4610 2674 4651 a
2716 4593 3046 4667 possessivo
3103 4585 3311 4664 ἁμῶν

704 4679 804 4751 95,
829 4679 1061 4737 9-22,

884 4769 1043 4841 95,9
1094 4767 1235 4826 Ahr.
1283 4767 1449 4827 diall.
1495 4768 1556 4826 II
1607 4770 1752 4828 258.

884 4857 986 4928 95,
1011 4859 1092 4915 14
1139 4856 1283 4916 Ahr.
1330 4855 1492 4916 diall.
1542 4857 1570 4915 I
1621 4859 1775 4932 1243
1829 4856 1964 4916 Mei.
2003 4856 2035 4915 I
2084 4858 2226 4917 166.
