3738 5530
688 330 816 395 154
888 329 1331 386 Commentarius
1360 329 1585 385 criticus
1614 331 1675 384 et
1702 330 2023 400 exegeticus
2050 329 2110 383 in
2140 328 2427 399 Apollonii
2454 327 2683 399 Dyscoli
2711 327 2925 399 scripta
2949 328 3183 383 minora.

858 501 1173 576 Ropn'um
1207 501 1511 561 verborum
1546 504 1644 570 est,
1679 502 1735 559 si
1769 500 2218 560 consonantibus
2250 500 2556 575 incipivmt,
2600 500 2668 558 in
2701 500 3019 573 praeterito
3053 494 3091 559 ἓ
3113 515 3291 573 prae·

680 591 813 665 βριλ-
856 590 1008 650 nulli
1052 592 1160 650 alii
1203 591 1482 650 oratimvis
1515 591 1683 665 parti
1726 591 1830 649 hoc
1865 591 2090 650 accidit.
2163 590 2375 663 Itaque
2409 590 2653 648 dubium
2687 605 2807 647 non
2847 592 2930 647 est
2965 590 3109 662 quin
3153 583 3289 662 χρή

681 679 797 739 δεῖ
851 681 1027 739 verba
1069 681 1211 749 sim,
1267 681 1543 754 quoniam
1585 682 1652 739 in
1697 674 1930 754 ἐχρῆν
1977 683 2030 739 et
2083 674 2238 740 ἔδει
2295 679 2796 752 transformami-
2844 678 3289 754 132,15-23.

682 767 768 827 Cf.
808 772 961 845 synt.
1003 770 1148 845 237,
1171 771 1208 828 9
1233 787 1317 845 sq.

862 859 1108 933 132,16
1158 854 1394 920 ἔξωθεν
1440 861 1479 918 i.
1517 878 1565 917 e.
1612 858 1674 917 in
1720 858 1914 935 initio,
1960 860 2029 917 ut
2072 859 2110 917 1.
2153 859 2256 933 20,
2300 876 2466 934 pron.
2509 856 2670 931 58,5
2712 857 2785 915 al.

861 949 1005 1023 132,
1029 948 1110 1007 18
1159 946 1423 1009 Schoem.
1463 948 1525 1007 H
1563 949 1601 1006 8
1634 973 1718 996 =
1747 965 1944 1025 opusc.
1984 946 2071 1006 IV
2121 949 2250 1008 250
2296 948 2381 1006 sic
2425 946 2633 1005 vertit:
2694 940 3003 1022 ‘quoniam
3046 945 3291 1006 verbum

679 1039 770 1095 est
827 1036 946 1108 δεῖ,
1007 1037 1145 1096 hinc
1196 1037 1293 1111 fit,
1351 1039 1421 1096 ut
1478 1040 1749 1115 tempora
1805 1036 2170 1115 distinguere
2228 1056 2337 1113 per
2391 1038 2775 1114 augmentum
2832 1029 3064 1112 possit.'
3154 1034 3212 1094 Ν
3213 1053 3288 1095 on

676 1128 842 1185 muto
881 1120 1113 1187 οὕτωε;
1163 1120 1333 1186 ‘adeo
1379 1127 1626 1186 verbum
1663 1129 1753 1187 est
1798 1126 1898 1187 δεῖ
1942 1130 2010 1185 ut
2056 1119 2203 1208 (non
2242 1127 2434 1185 solum
2470 1144 2579 1185 sua
2622 1128 2895 1202 tempora
2929 1124 3032 1185 sed
3078 1116 3288 1206 etiam)

676 1218 946 1292 tempora
1001 1209 1312 1297 (infinitivi
1368 1209 1656 1298 appositi)
1703 1236 1854 1293 quae
1907 1235 2016 1294 per
2071 1234 2132 1275 se
2178 1215 2467 1292 distingui
2513 1232 2630 1274 non
2690 1217 2941 1292 possunt
2985 1206 3289 1295 (γράφειν

677 1304 834 1364 enim
887 1304 1220 1366 infinitivus
1274 1309 1365 1366 est
1418 1308 1481 1365 et
1532 1307 1860 1383 praesentis
1921 1309 1982 1365 et
2038 1295 2399 1385 imperfecti)
2459 1307 2728 1363 secernat
2787 1306 3091 1380 assumpto
3147 1323 3288 1381 aug-

675 1397 908 1470 mento3
953 1414 1073 1470 quo
1108 1395 1270 1454 facto
1316 1415 1487 1455 nemo
1535 1394 1837 1454 dubitabit
1874 1396 2017 1471 quin
2063 1390 2339 1470 γράφειν
2384 1394 2449 1453 in
2493 1393 2792 1454 locutione
2839 1388 2969 1453 ἔδει
3014 1388 3289 1469 γράφειν

674 1483 755 1542 sit
789 1478 1163 1561 'imperfecti'
1215 1485 1429 1562 Itaque
1455 1486 1637 1545 verba
1673 1485 1710 1543 1.
1744 1486 2002 1545 20-21
2042 1480 2521 1559 προελαβὸν-
2540 1478 2838 1558 ῥήματος,
2877 1501 3030 1559 quae
3055 1481 3288 1541 inducit

674 1573 885 1632 Matth.
924 1573 955 1631 Ι
1001 1575 1108 1649 45,
1161 1592 1541 1651 nequaquam
1595 1574 1896 1651 superflua
1950 1576 2114 1634 sunt:
2170 1573 2531 1651 superfluum
2589 1575 2787 1631 autem
2834 1575 2926 1633 est
2969 1571 3006 1630 l.
3050 1574 3131 1630 22
3178 1591 3289 1649 pro

676 1658 747 1722 ἐν
793 1663 886 1743 τῷ
931 1663 1184 1723 scribere
1230 1659 1326 1738 εἴη
1374 1660 1474 1734 τό;
1523 1663 1599 1724 ad
1644 1683 1809 1740 pron.
1845 1666 1902 1739 7,
1925 1665 2023 1723 28.

849 1751 1038 1812 Exitu
1072 1770 1295 1828 quoque
1329 1754 1665 1823 ostenditur,
1710 1755 1819 1813 illa
1857 1770 1977 1813 esse
2014 1753 2190 1812 verba
2202 1772 2222 1822 ,·
2267 1751 2384 1812 δεῖ
2421 1753 2573 1811 enim
2609 1769 2678 1811 ex
2713 1746 2870 1811 δέει
2918 1754 3288 1819 contractam,

673 1845 739 1900 ιιι
795 1836 952 1901 ἔδει
1011 1846 1307 1903 contracta
1363 1843 1557 1916 forma
1612 1846 1708 1902 est.
1800 1842 2003 1916 Neque
2060 1856 2194 1901 vero
2253 1842 2593 1901 adverbium
2647 1844 2833 1901 exstat
2889 1841 3043 1914 quod
3097 1842 3165 1900 in
3223 1838 3289 1900 εἰ

672 1931 1091 2006 diphthongum
1134 1934 1500 2004 circumflexo
1542 1935 1804 1992 notatam
1849 1935 2013 1992 exeat
2055 1933 2314 1991 omnium
2361 1948 2477 1990 usu
2520 1934 2823 2004 receptum.
2871 1961 2959 1970 —
3007 1925 3056 1989 Χ
3070 1925 3157 2004 ρή
3202 1931 3290 1990 ita

672 2023 863 2079 ortwm
909 2038 1029 2080 esse
1072 2023 1397 2081 statuimus.
1489 2020 1551 2080 A
1606 2017 1803 2095 χρέω
1849 2022 2119 2081 derivata
2164 2025 2290 2079 erat
2340 2021 2537 2093 forma
2591 2019 2841 2094 χρῆμι,
2899 2020 3067 2078 maius
3120 2020 3291 2079 tertia

662 2125 924 2183 persona
979 2110 1210 2185 χρῆει.
1305 2110 1800 2186 Quemadmodmn
1853 2114 2049 2171 autem
2102 2126 2172 2169 ecc
2226 2104 2404 2185 φηεί
2459 2110 2822 2168 decimatum
2877 2111 2960 2167 est
3010 2103 3139 2184 φή,
3202 2110 3289 2167 ita

673 2215 742 2258 ex
804 2197 1017 2274 χρῆει
1079 2201 1303 2273 factm
1366 2204 1449 2260 est
1510 2195 1666 2275 χρή.
1763 2199 1950 2260 Cuius
2011 2200 2411 2273 imperfectum
2475 2194 2704 2273 ἐχρῆν
2762 2199 3039 2257 abnorme
3098 2201 3181 2257 est
3238 2200 3291 2255 et

659 2291 904 2363 propter
948 2293 1244 2349 accentum
1290 2293 1342 2348 et
1381 2294 1624 2363 propter
1671 2291 1885 2349 exitum
1926 2291 1994 2348 in
2038 2286 2090 2348 ν.
2183 2288 2389 2347 Etiam
2431 2289 2763 2361 infinitimcs
2814 2285 3090 2361 χρῆναι
3137 2289 3289 2346 testi-

670 2378 864 2437 monio
910 2382 992 2437 est
1034 2380 1289 2452 formam
1330 2381 1417 2439 ita
1462 2383 1651 2438 mam
1696 2396 1818 2439 esse
1866 2380 2014 2453 132,
2036 2378 2482 2453 24-133‚12.

856 2468 1001 2543 132,
1023 2470 1106 2527 24
1152 2469 1224 2528 cf.
1263 2471 1421 2545 synt.
1463 2469 1774 2544 237,9sq.

851 2558 1102 2632 132,27
1150 2552 1312 2618 κατὰ
1356 2554 1433 2618 τὸ
1479 2554 1699 2618 κοινὸν
1755 2552 1929 2628 ἔθος,
1989 2552 2096 2617 διὰ
2150 2552 2227 2618 τὸ
2282 2552 2460 2631 παρὰ
2505 2552 2823 2631 Δωριεῦει
2876 2550 3011 2633 πεῖ]
3071 2548 3287 2614 ‘adieci

669 2645 815 2705 haec
862 2640 1081 2706 “κατὰ
1125 2643 1201 2707 τὸ
1250 2644 1470 2708 κοινὸν
1517 2641 1722 2708 ἔθοε”
1767 2649 2012 2724 propter
2054 2647 2310 2706 formam
2356 2645 2620 2706 doricam
2665 2639 2812 2705 πεῖ’.

850 2735 1278 2811 132,27-28
1326 2737 1398 2797 cf.
1438 2736 1569 2796 adv.
1612 2737 2059 2814 207,17-18.
2110 2738 2347 2812 210,2;
2402 2738 2556 2813 synt.
2598 2736 2746 2811 335,
2769 2734 2881 2811 25,
2938 2733 3080 2794 Ahr.
3120 2733 3283 2794 diall.

668 2824 730 2883 H
779 2826 901 2885 361
936 2846 993 2884 n.
1035 2829 1090 2885 1.

851 2916 997 2990 132,
1018 2916 1274 2976 30-31
1316 2911 2404 2994 δεῖν-δέον-πλέον-πλεῖν]
2445 2914 2631 2975 πλεῖν
2663 2915 2915 2975 formam
2951 2933 3021 2973 ex
3056 2912 3286 2974 πλεῖον

668 3023 774 3080 per
832 3021 1128 3083 syncopen
1185 3007 1408 3066 factam
1470 3006 1691 3066 Atticis
1750 3007 2038 3066 usitatam
2096 3006 2279 3064 fuisse
2341 3006 2673 3081 antiquitus
2737 3005 2973 3063 constat
3036 2995 3288 3085 (iniuria

668 3092 909 3153 dubitat
942 3093 1085 3153 Lob.
1117 3094 1230 3153 En.
1259 3095 1291 3154 Ι
1330 3088 1504 3176 475).
1573 3093 1687 3155 Sed
1726 3095 1863 3156 δεῖν
1885 3121 1968 3143 =
1990 3091 2144 3156 δέον
2181 3094 2453 3172 quamvis
2491 3094 2793 3153 firmatum
2829 3092 3153 3152 Herodiani
3192 3083 3286 3173 (Π

670 3183 819 3257 328,
843 3174 954 3264 19)
990 3183 1299 3260 Apollonii
1344 3185 1599 3244 aliorum
1633 3184 1991 3244 testimoniis
2028 3184 2422 3244 addubitabat
2455 3183 2788 3242 Buttmann
2835 3183 2983 3242 ausf.
3023 3179 3281 3241 Gramm.

668 3264 735 3330 1²
762 3273 889 3331 492
920 3272 963 3347 f,
1009 3291 1184 3348 quem
1230 3272 1337 3332 alii
1383 3266 1708 3355 (RKfflmer
1754 3275 1903 3334 ausf.
1943 3271 2040 3332 Gr.
2069 3274 2101 3333 Ι
2135 3265 2415 3353 171,10)
2453 3274 2639 3332 secuti
2686 3273 2840 3332 sunt.
2934 3270 3066 3341 Qua
3110 3271 3175 3329 in
3218 3290 3285 3331 re

667 3360 808 3421 falsi
853 3364 1006 3421 sunt.
1090 3362 1250 3422 Nam
1284 3362 1569 3445 HUsener
1614 3357 1731 3445 (ΓΙ.
1774 3365 1945 3422 1872
1993 3383 2048 3440 p.
2087 3364 2418 3437 741—463
2464 3362 2535 3421 cf.
2576 3361 2833 3438 GMeyer
2876 3381 2963 3439 gr.
3001 3353 3131 3420 (ah-‚²
3166 3351 3283 3440 43)

667 3449 804 3511 δεῖν
857 3451 1110 3510 formam
1164 3455 1226 3511 et
1278 3453 1598 3529 explicavit
1652 3455 1714 3512 et
1764 3456 2002 3530 praeter
2054 3451 2398 3511 testimonia
2450 3453 2571 3511 iam
2625 3450 2859 3527 pridem
2915 3451 3104 3511 allata
3148 3449 3285 3510 aliis

667 3540 1006 3600 Atticorum
1051 3541 1195 3601 locis
1239 3544 1331 3600 ita
1372 3541 1646 3616 munivit,
1691 3544 1760 3601 ut
1804 3543 1997 3602 omnis
2044 3540 2339 3601 dubitatio
2388 3540 2459 3600 de
2504 3540 2700 3599 medio
2746 3540 3010 3599 tollatur.
3085 3540 3287 3599 Antea

667 3628 803 3690 δεῖν
846 3630 1230 3706 participium
1275 3629 1621 3691 defenderat
1663 3630 1805 3691 Lob.
1843 3631 1958 3690 En.
1998 3631 2029 3689 I
2066 3631 2212 3690 475.

849 3720 1094 3793 132,31
1157 3716 1277 3794 χρή
1340 3719 1501 3795 χρῆν
1556 3716 1767 3795 χρεών
1822 3738 1874 3780 κ.
1904 3737 1955 3780 τ.
1987 3719 2040 3780 λ.
2097 3721 2319 3779 formas
2372 3719 2591 3779 rectius
2645 3720 2970 3795 explicatas
3027 3736 3151 3777 esse
3207 3716 3283 3776 ab

665 3807 958 3868 Ahrensio
1004 3807 1079 3867 ad
1124 3828 1291 3885 pron.
1334 3810 1826 3883 128,13—129‚
1851 3810 1930 3868 15
1970 3812 2188 3868 monui.

848 3898 1053 3972 133,2
1102 3898 1174 3957 of.
1214 3901 1367 3975 synt.
1410 3900 1678 3972 238‚19.
1730 3899 2012 3973 284,19;
2057 3897 2198 3956 Lob.
2237 3897 2442 3957 Rhem.
2485 3899 2628 3957 289.

847 3987 1052 4061 133,6
1101 3983 1224 4066 φή]
1261 3986 1687 4047 Ahr.diall.11
1727 3988 1884 4062 2953
1929 3986 2071 4046 Lob.
2104 3987 2216 4045 En.
2248 3987 2308 4045 H
2347 3988 2503 4061 3073
2549 3985 2804 4064 GMeyer
2850 4007 2935 4066 gr.
2976 3978 3105 4046 (ἔειπ’
3151 3986 3283 4047 430

665 4069 783 4150 εφῆ
832 4077 922 4137 als
970 4077 1025 4136 3.
1058 4074 1222 4155 Sing.
1251 4076 1449 4137 Praes.
1486 4076 1584 4136 bei
1619 4077 1939 4136 Anakreon
1977 4077 2087 4154 frg.
2119 4078 2199 4135 41
2250 4077 2333 4136 ist
2376 4079 2530 4135 trotz
2566 4076 2920 4154 Apollonios
2965 4078 3119 4153 synt.
3152 4076 3281 4135 238

667 4159 758 4244 [et
801 4165 932 4225 adv.
976 4161 1158 4245 1331]
1207 4165 1638 4226 unzureichend
1681 4160 1970 4245 bezeugt'.

847 4255 993 4330 133,
1015 4256 1055 4314 8
1102 4250 1282 4331 ὅπερ,
1329 4257 1486 4333 quod
1533 4257 1598 4314 in
1635 4252 1861 4330 διόπερ
1899 4256 2122 4315 mutari
2157 4257 2352 4315 voluit
2388 4254 2756 4315 Schoemann
2795 4255 2856 4314 H
2895 4257 2933 4314 8
2967 4281 3051 4303 =
3081 4272 3279 4332 opusc.

662 4343 750 4402 IV
801 4345 930 4404 250
976 4336 1165 4425 (‘cum
1209 4344 1359 4404 nihil
1403 4345 1758 4422 processerit
1801 4364 1919 4421 quo
1963 4344 2174 4405 referri
2217 4337 2491 4427 possit'),
2549 4345 2849 4404 interdum
2892 4344 3051 4404 idem
3098 4343 3284 4423 signi·

664 4433 840 4493 ficare
888 4433 1048 4510 quod
1091 4430 1317 4510 διόπερ
1364 4435 1606 4511 exposui
1655 4434 1730 4492 ad
1774 4453 1943 4510 pron.
1986 4435 2133 4508 103,
2156 4436 2210 4492 7.

847 4524 995 4598 133,
1018 4524 1102 4582 10
1147 4523 1363 4583 codicis
1409 4525 1765 4600 scripturam
1804 4541 1985 4600 quam
2031 4525 2267 4583 servavi
2311 4525 2397 4584 sic
2440 4526 2824 4602 interpretor:
2871 4517 3076 4599 ‘atque
3123 4522 3285 4598 quod

664 4613 921 4672 alterum
980 4613 1159 4671 attuli
1215 4605 1367 4694 (scil.
1426 4612 1766 4673 abnormem
1825 4630 1952 4674 esse
2011 4614 2235 4672 exitum
2287 4614 2352 4672 in
2400 4605 2469 4694 V)
2527 4631 2730 4673 rursus
2791 4612 3104 4690 analogiae
3162 4631 3285 4672 non

666 4838 787 4903 κήν.
854 4837 993 4891 ἀλλὰ
1030 4839 1120 4892 καὶ
1154 4839 1222 4891 τὸ
1260 4839 1404 4892 ἑλεῖν
1441 4835 1798 4891 scribendum
1835 4851 1956 4890 esse
1993 4837 2133 4905 puto
2161 4837 2300 4891 ἀλλὰ
2336 4839 2564 4906 φέρεται
2600 4839 2707 4905 γὰρ
2735 4838 2825 4894 ἐπ’
2851 4836 3157 4903 αἰτιατικὴν
3194 4839 3287 4891 καὶ

663 4909 731 4961 τὸ
770 4909 914 4962 ἑλεῖν
951 4926 997 4963 κ.
1018 4925 1068 4962 τ.
1089 4910 1136 4962 λ.
1168 4940 1234 4948 -
1263 4908 1405 4962 Ibid.
1438 4913 1559 4972 244,
1581 4914 1644 4962 21
1684 4911 1753 4963 τὸ
1788 4913 2016 4963 τοιοῦτο
2054 4909 2369 4976 ὑπερβατόν
2405 4910 2532 4976 ἐστι,
2569 4911 2637 4963 τὸ
2666 4911 2778 4964 ‘boc
2816 4911 2878 4964 δέ
2913 4910 2966 4963 τ’
2993 4909 3080 4975 ἔμ’
3106 4909 3287 4976 ἄνδρα

664 4979 841 5048 ἑλεῖν’,
879 4978 1146 5051 (ἑλεῖν)
1181 4980 1346 5034 τόνδε
1381 4981 1484 5035 τὸν
1520 4981 1712 5049 ἄνδρα.
