3738 5530
421 621 470 660 15

378 2247 478 2296 603

412 3070 463 3109 10

412 3476 462 3515 15

1265 437 1274 444 .
1336 400 1705 452 ADVERBIA
1745 402 1820 453 IN
1856 385 2007 453 &fiii
2042 399 2157 466 (ET
2178 385 2314 468 δι).
2994 399 3110 463 189

693 605 851 670 «Καὶ
907 604 1074 682 ἐπεί,
1134 606 1223 670 ὡς
1282 604 1634 684 πρόκειται,
1692 604 1808 687 <τὸ
1853 608 1894 670 ὃ
1938 604 2057 686 τὸ)
2113 604 2184 669 ἐν
2240 610 2335 688 τῷ
2378 605 2812 689 πρωτοτύπῳ,
2871 605 2985 671 ἐάν
3038 625 3107 672 τε

519 706 723 788 μόνον
795 706 867 791 ᾖ,
935 707 1050 772 ἐάν
1117 727 1184 771 τε
1255 708 1369 772 ςὺν
1447 707 1647 792 ἑτέρῳ
1712 708 2066 787 φωνήεντι,
2132 707 2546 788 φυλάςςεται,
2611 706 2775 770 Διός
2846 707 3107 784 Διόθεν,

518 811 765 877 παντός
833 810 1189 886 πάντοθεν,
1269 812 1468 887 τηλοῦ
1536 808 1838 888 τηλόθεν,
1912 809 2015 874 καὶ
2084 810 2261 887 παρὰ
2331 809 2447 887 τὴν
2507 808 2779 888 ἠπείρου
2848 811 3107 889 γενικὴν

517 914 594 978 τὸ
650 912 1022 991 ἠπειρόθεν,
1090 912 1169 976 ού
1227 913 1352 992 μὴν
1407 911 1605 988 ὑγιῶς
1671 910 1827 990 ἔχον
1883 911 1960 975 τὸ
2017 909 2505 989 ἀπείρηθεν.»
2565 912 2876 1018 -.”Εςτι
2941 911 3108 992 πρὸς

518 1019 713 1080 τοῦτο
761 1015 983 1097 φάναι,
1032 1013 1123 1079 ὡς
1168 1013 1426 1091 πλείςτη
1472 1012 1790 1093 μετάθεςίς
1835 1012 1965 1077 ἐςτι
2008 1016 2126 1077 τοῦ
2173 1014 2211 1076 ὃ
2255 1011 2342 1077 εἰς
2385 1012 2461 1077 τὸ
2504 1016 2543 1089 ἦ
2589 1012 2748 1078 κατὰ
2790 1014 2907 1093 τὴν
2938 1014 3107 1079 Ἰάδα
3142 1034 3174 1083 5

515 1116 885 1199 διάλεκτον,
943 1114 1024 1180 οὐ
1068 1117 1187 1194 μὴν
1235 1114 1402 1179 ἀλλὰ
1444 1116 1551 1180 καὶ
1594 1116 1752 1180 κατὰ
1794 1115 1869 1180 τὸ
1916 1115 2140 1180 κοινὸν
2184 1114 2354 1180 ἔθος.
2402 1152 2483 1162 -
2535 1115 2710 1195 παρὰ
2753 1116 2869 1194 τὴν
2916 1116 3107 1196 βάλα-

515 1237 636 1282 νον
693 1217 1181 1298 βαλανηφόρος·
1239 1218 1414 1295 παρὰ
1456 1216 1533 1281 τὸ
1591 1216 1869 1281 κάλαθος
1928 1217 2393 1293 καλαθοποιός,
2456 1217 2621 1282 ἀλλὰ
2675 1218 2775 1281 καὶ
2831 1219 3107 1297 καλαθη-

516 1318 753 1400 φόρος·
811 1319 986 1398 παρὰ
1029 1319 1104 1384 τὸ
1148 1317 1397 1398 ἔλαφος
1441 1317 1886 1399 ἐλαφοκτόνος
1927 1318 2248 1401 Ἄρτεμις,
2307 1318 2472 1383 ἀλλὰ
2515 1319 2616 1383 καὶ
2661 1317 3100 1401 ἐλαφηβόλος·

515 1421 1010 1503 ςτεφανοποιός,
1056 1419 1224 1485 ἀλλὰ
1266 1422 1370 1485 καὶ
1414 1419 1927 1500 ςτεφανηφόρος.
1976 1456 2051 1465 -
2096 1420 2312 1485 Ἴωνες
2357 1422 2428 1485 δὲ
2473 1421 2576 1485 καὶ
2618 1420 2772 1486 τοὺς
2816 1421 3103 1499 ὁρκιοτό·

516 1543 675 1602 μους
720 1522 1137 1602 ὁρκιητόμους
1182 1522 1356 1604 φαςί,
1400 1522 1504 1586 καὶ
1544 1522 1697 1586 τοὺς
1730 1520 2083 1601 αἱμοπότας
2113 1520 2483 1600 αἱμηπότας.
2523 1558 2598 1567 -—
2646 1525 2765 1586 τοῦ
2799 1521 3104 1588 τοιούτου
3144 1541 3206 1589 10

517 1623 720 1701 λόγου
765 1623 974 1703 εἴχετο
1020 1625 1124 1689 καὶ
1166 1623 1241 1687 τὸ
1286 1623 1562 1702 κοτήεις·
1611 1622 1701 1689 ὡς
1742 1624 1867 1702 γὰρ
1913 1625 2090 1703 παρὰ
2131 1623 2209 1687 τὸ
2255 1623 2490 1702 ἄνεμος
2533 1623 2846 1705 ἀνεμόεις,
2891 1624 3105 1703 ψόλος

516 1724 809 1809 ψολόεις,
854 1724 1062 1790 οὕτως
1104 1725 1207 1789 καὶ
1253 1724 1290 1789 ὁ
1335 1724 1525 1790 κότος
1568 1724 1816 1789 κοτόεις
1860 1726 1962 1789 καὶ
2005 1724 2273 1803 κοτήεις.
2316 1761 2383 1770 --
2433 1725 2608 1805 παρὰ
2637 1729 2799 1802 γοῦν
2829 1726 2904 1791 τὸ
2950 1725 3105 1790 θύος

515 1825 711 1892 πάλιν
757 1825 921 1891 ἐςτὶν
968 1826 1080 1892 ὁτὲ
1123 1826 1237 1905 μὲν
1281 1827 1387 1891 διὰ
1429 1829 1548 1890 τοῦ
1594 1828 1632 1891 ὃ
1678 1826 2065 1911 λεγόμενον,

776 1928 969 1993 θυόεν
1015 1928 1221 2008 νέφος
1271 1925 1351 2008 (O
1403 1927 1581 2006 153),

516 2031 625 2097 ὁτὲ
670 2033 742 2096 δὲ
787 2029 893 2095 διὰ
935 2032 1055 2094 τοῦ
1105 2031 1179 2111 ἦ,
3143 2048 3207 2097 15

773 2130 987 2212 βωμός
1031 2150 1099 2195 τε
1146 2130 1357 2209 θυήεις
1405 2129 1490 2213 (Θ
1534 2130 1665 2215 48).
1711 2166 1794 2177 —-

514 2233 601 2300 εἰς
643 2234 761 2299 τὸν
807 2236 1103 2298 τοιοῦτον
1150 2230 1351 2309 λόγον
1396 2231 1748 2312 πάμπολλα
1790 2232 1960 2298 ἔςτιν
2004 2233 2305 2299 ἐκθέςθαι.
2344 2271 2424 2281 -
2473 2233 2668 2300 οὐδὲν
2717 2233 2837 2301 οὖν
2875 2235 3105 2300 κωλύει

513 2337 676 2403 ποτὲ
721 2336 833 2415 μὲν
878 2321 1082 2416 <τὸν>
1126 2334 1325 2399 αὐτὸν
1370 2333 1573 2413 φάναι
1617 2333 1995 2413 ήπειρόθεν,
2049 2337 2211 2401 ποτὲ
2266 2335 2338 2399 δὲ
2382 2335 2761 2419 ἀπείρηθεν,
2818 2337 2979 2401 ποτὲ
3031 2337 3104 2401 δὲ

513 2436 878 2515 ἀπειρόθεν.

680 2539 860 2605 Ἐνια
925 2538 1028 2602 καὶ
1055 2598 1060 2606 ,
1091 2536 1220 2601 ὑπὸ
1287 2535 1495 2601 πάθος
1558 2537 1805 2621 πίπτει,
1883 2538 2094 2603 καθὼς
2155 2537 2552 2620 ἐκτεθείμεθα
2609 2539 2714 2605 καὶ
2776 2539 2924 2619 περὶ
2985 2543 3103 2606 τοῦ
3138 2555 3206 2605 20

515 2644 744 2706 κεῖθεν.
814 2675 880 2685 -
950 2640 1077 2717 Τῆς
1130 2639 1255 2718 γὰρ
1308 2639 1608 2717 τοιαύτης
1662 2642 1983 2718 ςυγκοπῆς
2035 2638 2243 2720 ἔχεται
2301 2641 2404 2705 καὶ
2457 2640 2531 2705 τὸ
2599 2639 2950 2706 ὄπιςθεν·
3011 2640 3103 2707 ὡς

512 2743 635 2823 γὰρ
700 2739 839 2807 ἄνω
905 2738 1194 2822 ἄνωθεν,
1261 2740 1386 2806 ἔςω
1453 2740 1721 2824 ἔςωθεν,
1790 2741 2002 2809 οὕτως
2058 2739 2263 2807 ὀπίςω
2332 2741 2665 2808 ὀπίςωθεν.
2750 2742 2789 2806 ὃ
2845 2743 2922 2822 δὴ
2969 2741 3102 2809 ἔςθ’

513 2844 621 2910 ὅτε
679 2846 782 2910 καὶ
843 2845 1001 2922 μετὰ
1054 2847 1170 2908 τοῦ
1213 2847 1249 2907 ’ἑ
1302 2842 1717 2919 ςυγκόπτεται
1732 2891 1753 2926 ,
1809 2842 1919 2909 ὅτε
1971 2843 2213 2919 γίνεται
2266 2844 2508 2910 ὄπιθεν.
2608 2845 2718 2909 Καὶ
2758 2845 2835 2908 τὸ
2879 2844 2914 2910 ἔ
2924 2865 3010 2911 νε
3028 2865 3103 2925 ρ-

512 2953 642 3012 θεν
707 2947 779 3010 δὲ
836 2945 957 3010 δύο
1022 2944 1191 3023 πάθη
1260 2944 1641 3019 ἀνεδέξατο,
1713 2947 2037 3025 ςυγκοπὴν
2103 2946 2206 3011 καὶ
2264 2945 2621 3026 ἀφαίρεςιν.
2717 2946 2799 3026 ἦν
2865 2946 2989 3026 γάρ
3043 2968 3102 3011 τι

512 3047 721 3127 ὄνομα
764 3047 839 3111 τὸ
886 3045 1149 3130 ἔνερον,
1194 3045 1321 3126 ἀφ’
1365 3045 1447 3110 οὗ
1490 3047 1567 3112 τὸ
1615 3045 1866 3112 ἐντελὲς
1911 3046 2226 3128 ἐπίρρημα
2269 3047 2593 3128 ἐνερόθεν,
2646 3045 2772 3128 ἀφ’
2819 3046 2899 3112 οὗ
2942 3048 3102 3113 κατὰ
3138 3062 3206 3111 25

515 3149 838 3227 ςυγκοπήν
904 3147 1196 3227 ἔνερθεν,
1261 3146 1424 3227 τάχα
1488 3152 1600 3226 τῆς
1663 3146 1871 3214 ὀξείας
1936 3147 2229 3225 εὐλόγως
2295 3148 2735 3231 ύπερτεθείςης
2794 3151 2957 3214 κατὰ
3027 3151 3103 3215 τὸ

513 3250 716 3331 ἄρχον
761 3250 975 3331 μέρος,
1021 3248 1161 3314 ἐπεὶ
1204 3250 1284 3314 τὰ
1326 3250 1827 3330 παραληγόμενα
1871 3253 2005 3313 τῶν
2053 3249 2498 3329 ἐπιρρημάτων
2543 3257 2635 3335 τῷ
2671 3253 2728 3328 ὃ,
2777 3249 2867 3317 ὡς
2906 3250 3102 3316 δεδεί-

512 3358 697 3429 ξεται,
742 3351 1081 3431 κατάφορά
1125 3351 1289 3416 ἐςτιν
1333 3351 1440 3415 ἐπὶ
1482 3351 1558 3416 τὸ
1603 3351 2089 3434 παροξύνεςθαι,
2133 3356 2264 3417 τῶν
2310 3351 2490 3435 ἄλλῳ
2535 3352 2862 3433 φωνήεντι
2905 3373 3100 3430 παρε·

513 3452 925 3533 δρευομένων
970 3452 1050 3517 οὐ
1094 3457 1243 3538 τῇδε
1287 3452 1597 3531 ἐχόντων.
1654 3454 1853 3533 ςαφὲς
1899 3451 2042 3535 οὖν,
2087 3451 2185 3519 ὅτι
2228 3453 2330 3519 καὶ
2373 3454 2445 3518 ἐν
2490 3453 2821 3534 ἀφαιρέςει
2864 3453 2992 3519 ἐςτὶ
3024 3454 3101 3519 τὸ

765 3555 995 3634 νέρθεν
1040 3553 1160 3618 ὑπ’
1205 3554 1594 3634 ἐγκεφάλοιο
1640 3554 1731 3637 (Π
1776 3553 1949 3639 347).
2944 3540 2955 3549 ’
3137 3572 3204 3620 30

647 3740 861 3792 Anam.
934 3743 959 3791 1
996 3736 1212 3792 Eodem
1247 3738 1414 3793 modo
1449 3744 1485 3793 ’ὁ
1519 3753 1691 3812 saepe
1725 3738 1784 3790 in
1809 3745 1848 3806 ῆ
1883 3740 2156 3805 mutatum
2193 3755 2369 3808 quare
2402 3740 2706 3809 ἀπείρηθεν
2735 3755 2848 3794 non
2884 3741 2971 3795 est
3005 3756 3103 3794 eur

512 3823 979 3962 ἔιέἓξὲἱῖυέή-
1022 3827 1089 3876 20
1123 3822 1411 3890 Ἐνερθεν,
1460 3822 1610 3877 unde
1645 3838 1750 3891 per
1785 3822 2118 3893 aphaeresin
2152 3824 2364 3878 factum
2401 3826 2488 3879 est
2524 3825 2747 3894 νέρθεν,
2797 3824 2867 3879 ab
2905 3826 3103 3894 ἐνερον

648 4059 870 4114 Tum-ns.
918 4064 1001 4112 -21
1040 4058 1127 4113 Et.
1162 4058 1239 4114 Μ.
1276 4064 1392 4126 62⁷,
1426 4066 1479 4113 11
1522 4054 1765 4115 ὄπιθεν·
1806 4056 1923 4114 ἀπὸ
1960 4061 2062 4115 τοῦ
2100 4052 2305 4127 ὀπίσω,
2345 4052 2668 4130 ὄπίσωθεν,
2706 4063 2807 4117 καὶ
2845 4065 3103 4133 συγκοπῇ

516 4144 617 4212 τῆς
653 4144 730 4198 σῶ
766 4141 1067 4215 συλλαβῆς.
1132 4141 1209 4198 Εἰ
1247 4140 1313 4198 δὲ
1350 4134 1627 4212 ὄπισθεν,
1667 4137 1934 4216 α’ποκοπῇ
1970 4146 2074 4200 τοῦ
2099 4144 2167 4198 ὦ·
2202 4145 2302 4199 καὶ
2327 4140 2711 4215 μετόπισθεν,
2739 4140 2990 4211 Ἰλιάδος
3014 4141 3095 4202 α’.

513 4257 579 4268 --
617 4233 683 4282 24
717 4226 899 4297 Epim.
937 4226 1024 4282 Cr.
1060 4232 1187 4295 290,
1222 4233 1289 4283 20
1333 4225 1578 4296 νέρθεν·
1629 4226 1732 4298 ἔρα
1775 4226 1931 4284 ἐστὶν
1976 4224 2012 4299 ἡ
2059 4230 2130 4300 γῆ
2179 4227 2389 4300 ἐνέρων
2435 4231 2515 4299 (Τ
2542 4232 2630 4300 61)
2678 4228 2955 4301 ἔνέροθεν
3000 4232 3101 4287 καὶ

514 4313 773 4382 συγκοπῇ
812 4310 1054 4381 ἔνερθεν
1092 4312 1193 4367 καὶ
1230 4308 1526 4380 ὑπένερθε
1563 4316 1648 4382 (Γ
1666 4316 1814 4382 278),
1839 4308 1916 4377 ὥς
1951 4308 2315 4384 ἑκατέρωθεν
2342 4308 2685 4384 ἑκάτερθεν·
2724 4312 2849 4371 εἶτα
2873 4318 3102 4385 γίνεται

512 4393 754 4465 ἔνερθεν
791 4397 921 4466 γῆς·
967 4392 1276 4466 ἀφαίρεσις
1312 4390 1423 4465 ἄρα
1459 4395 1688 4467 γέγονε,
1731 4394 1797 4452 τὸ
1841 4393 1952 4468 γὰρ
1999 4396 2206 4468 ἔνερθε
2251 4394 2479 4469 πρῶτόν
2519 4396 2693 4456 ἔστιν.
2764 4398 2844 4459 Cf.
2879 4399 2967 4456 Et.
3004 4399 3097 4461 Or.

521 4485 639 4544 11⁸1,
677 4485 761 4538 20.
829 4478 918 4534 Et.
954 4478 1030 4535 M.
1070 4486 1198 4549 114,
1240 4487 1318 4538 13.

646 4629 836 4687 stcn.
879 4650 1080 4691 sempr.
1142 4638 1189 4687 1.
1224 4635 1294 4688 τὸ
1331 4640 1366 4689 ὃ
1398 4636 1470 4689 τὸ
1507 4634 1633 4689 add.
1670 4634 1708 4689 b
1744 4639 1801 4688 in
1840 4651 1956 4690 var.
1993 4635 2151 4703 leot,
2186 4637 2337 4706 <τὸ>
2372 4638 2434 4692 ἐν
2468 4643 2553 4704 τῷ
2590 4638 2959 4708 πρωτοτύπῳ
2985 4638 3099 4708 <δ>

517 4711 962 4771 GFSehoemann
1036 4720 1046 4786 Ι
1120 4723 1170 4771 6.
1208 4700 1383 4774 κῗήιον
1429 4719 1502 4787 Α,
1551 4736 1603 4773 οι
1638 4719 1710 4775 ab
1747 4722 1814 4776 Α1
1851 4737 2024 4790 supra.
2057 4720 2328 4790 seriptum
2401 4723 2411 4788 Ι
2483 4727 2589 4776 9-
2611 4729 2686 4776 10.
2724 4723 3096 4789 όρκιητόμους

517 4797 893 4865 ChALobeck,
921 4804 1304 4871 όρκιηφόρους
1328 4802 1421 4857 Ab
1451 4804 1462 4871 Ι
1498 4809 1574 4860 18.
1597 4805 1704 4858 τὸν
1728 4802 1857 4858 add.
1883 4803 2240 4860 Rsschneider
2269 4810 2278 4873 Ι
2309 4811 2392 4860 24.
2417 4806 2741 4875 ἀνεδέξατο]
2768 4805 2863 4861 fol.
2895 4813 2988 4861 144
3011 4825 3060 4866 r.
3085 4810 3092 4875 Ι

517 4888 600 4937 28.
638 4890 758 4939 τῶν
793 4887 950 4955 ἄλλῳ
987 4886 1284 4955 φωνήεντι
1317 4886 1382 4955 b,
1420 4904 1541 4941 των
1579 4890 1775 4942 αλλων
1811 4906 2172 4959 φωνηεντων
2209 4891 2253 4945 Α
