<?xml version="1.0" encoding="UTF-8"?>
<!DOCTYPE html PUBLIC "-//W3C//DTD XHTML 1.0 Transitional//EN"
    "http://www.w3.org/TR/xhtml1/DTD/xhtml1-transitional.dtd">
<html xmlns="http://www.w3.org/1999/xhtml" xml:lang="en" lang="en">
 <head>
  <title>
</title>
<meta http-equiv="Content-Type" content="text/html;charset=utf-8" />
  <meta name='ocr-system' content='tesseract 3.04.00' />
  <meta name='ocr-capabilities' content='ocr_page ocr_carea ocr_par ocr_line ocrx_word'/>
</head>
<body>
  <div class='ocr_page' id='page_1' title='image "./grammaticigraec00unkngoog_0445.png"; bbox 0 0 3738 5530; ppageno 0'>
   <div class='ocr_carea' id='block_1_1' title="bbox 589 323 3088 395">
    <p class='ocr_par' dir='ltr' id='par_1_1' title="bbox 589 323 3088 395">
     <span class='ocr_line' id='line_1_1' title="bbox 589 323 3088 395; baseline -0.001 -14"><span class='ocrx_word' id='word_1_1' title='bbox 589 323 1029 392; x_wconf 67' lang='lat' dir='ltr'><strong>Commentarius!</strong></span> <span class='ocrx_word' id='word_1_2' title='bbox 1058 324 1286 380; x_wconf 67' lang='lat' dir='ltr'>criticus</span> <span class='ocrx_word' id='word_1_3' title='bbox 1315 328 1373 380; x_wconf 71' lang='lat' dir='ltr'><strong>et</strong></span> <span class='ocrx_word' id='word_1_4' title='bbox 1401 324 1723 395; x_wconf 75' lang='lat' dir='ltr'><strong>exegeticus</strong></span> <span class='ocrx_word' id='word_1_5' title='bbox 1751 324 1812 380; x_wconf 85' lang='lat' dir='ltr'>in</span> <span class='ocrx_word' id='word_1_6' title='bbox 1839 324 2128 394; x_wconf 85' lang='lat' dir='ltr'><strong>Apollonii</strong></span> <span class='ocrx_word' id='word_1_7' title='bbox 2159 324 2387 394; x_wconf 78' lang='lat' dir='ltr'><strong>Dyscoli</strong></span> <span class='ocrx_word' id='word_1_8' title='bbox 2417 326 2628 395; x_wconf 72' lang='lat' dir='ltr'><strong>scripta</strong></span> <span class='ocrx_word' id='word_1_9' title='bbox 2653 325 2885 380; x_wconf 75' lang='lat' dir='ltr'>minora.</span> <span class='ocrx_word' id='word_1_10' title='bbox 2966 326 3088 391; x_wconf 79' lang='lat'>151</span> 
     </span>
    </p>
   </div>
   <div class='ocr_carea' id='block_1_2' title="bbox 455 487 3094 5044">
    <p class='ocr_par' dir='ltr' id='par_1_2' title="bbox 473 487 3094 1201">
     <span class='ocr_line' id='line_1_2' title="bbox 481 487 3094 577; baseline -0 -21"><span class='ocrx_word' id='word_1_11' title='bbox 481 496 839 575; x_wconf 71' lang='lat' dir='ltr'><strong>Steigerung</strong></span> <span class='ocrx_word' id='word_1_12' title='bbox 875 487 1043 577; x_wconf 78' lang='lat' dir='ltr'><strong>(men</strong></span> <span class='ocrx_word' id='word_1_13' title='bbox 1079 503 1239 555; x_wconf 67' lang='lat' dir='ltr'><strong>ware</strong></span> <span class='ocrx_word' id='word_1_14' title='bbox 1275 495 1534 573; x_wconf 74' lang='lat' dir='ltr'>geneig1;⁷</span> <span class='ocrx_word' id='word_1_15' title='bbox 1581 495 1640 553; x_wconf 90' lang='lat' dir='ltr'>Z.</span> <span class='ocrx_word' id='word_1_16' title='bbox 1665 497 1703 553; x_wconf 79' lang='lat'>7</span> <span class='ocrx_word' id='word_1_17' title='bbox 1733 495 1773 553; x_wconf 89' lang='lat' dir='ltr'>f.</span> <span class='ocrx_word' id='word_1_18' title='bbox 1813 490 2215 555; x_wconf 85' lang='grc' dir='ltr'>ἐπιτακτικὸν</span> <span class='ocrx_word' id='word_1_19' title='bbox 2250 495 2372 554; x_wconf 87' lang='lat' dir='ltr'>und</span> <span class='ocrx_word' id='word_1_20' title='bbox 2411 490 2761 557; x_wconf 82' lang='grc' dir='ltr'>ἐπιτάξεων</span> <span class='ocrx_word' id='word_1_21' title='bbox 2797 516 2869 555; x_wconf 85' lang='lat' dir='ltr'>zu</span> <span class='ocrx_word' id='word_1_22' title='bbox 2915 497 3094 572; x_wconf 81' lang='lat' dir='ltr'><strong>lesen,</strong></span> 
     </span>
     <span class='ocr_line' id='line_1_3' title="bbox 477 578 3088 668; baseline -0.001 -22"><span class='ocrx_word' id='word_1_23' title='bbox 477 606 650 646; x_wconf 83' lang='lat' dir='ltr'>wenn</span> <span class='ocrx_word' id='word_1_24' title='bbox 704 586 801 645; x_wconf 83' lang='lat' dir='ltr'><strong>die</strong></span> <span class='ocrx_word' id='word_1_25' title='bbox 857 583 1041 645; x_wconf 74' lang='lat' dir='ltr'><strong>Stelle</strong></span> <span class='ocrx_word' id='word_1_26' title='bbox 1095 585 1264 645; x_wconf 71' lang='lat' dir='ltr'><strong>nieht</strong></span> <span class='ocrx_word' id='word_1_27' title='bbox 1315 584 1499 644; x_wconf 79' lang='lat' dir='ltr'><strong>durch</strong></span> <span class='ocrx_word' id='word_1_28' title='bbox 1561 586 1717 661; x_wconf 77' lang='lat' dir='ltr'><strong>synt.</strong></span> <span class='ocrx_word' id='word_1_29' title='bbox 1756 583 1849 642; x_wconf 91' lang='lat' dir='ltr'>III</span> <span class='ocrx_word' id='word_1_30' title='bbox 1892 585 1971 643; x_wconf 86' lang='lat'>15</span> <span class='ocrx_word' id='word_1_31' title='bbox 2021 583 2077 642; x_wconf 81' lang='lat' dir='ltr'>S.</span> <span class='ocrx_word' id='word_1_32' title='bbox 2122 585 2269 661; x_wconf 83' lang='lat'>235,</span> <span class='ocrx_word' id='word_1_33' title='bbox 2292 587 2373 644; x_wconf 82' lang='lat'>22</span> <span class='ocrx_word' id='word_1_34' title='bbox 2402 585 2442 642; x_wconf 86' lang='lat' dir='ltr'>f.</span> <span class='ocrx_word' id='word_1_35' title='bbox 2499 584 2805 662; x_wconf 77' lang='lat' dir='ltr'><strong>geeehfltzt</strong></span> <span class='ocrx_word' id='word_1_36' title='bbox 2859 578 3088 668; x_wconf 61' lang='lat' dir='ltr'><strong>ware)’.</strong></span> 
     </span>
     <span class='ocr_line' id='line_1_4' title="bbox 477 668 3090 752; baseline 0 -18"><span class='ocrx_word' id='word_1_37' title='bbox 477 676 606 736; x_wconf 81' lang='lat' dir='ltr'>Hoc</span> <span class='ocrx_word' id='word_1_38' title='bbox 668 675 936 752; x_wconf 69' lang='lat' dir='ltr'><strong>syntaxis</strong></span> <span class='ocrx_word' id='word_1_39' title='bbox 990 675 1121 734; x_wconf 82' lang='lat' dir='ltr'>loco</span> <span class='ocrx_word' id='word_1_40' title='bbox 1177 674 1275 735; x_wconf 99' lang='grc' dir='ltr'>δεῖ</span> <span class='ocrx_word' id='word_1_41' title='bbox 1329 676 1390 734; x_wconf 74' lang='lat' dir='ltr'><strong>et</strong></span> <span class='ocrx_word' id='word_1_42' title='bbox 1444 670 1564 749; x_wconf 88' lang='grc' dir='ltr'>χρή</span> <span class='ocrx_word' id='word_1_43' title='bbox 1633 675 2019 734; x_wconf 78' lang='lat' dir='ltr'><strong>conferuntur</strong></span> <span class='ocrx_word' id='word_1_44' title='bbox 2081 692 2216 733; x_wconf 83' lang='lat' dir='ltr'>cum</span> <span class='ocrx_word' id='word_1_45' title='bbox 2271 671 2442 747; x_wconf 90' lang='grc' dir='ltr'>μάλα</span> <span class='ocrx_word' id='word_1_46' title='bbox 2495 676 2558 734; x_wconf 72' lang='lat' dir='ltr'><strong>et</strong></span> <span class='ocrx_word' id='word_1_47' title='bbox 2603 668 2785 745; x_wconf 86' lang='grc' dir='ltr'>ἄγαν.</span> <span class='ocrx_word' id='word_1_48' title='bbox 2877 676 3090 752; x_wconf 78' lang='lat' dir='ltr'><strong>Itaque</strong></span> 
     </span>
     <span class='ocr_line' id='line_1_5' title="bbox 478 758 3091 843; baseline 0 -19"><span class='ocrx_word' id='word_1_49' title='bbox 478 766 590 825; x_wconf 81' lang='lat' dir='ltr'>hoo</span> <span class='ocrx_word' id='word_1_50' title='bbox 633 766 816 843; x_wconf 77' lang='lat' dir='ltr'>vulgo</span> <span class='ocrx_word' id='word_1_51' title='bbox 860 766 1097 841; x_wconf 45' lang='lat' dir='ltr'><strong>putann</strong></span> <span class='ocrx_word' id='word_1_52' title='bbox 1142 759 1379 839; x_wconf 89' lang='grc' dir='ltr'>γράφω</span> <span class='ocrx_word' id='word_1_53' title='bbox 1426 767 1488 823; x_wconf 78' lang='lat' dir='ltr'><strong>et</strong></span> <span class='ocrx_word' id='word_1_54' title='bbox 1530 761 1630 824; x_wconf 90' lang='grc' dir='ltr'>δεῖ</span> <span class='ocrx_word' id='word_1_55' title='bbox 1674 758 1953 839; x_wconf 79' lang='grc' dir='ltr'>γράφειν</span> <span class='ocrx_word' id='word_1_56' title='bbox 1996 761 2086 823; x_wconf 76' lang='lat' dir='ltr'>ita</span> <span class='ocrx_word' id='word_1_57' title='bbox 2131 765 2370 822; x_wconf 73' lang='lat' dir='ltr'><strong>tentum</strong></span> <span class='ocrx_word' id='word_1_58' title='bbox 2413 764 2570 824; x_wconf 76' lang='lat' dir='ltr'><strong>inter</strong></span> <span class='ocrx_word' id='word_1_59' title='bbox 2615 782 2678 824; x_wconf 85' lang='lat' dir='ltr'><strong>se</strong></span> <span class='ocrx_word' id='word_1_60' title='bbox 2723 763 2976 838; x_wconf 83' lang='lat' dir='ltr'><strong>differre,</strong></span> <span class='ocrx_word' id='word_1_61' title='bbox 3022 767 3091 825; x_wconf 73' lang='lat' dir='ltr'>ut</span> 
     </span>
     <span class='ocr_line' id='line_1_6' title="bbox 480 844 3086 934; baseline 0 -20"><span class='ocrx_word' id='word_1_62' title='bbox 480 854 578 914; x_wconf 92' lang='grc' dir='ltr'>δεῖ</span> <span class='ocrx_word' id='word_1_63' title='bbox 612 849 890 930; x_wconf 79' lang='grc' dir='ltr'>γράφειν</span> <span class='ocrx_word' id='word_1_64' title='bbox 925 853 1214 913; x_wconf 67' lang='lat' dir='ltr'><strong>intentius</strong></span> <span class='ocrx_word' id='word_1_65' title='bbox 1240 854 1336 913; x_wconf 78' lang='lat' dir='ltr'><strong>vel</strong></span> <span class='ocrx_word' id='word_1_66' title='bbox 1373 852 1617 932; x_wconf 74' lang='lat' dir='ltr'><strong>gravius</strong></span> <span class='ocrx_word' id='word_1_67' title='bbox 1645 844 2228 934; x_wconf 74' lang='lat' dir='ltr'><strong>(neehdrflcklieher)</strong></span> <span class='ocrx_word' id='word_1_68' title='bbox 2256 853 2483 913; x_wconf 80' lang='lat' dir='ltr'>dictum</span> <span class='ocrx_word' id='word_1_69' title='bbox 2518 854 2600 913; x_wconf 79' lang='lat' dir='ltr'>sit</span> <span class='ocrx_word' id='word_1_70' title='bbox 2627 872 2807 931; x_wconf 74' lang='lat' dir='ltr'><strong>quam</strong></span> <span class='ocrx_word' id='word_1_71' title='bbox 2833 849 3086 929; x_wconf 87' lang='grc' dir='ltr'>γράφω,</span> 
     </span>
     <span class='ocr_line' id='line_1_7' title="bbox 475 937 3087 1021; baseline -0 -17"><span class='ocrx_word' id='word_1_72' title='bbox 475 944 646 1020; x_wconf 75' lang='lat' dir='ltr'><strong>quasi</strong></span> <span class='ocrx_word' id='word_1_73' title='bbox 707 945 842 1021; x_wconf 78' lang='lat' dir='ltr'><strong>quis</strong></span> <span class='ocrx_word' id='word_1_74' title='bbox 896 943 1059 1002; x_wconf 75' lang='lat' dir='ltr'><strong>dieat</strong></span> <span class='ocrx_word' id='word_1_75' title='bbox 1114 939 1398 1004; x_wconf 88' lang='grc' dir='ltr'>δεόντως</span> <span class='ocrx_word' id='word_1_76' title='bbox 1455 937 1719 1019; x_wconf 88' lang='grc' dir='ltr'>γράφω;</span> <span class='ocrx_word' id='word_1_77' title='bbox 1774 961 1961 1018; x_wconf 75' lang='lat' dir='ltr'><strong>quare</strong></span> <span class='ocrx_word' id='word_1_78' title='bbox 2020 945 2261 1002; x_wconf 72' lang='lat' dir='ltr'><strong>censent</strong></span> <span class='ocrx_word' id='word_1_79' title='bbox 2320 941 2419 1002; x_wconf 85' lang='grc' dir='ltr'>δεῖ</span> <span class='ocrx_word' id='word_1_80' title='bbox 2462 945 2524 1002; x_wconf 83' lang='lat' dir='ltr'><strong>et</strong></span> <span class='ocrx_word' id='word_1_81' title='bbox 2585 939 2704 1017; x_wconf 91' lang='grc' dir='ltr'>χρή</span> <span class='ocrx_word' id='word_1_82' title='bbox 2767 961 2805 1002; x_wconf 78' lang='lat' dir='ltr'><strong>a</strong></span> <span class='ocrx_word' id='word_1_83' title='bbox 2860 943 3087 1003; x_wconf 78' lang='lat' dir='ltr'><strong>talibus</strong></span> 
     </span>
     <span class='ocr_line' id='line_1_8' title="bbox 476 1026 3086 1109; baseline 0 -17"><span class='ocrx_word' id='word_1_84' title='bbox 476 1032 771 1092; x_wconf 77' lang='lat' dir='ltr'><strong>adverbiis</strong></span> <span class='ocrx_word' id='word_1_85' title='bbox 808 1033 1014 1109; x_wconf 76' lang='lat' dir='ltr'><strong>qualia</strong></span> <span class='ocrx_word' id='word_1_86' title='bbox 1057 1036 1199 1092; x_wconf 78' lang='lat' dir='ltr'><strong>sunt</strong></span> <span class='ocrx_word' id='word_1_87' title='bbox 1234 1026 1401 1104; x_wconf 86' lang='grc' dir='ltr'>ἄγαν</span> <span class='ocrx_word' id='word_1_88' title='bbox 1448 1027 1619 1106; x_wconf 87' lang='grc' dir='ltr'>μάλα</span> <span class='ocrx_word' id='word_1_89' title='bbox 1662 1030 2019 1092; x_wconf 74' lang='lat' dir='ltr'><strong>secernenda.</strong></span> <span class='ocrx_word' id='word_1_90' title='bbox 2053 1051 2173 1091; x_wconf 89' lang='lat' dir='ltr'>non</span> <span class='ocrx_word' id='word_1_91' title='bbox 2210 1049 2349 1092; x_wconf 81' lang='lat' dir='ltr'><strong>esse.</strong></span> <span class='ocrx_word' id='word_1_92' title='bbox 2425 1029 2690 1101; x_wconf 85' lang='lat' dir='ltr'><strong>Quorum</strong></span> <span class='ocrx_word' id='word_1_93' title='bbox 2725 1034 3086 1093; x_wconf 73' lang='lat' dir='ltr'><strong>sententiam</strong></span> 
     </span>
     <span class='ocr_line' id='line_1_9' title="bbox 473 1122 1142 1201; baseline -0.004 -19"><span class='ocrx_word' id='word_1_94' title='bbox 473 1124 792 1201; x_wconf 71' lang='lat' dir='ltr'><strong>impugnat</strong></span> <span class='ocrx_word' id='word_1_95' title='bbox 835 1122 1142 1198; x_wconf 76' lang='lat' dir='ltr'>Dyscolus.</span> 
     </span>
    </p>

    <p class='ocr_par' dir='ltr' id='par_1_3' title="bbox 470 1210 3087 1828">
     <span class='ocr_line' id='line_1_10' title="bbox 655 1210 3087 1288; baseline -0.001 -16"><span class='ocrx_word' id='word_1_96' title='bbox 655 1213 858 1287; x_wconf 87' lang='lat'>130‚1</span> <span class='ocrx_word' id='word_1_97' title='bbox 909 1212 981 1271; x_wconf 74' lang='lat' dir='ltr'>ef.</span> <span class='ocrx_word' id='word_1_98' title='bbox 1030 1215 1184 1288; x_wconf 63' lang='lat' dir='ltr'><strong>synt„</strong></span> <span class='ocrx_word' id='word_1_99' title='bbox 1235 1212 1383 1286; x_wconf 81' lang='lat'>294,</span> <span class='ocrx_word' id='word_1_100' title='bbox 1404 1211 1819 1287; x_wconf 83' lang='lat'><strong>8-299,17;</strong></span> <span class='ocrx_word' id='word_1_101' title='bbox 1883 1213 2037 1287; x_wconf 61' lang='lat' dir='ltr'>synt„</span> <span class='ocrx_word' id='word_1_102' title='bbox 2089 1212 2518 1286; x_wconf 81' lang='lat' dir='ltr'><strong>297,2o-24</strong></span> <span class='ocrx_word' id='word_1_103' title='bbox 2576 1212 2661 1271; x_wconf 76' lang='lat' dir='ltr'>sic</span> <span class='ocrx_word' id='word_1_104' title='bbox 2714 1210 3087 1271; x_wconf 78' lang='lat' dir='ltr'><strong>scribendum</strong></span> 
     </span>
     <span class='ocr_line' id='line_1_11' title="bbox 474 1294 3085 1381; baseline -0 -19"><span class='ocrx_word' id='word_1_105' title='bbox 474 1301 735 1362; x_wconf 78' lang='lat' dir='ltr'><strong>videtur:</strong></span> <span class='ocrx_word' id='word_1_106' title='bbox 783 1297 902 1362; x_wconf 86' lang='grc' dir='ltr'>οὐκ</span> <span class='ocrx_word' id='word_1_107' title='bbox 937 1295 1266 1361; x_wconf 87' lang='grc' dir='ltr'>ἀπιθάνως</span> <span class='ocrx_word' id='word_1_108' title='bbox 1312 1295 1391 1373; x_wconf 88' lang='grc' dir='ltr'>δή</span> <span class='ocrx_word' id='word_1_109' title='bbox 1431 1316 1536 1374; x_wconf 90' lang='grc' dir='ltr'>μοι</span> <span class='ocrx_word' id='word_1_110' title='bbox 1571 1295 1858 1375; x_wconf 88' lang='grc' dir='ltr'>Ὅμηρος</span> <span class='ocrx_word' id='word_1_111' title='bbox 1905 1298 2084 1361; x_wconf 87' lang='grc' dir='ltr'>δοκεῖ</span> <span class='ocrx_word' id='word_1_112' title='bbox 2129 1294 2341 1378; x_wconf 76' lang='grc' dir='ltr'>[οὐδὲ]</span> <span class='ocrx_word' id='word_1_113' title='bbox 2390 1296 2462 1361; x_wconf 89' lang='grc' dir='ltr'>ἐν</span> <span class='ocrx_word' id='word_1_114' title='bbox 2509 1302 2585 1380; x_wconf 81' lang='grc' dir='ltr'>τῇ</span> <span class='ocrx_word' id='word_1_115' title='bbox 2632 1296 2895 1381; x_wconf 81' lang='grc' dir='ltr'>τοιαύτῃ</span> <span class='ocrx_word' id='word_1_116' title='bbox 2944 1317 3085 1361; x_wconf 84' lang='grc' dir='ltr'>ςυν-</span> 
     </span>
     <span class='ocr_line' id='line_1_12' title="bbox 473 1382 3084 1469; baseline 0 -18"><span class='ocrx_word' id='word_1_117' title='bbox 473 1386 644 1453; x_wconf 85' lang='grc' dir='ltr'>τάξει</span> <span class='ocrx_word' id='word_1_118' title='bbox 702 1390 837 1451; x_wconf 86' lang='grc' dir='ltr'>τῶν</span> <span class='ocrx_word' id='word_1_119' title='bbox 891 1387 1199 1450; x_wconf 86' lang='grc' dir='ltr'>πτώςεων</span> <span class='ocrx_word' id='word_1_120' title='bbox 1253 1385 1657 1463; x_wconf 87' lang='grc' dir='ltr'>προτίθεςθαι</span> <span class='ocrx_word' id='word_1_121' title='bbox 1711 1389 1824 1463; x_wconf 87' lang='grc' dir='ltr'>τῆς</span> <span class='ocrx_word' id='word_1_122' title='bbox 1879 1382 2222 1463; x_wconf 73' lang='grc' dir='ltr'>αἰτιατικῆς</span> <span class='ocrx_word' id='word_1_123' title='bbox 2266 1385 2426 1468; x_wconf 80' lang='grc' dir='ltr'>(τὴν</span> <span class='ocrx_word' id='word_1_124' title='bbox 2480 1386 2808 1469; x_wconf 80' lang='grc' dir='ltr'>δοτικήν),</span> <span class='ocrx_word' id='word_1_125' title='bbox 2865 1388 3084 1451; x_wconf 85' lang='grc' dir='ltr'>καθότι</span> 
     </span>
     <span class='ocr_line' id='line_1_13' title="bbox 473 1471 3082 1563; baseline 0 -23"><span class='ocrx_word' id='word_1_126' title='bbox 473 1473 623 1563; x_wconf 81' lang='lat' dir='ltr'><strong>(scil.</strong></span> <span class='ocrx_word' id='word_1_127' title='bbox 669 1476 711 1554; x_wconf 84' lang='grc' dir='ltr'>ἡ</span> <span class='ocrx_word' id='word_1_128' title='bbox 758 1472 1006 1560; x_wconf 90' lang='grc' dir='ltr'>δοτικὴ)</span> <span class='ocrx_word' id='word_1_129' title='bbox 1052 1475 1156 1539; x_wconf 84' lang='grc' dir='ltr'>καὶ</span> <span class='ocrx_word' id='word_1_130' title='bbox 1199 1474 1434 1552; x_wconf 88' lang='grc' dir='ltr'>ταύτης</span> <span class='ocrx_word' id='word_1_131' title='bbox 1480 1471 1633 1561; x_wconf 79' lang='lat' dir='ltr'><strong>(scil.</strong></span> <span class='ocrx_word' id='word_1_132' title='bbox 1681 1478 1794 1553; x_wconf 85' lang='grc' dir='ltr'>τῆς</span> <span class='ocrx_word' id='word_1_133' title='bbox 1841 1471 2214 1561; x_wconf 84' lang='grc' dir='ltr'>αἰτιατικῆς)</span> <span class='ocrx_word' id='word_1_134' title='bbox 2271 1474 2437 1539; x_wconf 82' lang='grc' dir='ltr'>ἐςτὶν</span> <span class='ocrx_word' id='word_1_135' title='bbox 2495 1476 2953 1555; x_wconf 82' lang='grc' dir='ltr'>ἐμπεριεκτική,</span> <span class='ocrx_word' id='word_1_136' title='bbox 3011 1482 3082 1540; x_wconf 80' lang='lat' dir='ltr'>cf.</span> 
     </span>
     <span class='ocr_line' id='line_1_14' title="bbox 476 1563 3085 1645; baseline 0 -16"><span class='ocrx_word' id='word_1_137' title='bbox 476 1570 743 1645; x_wconf 82' lang='grc'>297,15.</span> <span class='ocrx_word' id='word_1_138' title='bbox 835 1567 984 1628; x_wconf 83' lang='lat' dir='ltr'>Ibid.</span> <span class='ocrx_word' id='word_1_139' title='bbox 1034 1569 1285 1644; x_wconf 82' lang='grc'>298,15</span> <span class='ocrx_word' id='word_1_140' title='bbox 1344 1564 1448 1628; x_wconf 86' lang='grc' dir='ltr'>καὶ</span> <span class='ocrx_word' id='word_1_141' title='bbox 1500 1565 1578 1629; x_wconf 86' lang='grc' dir='ltr'>τὸ</span> <span class='ocrx_word' id='word_1_142' title='bbox 1633 1563 1848 1639; x_wconf 87' lang='grc' dir='ltr'>εικειν,</span> <span class='ocrx_word' id='word_1_143' title='bbox 1908 1563 2113 1643; x_wconf 86' lang='grc' dir='ltr'>πάςης</span> <span class='ocrx_word' id='word_1_144' title='bbox 2173 1563 2550 1629; x_wconf 84' lang='grc' dir='ltr'>ἀντιθέςεως</span> <span class='ocrx_word' id='word_1_145' title='bbox 2612 1564 3085 1644; x_wconf 86' lang='grc' dir='ltr'>ἐμπεριεκτικὸν</span> 
     </span>
     <span class='ocr_line' id='line_1_15' title="bbox 473 1650 3085 1739; baseline 0 -20"><span class='ocrx_word' id='word_1_146' title='bbox 473 1654 550 1719; x_wconf 87' lang='grc' dir='ltr'>ὄν</span> <span class='ocrx_word' id='word_1_147' title='bbox 596 1676 648 1719; x_wconf 90' lang='grc' dir='ltr'>κ.</span> <span class='ocrx_word' id='word_1_148' title='bbox 677 1676 729 1719; x_wconf 90' lang='grc' dir='ltr'>τ.</span> <span class='ocrx_word' id='word_1_149' title='bbox 760 1658 814 1718; x_wconf 88' lang='grc' dir='ltr'>λ.</span> <span class='ocrx_word' id='word_1_150' title='bbox 905 1658 1151 1736; x_wconf 84' lang='lat' dir='ltr'><strong>Repono</strong></span> <span class='ocrx_word' id='word_1_151' title='bbox 1196 1653 1399 1731; x_wconf 91' lang='grc' dir='ltr'>πάςης</span> <span class='ocrx_word' id='word_1_152' title='bbox 1444 1653 1746 1733; x_wconf 86' lang='grc' dir='ltr'>ὑφέςεως</span> <span class='ocrx_word' id='word_1_153' title='bbox 1791 1653 2268 1733; x_wconf 83' lang='grc' dir='ltr'>ἐμπεριεκτικόν</span> <span class='ocrx_word' id='word_1_154' title='bbox 2314 1652 2393 1718; x_wconf 85' lang='grc' dir='ltr'>ὄν</span> <span class='ocrx_word' id='word_1_155' title='bbox 2440 1650 2654 1739; x_wconf 81' lang='lat' dir='ltr'><strong>(Uhlig</strong></span> <span class='ocrx_word' id='word_1_156' title='bbox 2704 1659 2734 1717; x_wconf 96' lang='lat' dir='ltr'>I</span> <span class='ocrx_word' id='word_1_157' title='bbox 2784 1661 2821 1718; x_wconf 79' lang='lat'>2</span> <span class='ocrx_word' id='word_1_158' title='bbox 2882 1654 3085 1734; x_wconf 86' lang='grc' dir='ltr'>πάςης</span> 
     </span>
     <span class='ocr_line' id='line_1_16' title="bbox 470 1738 1783 1828; baseline -0.002 -19"><span class='ocrx_word' id='word_1_159' title='bbox 470 1743 673 1826; x_wconf 85' lang='grc' dir='ltr'>&lt;οὐκ&gt;</span> <span class='ocrx_word' id='word_1_160' title='bbox 717 1743 1096 1809; x_wconf 87' lang='grc' dir='ltr'>ἀντιθέςεως</span> <span class='ocrx_word' id='word_1_161' title='bbox 1141 1743 1613 1822; x_wconf 86' lang='grc' dir='ltr'>ἐμπεριεκτικόν</span> <span class='ocrx_word' id='word_1_162' title='bbox 1658 1738 1783 1828; x_wconf 87' lang='grc' dir='ltr'>ὄν).</span> 
     </span>
    </p>

    <p class='ocr_par' dir='ltr' id='par_1_4' title="bbox 463 1832 3085 2717">
     <span class='ocr_line' id='line_1_17' title="bbox 646 1832 3082 1915; baseline -0 -17"><span class='ocrx_word' id='word_1_163' title='bbox 646 1837 764 1898; x_wconf 80' lang='lat' dir='ltr'>Sed</span> <span class='ocrx_word' id='word_1_164' title='bbox 822 1842 906 1897; x_wconf 78' lang='lat' dir='ltr'>est</span> <span class='ocrx_word' id='word_1_165' title='bbox 963 1840 1137 1897; x_wconf 77' lang='lat' dir='ltr'><strong>etiam</strong></span> <span class='ocrx_word' id='word_1_166' title='bbox 1191 1838 1297 1896; x_wconf 78' lang='lat' dir='ltr'>ubi</span> <span class='ocrx_word' id='word_1_167' title='bbox 1353 1837 1591 1897; x_wconf 76' lang='lat' dir='ltr'><strong>verbum</strong></span> <span class='ocrx_word' id='word_1_168' title='bbox 1650 1832 1777 1913; x_wconf 85' lang='grc' dir='ltr'>(δεῖ</span> <span class='ocrx_word' id='word_1_169' title='bbox 1830 1832 1982 1915; x_wconf 84' lang='grc' dir='ltr'>χρή)</span> <span class='ocrx_word' id='word_1_170' title='bbox 2038 1854 2172 1897; x_wconf 81' lang='lat' dir='ltr'>oum</span> <span class='ocrx_word' id='word_1_171' title='bbox 2227 1838 2585 1896; x_wconf 81' lang='lat' dir='ltr'><strong><em>nominativo</em></strong></span> <span class='ocrx_word' id='word_1_172' title='bbox 2638 1839 2893 1898; x_wconf 72' lang='lat' dir='ltr'>nontinis</span> <span class='ocrx_word' id='word_1_173' title='bbox 2950 1856 3082 1897; x_wconf 79' lang='lat' dir='ltr'>oon-</span> 
     </span>
     <span class='ocr_line' id='line_1_18' title="bbox 468 1918 3085 2009; baseline 0 -22"><span class='ocrx_word' id='word_1_174' title='bbox 468 1932 735 1988; x_wconf 63' lang='lat' dir='ltr'>struatur</span> <span class='ocrx_word' id='word_1_175' title='bbox 779 1920 911 2009; x_wconf 88' lang='lat' dir='ltr'>(ubi</span> <span class='ocrx_word' id='word_1_176' title='bbox 954 1927 1357 1986; x_wconf 77' lang='lat' dir='ltr'><strong>nominativus</strong></span> <span class='ocrx_word' id='word_1_177' title='bbox 1410 1926 1668 1986; x_wconf 77' lang='lat' dir='ltr'><strong>nominis</strong></span> <span class='ocrx_word' id='word_1_178' title='bbox 1714 1926 2023 1987; x_wconf 76' lang='lat' dir='ltr'><strong>cuiusdam</strong></span> <span class='ocrx_word' id='word_1_179' title='bbox 2068 1926 2399 1987; x_wconf 71' lang='lat' dir='ltr'><strong>subiet-,mm</strong></span> <span class='ocrx_word' id='word_1_180' title='bbox 2445 1926 2613 1986; x_wconf 81' lang='lat' dir='ltr'><strong>verbi</strong></span> <span class='ocrx_word' id='word_1_181' title='bbox 2658 1926 2757 1987; x_wconf 85' lang='grc' dir='ltr'>δεῖ</span> <span class='ocrx_word' id='word_1_182' title='bbox 2809 1918 2947 2009; x_wconf 78' lang='lat' dir='ltr'><strong>sit)=</strong></span> <span class='ocrx_word' id='word_1_183' title='bbox 3000 1928 3085 1988; x_wconf 80' lang='lat' dir='ltr'>ibi</span> 
     </span>
     <span class='ocr_line' id='line_1_19' title="bbox 467 2010 3082 2091; baseline 0 -14"><span class='ocrx_word' id='word_1_184' title='bbox 467 2019 798 2091; x_wconf 68' lang='lat' dir='ltr'>infinitivus</span> <span class='ocrx_word' id='word_1_185' title='bbox 854 2018 1221 2076; x_wconf 76' lang='lat' dir='ltr'><strong><em>accusativus</em></strong></span> <span class='ocrx_word' id='word_1_186' title='bbox 1255 2016 1566 2090; x_wconf 64' lang='lat' dir='ltr'>putandus</span> <span class='ocrx_word' id='word_1_187' title='bbox 1622 2019 1727 2085; x_wconf 75' lang='lat' dir='ltr'><strong>est,</strong></span> <span class='ocrx_word' id='word_1_188' title='bbox 1783 2017 1941 2076; x_wconf 77' lang='lat' dir='ltr'><strong>velut</strong></span> <span class='ocrx_word' id='word_1_189' title='bbox 1990 2019 2057 2076; x_wconf 76' lang='lat' dir='ltr'>in</span> <span class='ocrx_word' id='word_1_190' title='bbox 2107 2017 2200 2076; x_wconf 76' lang='lat' dir='ltr'>his</span> <span class='ocrx_word' id='word_1_191' title='bbox 2255 2015 2373 2077; x_wconf 91' lang='grc' dir='ltr'>δεῖ</span> <span class='ocrx_word' id='word_1_192' title='bbox 2417 2010 2935 2078; x_wconf 86' lang='grc' dir='ltr'>Ἀπολλώνιος</span> <span class='ocrx_word' id='word_1_193' title='bbox 2995 2014 3082 2078; x_wconf 85' lang='grc' dir='ltr'>τὸ</span> 
     </span>
     <span class='ocr_line' id='line_1_20' title="bbox 468 2100 3082 2182; baseline -0 -15"><span class='ocrx_word' id='word_1_194' title='bbox 468 2102 826 2182; x_wconf 89' lang='grc' dir='ltr'>γράφειν,</span> <span class='ocrx_word' id='word_1_195' title='bbox 870 2107 976 2165; x_wconf 78' lang='lat' dir='ltr'>ubi</span> <span class='ocrx_word' id='word_1_196' title='bbox 1018 2102 1104 2166; x_wconf 87' lang='grc' dir='ltr'>τὸ</span> <span class='ocrx_word' id='word_1_197' title='bbox 1149 2100 1480 2180; x_wconf 86' lang='grc' dir='ltr'>γράφειν</span> <span class='ocrx_word' id='word_1_198' title='bbox 1526 2107 1895 2166; x_wconf 68' lang='grc' dir='ltr'>αοοιιεαὺἱυιιε</span> <span class='ocrx_word' id='word_1_199' title='bbox 1938 2109 2033 2165; x_wconf 73' lang='lat' dir='ltr'><strong>est.</strong></span> <span class='ocrx_word' id='word_1_200' title='bbox 2109 2106 2276 2180; x_wconf 74' lang='lat' dir='ltr'>Quod</span> <span class='ocrx_word' id='word_1_201' title='bbox 2312 2106 2485 2165; x_wconf 75' lang='lat' dir='ltr'><strong>etiam</strong></span> <span class='ocrx_word' id='word_1_202' title='bbox 2519 2107 2624 2164; x_wconf 81' lang='grc' dir='ltr'>Ιιοο</span> <span class='ocrx_word' id='word_1_203' title='bbox 2659 2107 2912 2181; x_wconf 69' lang='lat' dir='ltr'>exenoplo</span> <span class='ocrx_word' id='word_1_204' title='bbox 2948 2108 3082 2166; x_wconf 80' lang='lat' dir='ltr'><em>illu-</em></span> 
     </span>
     <span class='ocr_line' id='line_1_21' title="bbox 466 2189 3082 2271; baseline -0 -16"><span class='ocrx_word' id='word_1_205' title='bbox 466 2198 648 2256; x_wconf 65' lang='lat' dir='ltr'>strari</span> <span class='ocrx_word' id='word_1_206' title='bbox 691 2199 881 2271; x_wconf 73' lang='lat' dir='ltr'><strong>potest</strong></span> <span class='ocrx_word' id='word_1_207' title='bbox 934 2189 1340 2255; x_wconf 87' lang='grc' dir='ltr'>ἀπολείπει</span> <span class='ocrx_word' id='word_1_208' title='bbox 1386 2189 1904 2255; x_wconf 87' lang='grc' dir='ltr'>Ἀπολλώνιος</span> <span class='ocrx_word' id='word_1_209' title='bbox 1959 2191 2093 2255; x_wconf 87' lang='grc' dir='ltr'>τὸν</span> <span class='ocrx_word' id='word_1_210' title='bbox 2148 2191 2604 2269; x_wconf 88' lang='grc' dir='ltr'>περίπατον,</span> <span class='ocrx_word' id='word_1_211' title='bbox 2667 2197 2821 2269; x_wconf 76' lang='lat' dir='ltr'><em>quod</em></span> <span class='ocrx_word' id='word_1_212' title='bbox 2862 2200 3082 2255; x_wconf 77' lang='lat' dir='ltr'><em>mutato</em></span> 
     </span>
     <span class='ocr_line' id='line_1_22' title="bbox 468 2279 3079 2358; baseline 0 -14"><span class='ocrx_word' id='word_1_213' title='bbox 468 2279 876 2346; x_wconf 87' lang='grc' dir='ltr'>ἀπολείπει</span> <span class='ocrx_word' id='word_1_214' title='bbox 922 2285 1093 2343; x_wconf 80' lang='lat' dir='ltr'><strong>verbo</strong></span> <span class='ocrx_word' id='word_1_215' title='bbox 1137 2286 1203 2343; x_wconf 78' lang='lat' dir='ltr'>in</span> <span class='ocrx_word' id='word_1_216' title='bbox 1248 2282 1363 2344; x_wconf 92' lang='grc' dir='ltr'>δεῖ</span> <span class='ocrx_word' id='word_1_217' title='bbox 1407 2284 1647 2343; x_wconf 81' lang='lat' dir='ltr'><strong>verbum</strong></span> <span class='ocrx_word' id='word_1_218' title='bbox 1680 2286 1766 2343; x_wconf 76' lang='lat' dir='ltr'>sic</span> <span class='ocrx_word' id='word_1_219' title='bbox 1806 2285 2233 2357; x_wconf 73' lang='lat' dir='ltr'>transformare</span> <span class='ocrx_word' id='word_1_220' title='bbox 2265 2286 2490 2358; x_wconf 75' lang='lat' dir='ltr'><strong>poteris</strong></span> <span class='ocrx_word' id='word_1_221' title='bbox 2535 2283 2653 2344; x_wconf 90' lang='grc' dir='ltr'>δεῖ</span> <span class='ocrx_word' id='word_1_222' title='bbox 2698 2279 3079 2345; x_wconf 84' lang='grc' dir='ltr'>Ἀπολλώ·</span> 
     </span>
     <span class='ocr_line' id='line_1_23' title="bbox 466 2368 3081 2448; baseline 0 -13"><span class='ocrx_word' id='word_1_223' title='bbox 466 2390 630 2435; x_wconf 90' lang='grc' dir='ltr'>νιος</span> <span class='ocrx_word' id='word_1_224' title='bbox 675 2372 810 2435; x_wconf 90' lang='grc' dir='ltr'>τὸν</span> <span class='ocrx_word' id='word_1_225' title='bbox 855 2368 1308 2448; x_wconf 89' lang='grc' dir='ltr'>περίπατον;</span> <span class='ocrx_word' id='word_1_226' title='bbox 1354 2373 1509 2432; x_wconf 80' lang='lat' dir='ltr'><strong>idem</strong></span> <span class='ocrx_word' id='word_1_227' title='bbox 1545 2376 1628 2432; x_wconf 77' lang='lat' dir='ltr'>est</span> <span class='ocrx_word' id='word_1_228' title='bbox 1662 2390 1735 2433; x_wconf 83' lang='lat' dir='ltr'>ac</span> <span class='ocrx_word' id='word_1_229' title='bbox 1777 2375 1832 2432; x_wconf 82' lang='lat' dir='ltr'>si</span> <span class='ocrx_word' id='word_1_230' title='bbox 1877 2374 2009 2448; x_wconf 72' lang='lat' dir='ltr'><strong>qwie</strong></span> <span class='ocrx_word' id='word_1_231' title='bbox 2053 2374 2213 2433; x_wconf 78' lang='lat' dir='ltr'><strong><em>dicat</em></strong></span> <span class='ocrx_word' id='word_1_232' title='bbox 2256 2369 2510 2433; x_wconf 89' lang='grc' dir='ltr'>δέεται</span> <span class='ocrx_word' id='word_1_233' title='bbox 2560 2368 3081 2435; x_wconf 84' lang='grc' dir='ltr'>Ἀπολλώνιος</span> 
     </span>
     <span class='ocr_line' id='line_1_24' title="bbox 466 2458 3082 2539; baseline -0.002 -15"><span class='ocrx_word' id='word_1_234' title='bbox 466 2463 602 2525; x_wconf 81' lang='grc' dir='ltr'>τοῦ</span> <span class='ocrx_word' id='word_1_235' title='bbox 656 2458 1103 2539; x_wconf 83' lang='grc' dir='ltr'>περιπάτου.</span> <span class='ocrx_word' id='word_1_236' title='bbox 1194 2461 1312 2522; x_wconf 82' lang='lat' dir='ltr'>Est</span> <span class='ocrx_word' id='word_1_237' title='bbox 1364 2463 1538 2521; x_wconf 76' lang='lat' dir='ltr'><strong>etiam</strong></span> <span class='ocrx_word' id='word_1_238' title='bbox 1581 2463 1685 2520; x_wconf 78' lang='lat' dir='ltr'>ubi</span> <span class='ocrx_word' id='word_1_239' title='bbox 1738 2464 2071 2535; x_wconf 66' lang='lat' dir='ltr'><strong><em>insimbivus</em></strong></span> <span class='ocrx_word' id='word_1_240' title='bbox 2112 2465 2470 2522; x_wconf 74' lang='lat' dir='ltr'><strong><em>nominativo</em></strong></span> <span class='ocrx_word' id='word_1_241' title='bbox 2527 2480 2669 2522; x_wconf 78' lang='lat' dir='ltr'><strong><em>casu</em></strong></span> <span class='ocrx_word' id='word_1_242' title='bbox 2701 2464 3082 2537; x_wconf 77' lang='lat' dir='ltr'>proferatur,-</span> 
     </span>
     <span class='ocr_line' id='line_1_25' title="bbox 463 2546 3082 2628; baseline 0 -16"><span class='ocrx_word' id='word_1_243' title='bbox 463 2554 547 2612; x_wconf 78' lang='lat' dir='ltr'>ibi</span> <span class='ocrx_word' id='word_1_244' title='bbox 589 2554 826 2614; x_wconf 70' lang='lat' dir='ltr'><strong>casuale</strong></span> <span class='ocrx_word' id='word_1_245' title='bbox 869 2553 1236 2612; x_wconf 67' lang='lat' dir='ltr'><strong><em>accusativus</em></strong></span> <span class='ocrx_word' id='word_1_246' title='bbox 1282 2555 1380 2620; x_wconf 78' lang='lat' dir='ltr'><strong>est,</strong></span> <span class='ocrx_word' id='word_1_247' title='bbox 1427 2552 1584 2610; x_wconf 72' lang='lat' dir='ltr'><strong>velut</strong></span> <span class='ocrx_word' id='word_1_248' title='bbox 1626 2551 1743 2611; x_wconf 93' lang='grc' dir='ltr'>δεῖ</span> <span class='ocrx_word' id='word_1_249' title='bbox 1788 2546 2313 2613; x_wconf 85' lang='grc' dir='ltr'>Ἀπολλώνιον</span> <span class='ocrx_word' id='word_1_250' title='bbox 2360 2547 2445 2611; x_wconf 88' lang='grc' dir='ltr'>τὸ</span> <span class='ocrx_word' id='word_1_251' title='bbox 2492 2547 2837 2628; x_wconf 90' lang='grc' dir='ltr'>γράφειν.</span> <span class='ocrx_word' id='word_1_252' title='bbox 2912 2553 3082 2612; x_wconf 83' lang='lat' dir='ltr'><strong>Idem</strong></span> 
     </span>
     <span class='ocr_line' id='line_1_26' title="bbox 464 2637 2823 2717; baseline -0.001 -15"><span class='ocrx_word' id='word_1_253' title='bbox 464 2643 581 2702; x_wconf 79' lang='lat' dir='ltr'><strong><em>dici</em></strong></span> <span class='ocrx_word' id='word_1_254' title='bbox 613 2646 803 2717; x_wconf 76' lang='lat' dir='ltr'><strong>potest</strong></span> <span class='ocrx_word' id='word_1_255' title='bbox 846 2643 918 2701; x_wconf 79' lang='lat' dir='ltr'><strong>de</strong></span> <span class='ocrx_word' id='word_1_256' title='bbox 964 2637 1129 2716; x_wconf 86' lang='grc' dir='ltr'>χρή,</span> <span class='ocrx_word' id='word_1_257' title='bbox 1177 2641 1330 2714; x_wconf 73' lang='lat' dir='ltr'>quod</span> <span class='ocrx_word' id='word_1_258' title='bbox 1371 2642 1603 2700; x_wconf 77' lang='lat' dir='ltr'>notione</span> <span class='ocrx_word' id='word_1_259' title='bbox 1646 2658 1778 2700; x_wconf 69' lang='lat' dir='ltr'>cem</span> <span class='ocrx_word' id='word_1_260' title='bbox 1822 2639 1940 2701; x_wconf 90' lang='grc' dir='ltr'>δεῖ</span> <span class='ocrx_word' id='word_1_261' title='bbox 1984 2644 2249 2715; x_wconf 71' lang='lat' dir='ltr'>conqruit</span> <span class='ocrx_word' id='word_1_262' title='bbox 2296 2641 2444 2715; x_wconf 87' lang='lat'>130,</span> <span class='ocrx_word' id='word_1_263' title='bbox 2465 2642 2823 2717; x_wconf 80' lang='lat'>9—131‚2.</span> 
     </span>
    </p>

    <p class='ocr_par' dir='ltr' id='par_1_5' title="bbox 461 2724 3079 4146">
     <span class='ocr_line' id='line_1_27' title="bbox 641 2724 3079 2811; baseline 0 -20"><span class='ocrx_word' id='word_1_264' title='bbox 641 2731 741 2793; x_wconf 78' lang='lat' dir='ltr'>Ita</span> <span class='ocrx_word' id='word_1_265' title='bbox 783 2732 971 2811; x_wconf 76' lang='lat' dir='ltr'><strong>igitur</strong></span> <span class='ocrx_word' id='word_1_266' title='bbox 1015 2733 1085 2790; x_wconf 75' lang='lat' dir='ltr'>ut</span> <span class='ocrx_word' id='word_1_267' title='bbox 1129 2748 1312 2808; x_wconf 80' lang='lat' dir='ltr'><strong>supra</strong></span> <span class='ocrx_word' id='word_1_268' title='bbox 1354 2730 1616 2790; x_wconf 75' lang='lat' dir='ltr'><strong>indicavi</strong></span> <span class='ocrx_word' id='word_1_269' title='bbox 1664 2724 1923 2791; x_wconf 75' lang='lat' dir='ltr'><strong>‘disiecti</strong></span> <span class='ocrx_word' id='word_1_270' title='bbox 1965 2724 2253 2790; x_wconf 77' lang='lat' dir='ltr'><strong>membre&#39;</strong></span> <span class='ocrx_word' id='word_1_271' title='bbox 2300 2730 2605 2808; x_wconf 80' lang='lat' dir='ltr'><strong>scriptoris</strong></span> <span class='ocrx_word' id='word_1_272' title='bbox 2659 2749 2817 2791; x_wconf 83' lang='lat' dir='ltr'>nune</span> <span class='ocrx_word' id='word_1_273' title='bbox 2870 2750 3079 2793; x_wconf 83' lang='lat' dir='ltr'><strong>censeo</strong></span> 
     </span>
     <span class='ocr_line' id='line_1_28' title="bbox 463 2815 3078 2899; baseline 0 -18"><span class='ocrx_word' id='word_1_274' title='bbox 463 2824 528 2881; x_wconf 88' lang='lat' dir='ltr'>in</span> <span class='ocrx_word' id='word_1_275' title='bbox 589 2821 855 2883; x_wconf 77' lang='lat' dir='ltr'><strong>ordinem</strong></span> <span class='ocrx_word' id='word_1_276' title='bbox 919 2819 1240 2899; x_wconf 79' lang='lat' dir='ltr'><strong>redigenda</strong></span> <span class='ocrx_word' id='word_1_277' title='bbox 1293 2823 1355 2880; x_wconf 76' lang='lat' dir='ltr'><strong>et</strong></span> <span class='ocrx_word' id='word_1_278' title='bbox 1408 2819 1740 2897; x_wconf 79' lang='lat' dir='ltr'><strong>supplenda</strong></span> <span class='ocrx_word' id='word_1_279' title='bbox 1794 2838 1947 2880; x_wconf 79' lang='lat' dir='ltr'><strong>esse:</strong></span> <span class='ocrx_word' id='word_1_280' title='bbox 2018 2815 2185 2880; x_wconf 84' lang='grc' dir='ltr'>Ἔςτι</span> <span class='ocrx_word' id='word_1_281' title='bbox 2243 2819 2407 2892; x_wconf 83' lang='grc' dir='ltr'>γοῦν</span> <span class='ocrx_word' id='word_1_282' title='bbox 2451 2817 2554 2880; x_wconf 86' lang='grc' dir='ltr'>καὶ</span> <span class='ocrx_word' id='word_1_283' title='bbox 2607 2816 2684 2880; x_wconf 90' lang='grc' dir='ltr'>τὸ</span> <span class='ocrx_word' id='word_1_284' title='bbox 2745 2816 2914 2896; x_wconf 82' lang='grc' dir='ltr'>ῥῆμα</span> <span class='ocrx_word' id='word_1_285' title='bbox 2967 2817 3078 2882; x_wconf 87' lang='grc' dir='ltr'>ὅτε</span> 
     </span>
     <span class='ocr_line' id='line_1_29' title="bbox 464 2904 3078 2988; baseline -0.001 -16"><span class='ocrx_word' id='word_1_286' title='bbox 464 2907 698 2987; x_wconf 84' lang='grc' dir='ltr'>φθάνει</span> <span class='ocrx_word' id='word_1_287' title='bbox 734 2908 895 2972; x_wconf 76' lang='grc' dir='ltr'>ποτὲ</span> <span class='ocrx_word' id='word_1_288' title='bbox 925 2906 1119 2988; x_wconf 84' lang='grc' dir='ltr'>(Ἔςτι</span> <span class='ocrx_word' id='word_1_289' title='bbox 1156 2908 1318 2981; x_wconf 81' lang='grc' dir='ltr'>γοῦν</span> <span class='ocrx_word' id='word_1_290' title='bbox 1354 2906 1458 2970; x_wconf 87' lang='grc' dir='ltr'>καὶ</span> <span class='ocrx_word' id='word_1_291' title='bbox 1493 2905 1605 2971; x_wconf 86' lang='grc' dir='ltr'>ὅτε</span> <span class='ocrx_word' id='word_1_292' title='bbox 1642 2908 1738 2970; x_wconf 80' lang='lat' dir='ltr'><strong>vel</strong></span> <span class='ocrx_word' id='word_1_293' title='bbox 1775 2905 1977 2971; x_wconf 88' lang='grc' dir='ltr'>ὁπότε</span> <span class='ocrx_word' id='word_1_294' title='bbox 2003 2906 2080 2970; x_wconf 86' lang='grc' dir='ltr'>τὸ</span> <span class='ocrx_word' id='word_1_295' title='bbox 2111 2904 2279 2984; x_wconf 84' lang='grc' dir='ltr'>ῥῆμα</span> <span class='ocrx_word' id='word_1_296' title='bbox 2306 2904 2539 2986; x_wconf 85' lang='grc' dir='ltr'>φθάνει</span> <span class='ocrx_word' id='word_1_297' title='bbox 2567 2909 2847 2988; x_wconf 83' lang='lat' dir='ltr'><strong>Egenolff</strong></span> <span class='ocrx_word' id='word_1_298' title='bbox 2868 2911 2898 2969; x_wconf 97' lang='lat' dir='ltr'>I</span> <span class='ocrx_word' id='word_1_299' title='bbox 2929 2912 3078 2986; x_wconf 83' lang='lat'>842,</span> 
     </span>
     <span class='ocr_line' id='line_1_30' title="bbox 464 2990 3075 3079; baseline 0 -18"><span class='ocrx_word' id='word_1_300' title='bbox 464 3020 617 3077; x_wconf 74' lang='lat' dir='ltr'><strong>quae</strong></span> <span class='ocrx_word' id='word_1_301' title='bbox 643 3002 900 3060; x_wconf 74' lang='lat' dir='ltr'><strong>mutatio</strong></span> <span class='ocrx_word' id='word_1_302' title='bbox 925 3020 1046 3060; x_wconf 90' lang='lat' dir='ltr'>non</span> <span class='ocrx_word' id='word_1_303' title='bbox 1073 2999 1313 3059; x_wconf 79' lang='lat' dir='ltr'><strong>videtur</strong></span> <span class='ocrx_word' id='word_1_304' title='bbox 1337 3001 1668 3059; x_wconf 75' lang='lat' dir='ltr'><strong>necessaria</strong></span> <span class='ocrx_word' id='word_1_305' title='bbox 1695 3017 1839 3074; x_wconf 79' lang='lat' dir='ltr'><strong>esse,</strong></span> <span class='ocrx_word' id='word_1_306' title='bbox 1878 2998 1953 3058; x_wconf 78' lang='lat' dir='ltr'>ad</span> <span class='ocrx_word' id='word_1_307' title='bbox 1991 3018 2157 3076; x_wconf 88' lang='lat' dir='ltr'><strong>pron.</strong></span> <span class='ocrx_word' id='word_1_308' title='bbox 2190 3001 2295 3074; x_wconf 82' lang='lat'>42,</span> <span class='ocrx_word' id='word_1_309' title='bbox 2317 2990 2446 3079; x_wconf 82' lang='lat'>25).</span> <span class='ocrx_word' id='word_1_310' title='bbox 2524 2995 2628 3059; x_wconf 83' lang='grc' dir='ltr'>ἐπὶ</span> <span class='ocrx_word' id='word_1_311' title='bbox 2662 2996 2779 3072; x_wconf 87' lang='grc' dir='ltr'>τὴν</span> <span class='ocrx_word' id='word_1_312' title='bbox 2818 2995 3075 3061; x_wconf 85' lang='grc' dir='ltr'>εὐθεῖαν</span> 
     </span>
     <span class='ocr_line' id='line_1_31' title="bbox 463 3079 3073 3170; baseline -0 -20"><span class='ocrx_word' id='word_1_313' title='bbox 463 3090 580 3150; x_wconf 86' lang='grc' dir='ltr'>τοῦ</span> <span class='ocrx_word' id='word_1_314' title='bbox 628 3085 968 3165; x_wconf 89' lang='grc' dir='ltr'>ὀνόματος,</span> <span class='ocrx_word' id='word_1_315' title='bbox 1015 3084 1117 3148; x_wconf 90' lang='grc' dir='ltr'>καὶ</span> <span class='ocrx_word' id='word_1_316' title='bbox 1162 3085 1239 3148; x_wconf 84' lang='grc' dir='ltr'>τὸ</span> <span class='ocrx_word' id='word_1_317' title='bbox 1285 3088 1629 3163; x_wconf 83' lang='grc' dir='ltr'>τηνικαῦτα</span> <span class='ocrx_word' id='word_1_318' title='bbox 1674 3081 1829 3170; x_wconf 76' lang='lat' dir='ltr'><strong>(scil.</strong></span> <span class='ocrx_word' id='word_1_319' title='bbox 1861 3079 2016 3169; x_wconf 87' lang='grc' dir='ltr'>ἔςτι)</span> <span class='ocrx_word' id='word_1_320' title='bbox 2064 3084 2523 3164; x_wconf 87' lang='grc' dir='ltr'>καταλαβέςθαι</span> <span class='ocrx_word' id='word_1_321' title='bbox 2569 3085 2646 3149; x_wconf 87' lang='grc' dir='ltr'>τὸ</span> <span class='ocrx_word' id='word_1_322' title='bbox 2693 3083 3073 3166; x_wconf 88' lang='grc' dir='ltr'>ἀπαρέμφα-</span> 
     </span>
     <span class='ocr_line' id='line_1_32' title="bbox 463 3172 3077 3253; baseline 0 -14"><span class='ocrx_word' id='word_1_323' title='bbox 463 3195 598 3250; x_wconf 91' lang='grc' dir='ltr'>τον,</span> <span class='ocrx_word' id='word_1_324' title='bbox 663 3175 754 3240; x_wconf 83' lang='grc' dir='ltr'>ὡς</span> <span class='ocrx_word' id='word_1_325' title='bbox 813 3176 931 3240; x_wconf 85' lang='grc' dir='ltr'>οὐκ</span> <span class='ocrx_word' id='word_1_326' title='bbox 985 3174 1152 3239; x_wconf 87' lang='grc' dir='ltr'>ἔςτιν</span> <span class='ocrx_word' id='word_1_327' title='bbox 1217 3173 1490 3249; x_wconf 84' lang='grc' dir='ltr'>εὐθείας,</span> <span class='ocrx_word' id='word_1_328' title='bbox 1556 3172 2197 3253; x_wconf 86' lang='grc' dir='ltr'>ἀντιμετειλημμένον</span> <span class='ocrx_word' id='word_1_329' title='bbox 2251 3176 2324 3239; x_wconf 83' lang='grc' dir='ltr'>δὲ</span> <span class='ocrx_word' id='word_1_330' title='bbox 2379 3173 2467 3239; x_wconf 91' lang='grc' dir='ltr'>εἰς</span> <span class='ocrx_word' id='word_1_331' title='bbox 2533 3172 2898 3253; x_wconf 80' lang='grc' dir='ltr'>αἰτιατικὴν,</span> <span class='ocrx_word' id='word_1_332' title='bbox 2959 3179 3077 3240; x_wconf 89' lang='grc' dir='ltr'>δεῖ</span> 
     </span>
     <span class='ocr_line' id='line_1_33' title="bbox 464 3261 3076 3343; baseline 0 -15"><span class='ocrx_word' id='word_1_333' title='bbox 464 3263 981 3330; x_wconf 86' lang='grc' dir='ltr'>Ἀπολλώνιος</span> <span class='ocrx_word' id='word_1_334' title='bbox 1026 3264 1112 3329; x_wconf 88' lang='grc' dir='ltr'>τὸ</span> <span class='ocrx_word' id='word_1_335' title='bbox 1159 3262 1519 3343; x_wconf 88' lang='grc' dir='ltr'>γράφειν,</span> <span class='ocrx_word' id='word_1_336' title='bbox 1567 3263 1638 3328; x_wconf 85' lang='grc' dir='ltr'>ἐν</span> <span class='ocrx_word' id='word_1_337' title='bbox 1684 3261 1781 3328; x_wconf 86' lang='grc' dir='ltr'>οἶς</span> <span class='ocrx_word' id='word_1_338' title='bbox 1828 3261 2172 3342; x_wconf 85' lang='grc' dir='ltr'>αἰτιατικῆς</span> <span class='ocrx_word' id='word_1_339' title='bbox 2218 3262 2459 3338; x_wconf 89' lang='grc' dir='ltr'>γίνεται</span> <span class='ocrx_word' id='word_1_340' title='bbox 2496 3262 2572 3326; x_wconf 88' lang='grc' dir='ltr'>τὸ</span> <span class='ocrx_word' id='word_1_341' title='bbox 2609 3263 2902 3342; x_wconf 90' lang='grc' dir='ltr'>γράφειν.</span> <span class='ocrx_word' id='word_1_342' title='bbox 2972 3265 3076 3329; x_wconf 89' lang='grc' dir='ltr'>καὶ</span> 
     </span>
     <span class='ocr_line' id='line_1_34' title="bbox 473 3352 3073 3433; baseline 0 -16"><span class='ocrx_word' id='word_1_343' title='bbox 473 3352 795 3419; x_wconf 87' lang='grc' dir='ltr'>ἀνάπαλιν</span> <span class='ocrx_word' id='word_1_344' title='bbox 841 3353 921 3417; x_wconf 85' lang='grc' dir='ltr'>δι’</span> <span class='ocrx_word' id='word_1_345' title='bbox 959 3353 1186 3431; x_wconf 86' lang='grc' dir='ltr'>ἑτέρου</span> <span class='ocrx_word' id='word_1_346' title='bbox 1230 3352 1702 3431; x_wconf 82' lang='grc' dir='ltr'>ὑποδείγματος</span> <span class='ocrx_word' id='word_1_347' title='bbox 1743 3354 1945 3433; x_wconf 79' lang='grc' dir='ltr'>ςαφὲς</span> <span class='ocrx_word' id='word_1_348' title='bbox 1989 3352 2283 3427; x_wconf 89' lang='grc' dir='ltr'>γινέςθω·</span> <span class='ocrx_word' id='word_1_349' title='bbox 2359 3352 2765 3417; x_wconf 89' lang='grc' dir='ltr'>ἀπολείπει</span> <span class='ocrx_word' id='word_1_350' title='bbox 2810 3352 3073 3418; x_wconf 87' lang='grc' dir='ltr'>Ἀπολ-</span> 
     </span>
     <span class='ocr_line' id='line_1_35' title="bbox 468 3439 3074 3522; baseline 0 -16"><span class='ocrx_word' id='word_1_351' title='bbox 468 3443 747 3508; x_wconf 88' lang='grc' dir='ltr'>λώνιος</span> <span class='ocrx_word' id='word_1_352' title='bbox 783 3443 920 3507; x_wconf 88' lang='grc' dir='ltr'>τὸν</span> <span class='ocrx_word' id='word_1_353' title='bbox 955 3441 1410 3522; x_wconf 88' lang='grc' dir='ltr'>περίπατον·</span> <span class='ocrx_word' id='word_1_354' title='bbox 1471 3441 1561 3506; x_wconf 84' lang='grc' dir='ltr'>ὡς</span> <span class='ocrx_word' id='word_1_355' title='bbox 1608 3439 1667 3505; x_wconf 85' lang='grc' dir='ltr'>εἴ</span> <span class='ocrx_word' id='word_1_356' title='bbox 1708 3462 1802 3506; x_wconf 90' lang='grc' dir='ltr'>τις</span> <span class='ocrx_word' id='word_1_357' title='bbox 1839 3440 2064 3517; x_wconf 86' lang='grc' dir='ltr'>ἔλεγεν</span> <span class='ocrx_word' id='word_1_358' title='bbox 2101 3441 2334 3508; x_wconf 86' lang='grc' dir='ltr'>οὕτως·</span> <span class='ocrx_word' id='word_1_359' title='bbox 2399 3442 2653 3507; x_wconf 89' lang='grc' dir='ltr'>δέεται</span> <span class='ocrx_word' id='word_1_360' title='bbox 2690 3445 2824 3506; x_wconf 84' lang='grc' dir='ltr'>τοῦ</span> <span class='ocrx_word' id='word_1_361' title='bbox 2863 3462 3074 3521; x_wconf 85' lang='grc' dir='ltr'>περι-</span> 
     </span>
     <span class='ocr_line' id='line_1_36' title="bbox 469 3529 3074 3613; baseline 0 -17"><span class='ocrx_word' id='word_1_362' title='bbox 469 3532 719 3597; x_wconf 88' lang='grc' dir='ltr'>πάτου</span> <span class='ocrx_word' id='word_1_363' title='bbox 765 3531 1297 3597; x_wconf 85' lang='grc' dir='ltr'>Ἀπολλώνιος.</span> <span class='ocrx_word' id='word_1_364' title='bbox 1373 3531 1539 3596; x_wconf 87' lang='grc' dir='ltr'>ἔςτιν</span> <span class='ocrx_word' id='word_1_365' title='bbox 1593 3529 1712 3595; x_wconf 90' lang='grc' dir='ltr'>οὐν</span> <span class='ocrx_word' id='word_1_366' title='bbox 1757 3530 1867 3595; x_wconf 88' lang='grc' dir='ltr'>ὅτε</span> <span class='ocrx_word' id='word_1_367' title='bbox 1915 3532 2031 3608; x_wconf 77' lang='grc' dir='ltr'>μὲν</span> <span class='ocrx_word' id='word_1_368' title='bbox 2087 3532 2159 3595; x_wconf 83' lang='grc' dir='ltr'>ἐν</span> <span class='ocrx_word' id='word_1_369' title='bbox 2205 3530 2419 3613; x_wconf 86' lang='grc' dir='ltr'>εὐθείᾳ</span> <span class='ocrx_word' id='word_1_370' title='bbox 2464 3531 2541 3595; x_wconf 90' lang='grc' dir='ltr'>τὸ</span> <span class='ocrx_word' id='word_1_371' title='bbox 2587 3529 3074 3611; x_wconf 88' lang='grc' dir='ltr'>ἀπαρέμφατον,</span> 
     </span>
     <span class='ocr_line' id='line_1_37' title="bbox 467 3618 3073 3703; baseline 0 -17"><span class='ocrx_word' id='word_1_372' title='bbox 467 3622 544 3686; x_wconf 88' lang='grc' dir='ltr'>τὸ</span> <span class='ocrx_word' id='word_1_373' title='bbox 591 3623 784 3686; x_wconf 88' lang='grc' dir='ltr'>ςυνὸν</span> <span class='ocrx_word' id='word_1_374' title='bbox 830 3621 1151 3685; x_wconf 89' lang='grc' dir='ltr'>πτωτικὸν</span> <span class='ocrx_word' id='word_1_375' title='bbox 1196 3620 1392 3684; x_wconf 89' lang='grc' dir='ltr'>πάλιν</span> <span class='ocrx_word' id='word_1_376' title='bbox 1438 3620 1509 3684; x_wconf 82' lang='grc' dir='ltr'>ἐν</span> <span class='ocrx_word' id='word_1_377' title='bbox 1557 3619 1890 3703; x_wconf 78' lang='grc' dir='ltr'>αἰτιατικῇ,</span> <span class='ocrx_word' id='word_1_378' title='bbox 1938 3618 2172 3684; x_wconf 77' lang='grc' dir='ltr'>οὕτως’</span> <span class='ocrx_word' id='word_1_379' title='bbox 2265 3623 2379 3684; x_wconf 87' lang='grc' dir='ltr'>δεῖ</span> <span class='ocrx_word' id='word_1_380' title='bbox 2424 3619 2941 3687; x_wconf 85' lang='grc' dir='ltr'>Ἀπολλώνιον</span> <span class='ocrx_word' id='word_1_381' title='bbox 2989 3623 3073 3687; x_wconf 88' lang='grc' dir='ltr'>τὸ</span> 
     </span>
     <span class='ocr_line' id='line_1_38' title="bbox 461 3704 3073 3796; baseline -0 -21"><span class='ocrx_word' id='word_1_382' title='bbox 461 3710 810 3790; x_wconf 89' lang='grc' dir='ltr'>γράφειν.</span> <span class='ocrx_word' id='word_1_383' title='bbox 891 3709 1059 3774; x_wconf 84' lang='grc' dir='ltr'>ἀλλὰ</span> <span class='ocrx_word' id='word_1_384' title='bbox 1102 3709 1207 3773; x_wconf 86' lang='grc' dir='ltr'>καὶ</span> <span class='ocrx_word' id='word_1_385' title='bbox 1253 3707 1533 3794; x_wconf 78' lang='lat' dir='ltr'><strong>(debebat</strong></span> <span class='ocrx_word' id='word_1_386' title='bbox 1576 3732 1821 3792; x_wconf 86' lang='lat' dir='ltr'><strong>pergere</strong></span> <span class='ocrx_word' id='word_1_387' title='bbox 1867 3708 2034 3774; x_wconf 88' lang='grc' dir='ltr'>ἔςτιν</span> <span class='ocrx_word' id='word_1_388' title='bbox 2079 3709 2190 3774; x_wconf 87' lang='grc' dir='ltr'>ὅτε</span> <span class='ocrx_word' id='word_1_389' title='bbox 2236 3704 2336 3794; x_wconf 83' lang='grc' dir='ltr'>δὲ)</span> <span class='ocrx_word' id='word_1_390' title='bbox 2384 3708 2422 3772; x_wconf 99' lang='lat'><em>6</em></span> <span class='ocrx_word' id='word_1_391' title='bbox 2467 3708 2817 3788; x_wconf 89' lang='grc' dir='ltr'>περίπατος</span> <span class='ocrx_word' id='word_1_392' title='bbox 2863 3710 2935 3774; x_wconf 83' lang='grc' dir='ltr'>ἐν</span> <span class='ocrx_word' id='word_1_393' title='bbox 2980 3716 3073 3796; x_wconf 84' lang='grc' dir='ltr'>τῷ</span> 
     </span>
     <span class='ocr_line' id='line_1_39' title="bbox 465 3796 3071 3880; baseline 0.001 -17"><span class='ocrx_word' id='word_1_394' title='bbox 465 3799 693 3880; x_wconf 80' lang='grc' dir='ltr'>ῥήματι</span> <span class='ocrx_word' id='word_1_395' title='bbox 748 3799 1087 3877; x_wconf 87' lang='grc' dir='ltr'>γινόμενος</span> <span class='ocrx_word' id='word_1_396' title='bbox 1150 3797 1499 3876; x_wconf 88' lang='grc' dir='ltr'>αἰτιατικὴν</span> <span class='ocrx_word' id='word_1_397' title='bbox 1564 3801 1893 3877; x_wconf 89' lang='grc' dir='ltr'>μεταποιεῖ</span> <span class='ocrx_word' id='word_1_398' title='bbox 1953 3798 2072 3876; x_wconf 86' lang='grc' dir='ltr'>τὴν</span> <span class='ocrx_word' id='word_1_399' title='bbox 2130 3797 2597 3873; x_wconf 84' lang='grc' dir='ltr'>Ἀπολλώνιον,</span> <span class='ocrx_word' id='word_1_400' title='bbox 2664 3796 3071 3865; x_wconf 89' lang='grc' dir='ltr'>ἀπολείπει</span> 
     </span>
     <span class='ocr_line' id='line_1_40' title="bbox 463 3886 3073 3969; baseline 0.001 -16"><span class='ocrx_word' id='word_1_401' title='bbox 463 3889 989 3953; x_wconf 84' lang='grc' dir='ltr'>Ἀπολλώνιον</span> <span class='ocrx_word' id='word_1_402' title='bbox 1045 3887 1083 3951; x_wconf 94' lang='lat'><em>6</em></span> <span class='ocrx_word' id='word_1_403' title='bbox 1136 3888 1581 3966; x_wconf 83' lang='grc' dir='ltr'>περίπατος,</span> <span class='ocrx_word' id='word_1_404' title='bbox 1648 3888 1737 3952; x_wconf 86' lang='grc' dir='ltr'>ὡς</span> <span class='ocrx_word' id='word_1_405' title='bbox 1801 3886 1855 3951; x_wconf 91' lang='grc' dir='ltr'>εἰ</span> <span class='ocrx_word' id='word_1_406' title='bbox 1911 3887 2014 3950; x_wconf 87' lang='grc' dir='ltr'>καὶ</span> <span class='ocrx_word' id='word_1_407' title='bbox 2068 3887 2228 3952; x_wconf 87' lang='grc' dir='ltr'>αὐτὸ</span> <span class='ocrx_word' id='word_1_408' title='bbox 2291 3887 2368 3950; x_wconf 84' lang='grc' dir='ltr'>τὸ</span> <span class='ocrx_word' id='word_1_409' title='bbox 2422 3890 2521 3952; x_wconf 88' lang='grc' dir='ltr'>δεῖ</span> <span class='ocrx_word' id='word_1_410' title='bbox 2583 3886 3073 3969; x_wconf 87' lang='grc' dir='ltr'>ἀντιμεταλάβοι</span> 
     </span>
     <span class='ocr_line' id='line_1_41' title="bbox 466 3976 3071 4054; baseline 0.001 -12"><span class='ocrx_word' id='word_1_411' title='bbox 466 3977 609 4042; x_wconf 86' lang='grc' dir='ltr'>ἀντὶ</span> <span class='ocrx_word' id='word_1_412' title='bbox 652 3981 770 4042; x_wconf 84' lang='grc' dir='ltr'>τοῦ</span> <span class='ocrx_word' id='word_1_413' title='bbox 817 3976 1168 4052; x_wconf 88' lang='grc' dir='ltr'>ἀπολείπει,</span> <span class='ocrx_word' id='word_1_414' title='bbox 1216 3980 1332 4041; x_wconf 89' lang='grc' dir='ltr'>δεῖ</span> <span class='ocrx_word' id='word_1_415' title='bbox 1376 3976 1900 4041; x_wconf 86' lang='grc' dir='ltr'>Ἀπολλώνιον</span> <span class='ocrx_word' id='word_1_416' title='bbox 1946 3976 1984 4040; x_wconf 99' lang='lat'><em>6</em></span> <span class='ocrx_word' id='word_1_417' title='bbox 2030 3977 2469 4054; x_wconf 88' lang='grc' dir='ltr'>περίπατος.</span> <span class='ocrx_word' id='word_1_418' title='bbox 2545 3976 2583 4041; x_wconf 95' lang='lat'><em>6</em></span> <span class='ocrx_word' id='word_1_419' title='bbox 2631 3976 2826 4042; x_wconf 88' lang='grc' dir='ltr'>αὐτὸς</span> <span class='ocrx_word' id='word_1_420' title='bbox 2875 3979 3071 4053; x_wconf 88' lang='grc' dir='ltr'>λόγος</span> 
     </span>
     <span class='ocr_line' id='line_1_42' title="bbox 465 4065 1973 4146; baseline -0.001 -16"><span class='ocrx_word' id='word_1_421' title='bbox 465 4067 567 4131; x_wconf 86' lang='grc' dir='ltr'>καὶ</span> <span class='ocrx_word' id='word_1_422' title='bbox 615 4067 721 4131; x_wconf 84' lang='grc' dir='ltr'>ἐπὶ</span> <span class='ocrx_word' id='word_1_423' title='bbox 765 4070 882 4133; x_wconf 85' lang='grc' dir='ltr'>τοῦ</span> <span class='ocrx_word' id='word_1_424' title='bbox 929 4065 1076 4146; x_wconf 87' lang='grc' dir='ltr'>χρή,</span> <span class='ocrx_word' id='word_1_425' title='bbox 1124 4068 1651 4146; x_wconf 86' lang='grc' dir='ltr'>ςυνωνυμοῦντος</span> <span class='ocrx_word' id='word_1_426' title='bbox 1695 4069 1813 4130; x_wconf 86' lang='grc' dir='ltr'>τοῦ</span> <span class='ocrx_word' id='word_1_427' title='bbox 1859 4068 1973 4129; x_wconf 89' lang='grc' dir='ltr'>δεῖ.</span> 
     </span>
    </p>

    <p class='ocr_par' dir='ltr' id='par_1_6' title="bbox 455 4154 3070 5044">
     <span class='ocr_line' id='line_1_43' title="bbox 641 4154 3069 4237; baseline 0 -17"><span class='ocrx_word' id='word_1_428' title='bbox 641 4161 837 4220; x_wconf 72' lang='lat' dir='ltr'><strong>Aliter</strong></span> <span class='ocrx_word' id='word_1_429' title='bbox 881 4160 1039 4219; x_wconf 82' lang='lat' dir='ltr'><strong>hune</strong></span> <span class='ocrx_word' id='word_1_430' title='bbox 1081 4160 1279 4220; x_wconf 83' lang='lat' dir='ltr'><strong>locum</strong></span> <span class='ocrx_word' id='word_1_431' title='bbox 1314 4160 1580 4219; x_wconf 71' lang='lat' dir='ltr'><strong>resfituit</strong></span> <span class='ocrx_word' id='word_1_432' title='bbox 1616 4159 1897 4237; x_wconf 83' lang='lat' dir='ltr'><strong>Egenolff</strong></span> <span class='ocrx_word' id='word_1_433' title='bbox 1926 4160 1962 4217; x_wconf 90' lang='lat' dir='ltr'>l.</span> <span class='ocrx_word' id='word_1_434' title='bbox 1992 4177 2034 4217; x_wconf 73' lang='lat' dir='ltr'><strong>e.</strong></span> <span class='ocrx_word' id='word_1_435' title='bbox 2065 4178 2139 4235; x_wconf 79' lang='lat' dir='ltr'>s.;</span> <span class='ocrx_word' id='word_1_436' title='bbox 2182 4178 2323 4218; x_wconf 81' lang='lat' dir='ltr'>nam</span> <span class='ocrx_word' id='word_1_437' title='bbox 2358 4162 2499 4236; x_wconf 79' lang='lat' dir='ltr'><strong>post</strong></span> <span class='ocrx_word' id='word_1_438' title='bbox 2533 4154 2880 4235; x_wconf 88' lang='grc' dir='ltr'>αἰτιατικὴν</span> <span class='ocrx_word' id='word_1_439' title='bbox 2917 4162 2953 4219; x_wconf 96' lang='lat' dir='ltr'>l.</span> <span class='ocrx_word' id='word_1_440' title='bbox 2990 4163 3069 4221; x_wconf 88' lang='grc'>13</span> 
     </span>
     <span class='ocr_line' id='line_1_44' title="bbox 459 4243 3070 4333; baseline 0 -24"><span class='ocrx_word' id='word_1_441' title='bbox 459 4252 544 4310; x_wconf 83' lang='lat' dir='ltr'><strong>sie</strong></span> <span class='ocrx_word' id='word_1_442' title='bbox 578 4251 803 4327; x_wconf 80' lang='lat' dir='ltr'><strong>pergit:</strong></span> <span class='ocrx_word' id='word_1_443' title='bbox 849 4246 1018 4326; x_wconf 91' lang='grc' dir='ltr'>&lt;δεῖ</span> <span class='ocrx_word' id='word_1_444' title='bbox 1054 4244 1571 4310; x_wconf 86' lang='grc' dir='ltr'>Ἀπολλώνιος</span> <span class='ocrx_word' id='word_1_445' title='bbox 1607 4245 1692 4308; x_wconf 84' lang='grc' dir='ltr'>τὸ</span> <span class='ocrx_word' id='word_1_446' title='bbox 1728 4243 2084 4323; x_wconf 86' lang='grc' dir='ltr'>γράφειν,</span> <span class='ocrx_word' id='word_1_447' title='bbox 2123 4244 2212 4308; x_wconf 81' lang='grc' dir='ltr'>ὡς</span> <span class='ocrx_word' id='word_1_448' title='bbox 2242 4243 2300 4309; x_wconf 84' lang='grc' dir='ltr'>εἴ</span> <span class='ocrx_word' id='word_1_449' title='bbox 2335 4265 2428 4309; x_wconf 91' lang='grc' dir='ltr'>τις</span> <span class='ocrx_word' id='word_1_450' title='bbox 2457 4244 2679 4319; x_wconf 85' lang='grc' dir='ltr'>ἔλεγεν</span> <span class='ocrx_word' id='word_1_451' title='bbox 2707 4244 2917 4310; x_wconf 85' lang='grc' dir='ltr'>οὕτως</span> <span class='ocrx_word' id='word_1_452' title='bbox 2946 4244 3070 4333; x_wconf 83' lang='lat' dir='ltr'><strong>(vel</strong></span> 
     </span>
     <span class='ocr_line' id='line_1_45' title="bbox 457 4330 3069 4419; baseline 0 -21"><span class='ocrx_word' id='word_1_453' title='bbox 457 4333 568 4399; x_wconf 80' lang='grc' dir='ltr'>ἵνα</span> <span class='ocrx_word' id='word_1_454' title='bbox 611 4335 651 4418; x_wconf 80' lang='grc' dir='ltr'>ᾗ</span> <span class='ocrx_word' id='word_1_455' title='bbox 700 4355 758 4398; x_wconf 93' lang='grc' dir='ltr'>τι</span> <span class='ocrx_word' id='word_1_456' title='bbox 802 4330 1159 4418; x_wconf 84' lang='grc' dir='ltr'>τοιοῦτον)·</span> <span class='ocrx_word' id='word_1_457' title='bbox 1251 4334 1507 4399; x_wconf 85' lang='grc' dir='ltr'>δέεται</span> <span class='ocrx_word' id='word_1_458' title='bbox 1552 4332 2070 4399; x_wconf 83' lang='grc' dir='ltr'>Ἀπολλώνιος</span> <span class='ocrx_word' id='word_1_459' title='bbox 2116 4336 2251 4398; x_wconf 81' lang='grc' dir='ltr'>τοῦ</span> <span class='ocrx_word' id='word_1_460' title='bbox 2305 4333 2637 4413; x_wconf 90' lang='grc' dir='ltr'>γράφειν</span> <span class='ocrx_word' id='word_1_461' title='bbox 2688 4330 2812 4419; x_wconf 81' lang='lat' dir='ltr'><strong>(vel</strong></span> <span class='ocrx_word' id='word_1_462' title='bbox 2859 4335 3069 4400; x_wconf 87' lang='grc' dir='ltr'>δέεται</span> 
     </span>
     <span class='ocr_line' id='line_1_46' title="bbox 465 4421 3069 4510; baseline 0.001 -23"><span class='ocrx_word' id='word_1_463' title='bbox 465 4424 598 4487; x_wconf 86' lang='grc' dir='ltr'>Ἀπ.</span> <span class='ocrx_word' id='word_1_464' title='bbox 638 4427 756 4489; x_wconf 82' lang='grc' dir='ltr'>τοῦ</span> <span class='ocrx_word' id='word_1_465' title='bbox 801 4422 1178 4503; x_wconf 89' lang='grc' dir='ltr'>πράγματος</span> <span class='ocrx_word' id='word_1_466' title='bbox 1223 4426 1339 4489; x_wconf 83' lang='grc' dir='ltr'>τοῦ</span> <span class='ocrx_word' id='word_1_467' title='bbox 1387 4423 1457 4488; x_wconf 87' lang='grc' dir='ltr'>ἐκ</span> <span class='ocrx_word' id='word_1_468' title='bbox 1500 4425 1618 4488; x_wconf 83' lang='grc' dir='ltr'>τοῦ</span> <span class='ocrx_word' id='word_1_469' title='bbox 1664 4421 2028 4510; x_wconf 66' lang='grc' dir='ltr'>γράφειν».</span> <span class='ocrx_word' id='word_1_470' title='bbox 2102 4425 2205 4488; x_wconf 89' lang='grc' dir='ltr'>καὶ</span> <span class='ocrx_word' id='word_1_471' title='bbox 2250 4422 2329 4487; x_wconf 79' lang='grc' dir='ltr'>δι’</span> <span class='ocrx_word' id='word_1_472' title='bbox 2377 4423 2603 4501; x_wconf 87' lang='grc' dir='ltr'>ἑτέρου</span> <span class='ocrx_word' id='word_1_473' title='bbox 2650 4426 2724 4489; x_wconf 83' lang='grc' dir='ltr'>δὲ</span> <span class='ocrx_word' id='word_1_474' title='bbox 2769 4423 3069 4500; x_wconf 82' lang='grc' dir='ltr'>ὑποδείγ-</span> 
     </span>
     <span class='ocr_line' id='line_1_47' title="bbox 458 4511 3067 4591; baseline 0 -14"><span class='ocrx_word' id='word_1_475' title='bbox 458 4533 658 4591; x_wconf 87' lang='grc' dir='ltr'>ματος</span> <span class='ocrx_word' id='word_1_476' title='bbox 721 4514 920 4591; x_wconf 84' lang='grc' dir='ltr'>ςαφὲς</span> <span class='ocrx_word' id='word_1_477' title='bbox 982 4513 1286 4588; x_wconf 81' lang='grc' dir='ltr'>γενέςθω’</span> <span class='ocrx_word' id='word_1_478' title='bbox 1380 4511 1785 4578; x_wconf 87' lang='grc' dir='ltr'>ἀπολείπει</span> <span class='ocrx_word' id='word_1_479' title='bbox 1844 4512 2362 4578; x_wconf 86' lang='grc' dir='ltr'>Ἀπολλώνιος</span> <span class='ocrx_word' id='word_1_480' title='bbox 2424 4514 2559 4578; x_wconf 85' lang='grc' dir='ltr'>τὸν</span> <span class='ocrx_word' id='word_1_481' title='bbox 2622 4513 3067 4591; x_wconf 88' lang='grc' dir='ltr'>περίπατον.</span> 
     </span>
     <span class='ocr_line' id='line_1_48' title="bbox 457 4599 3061 4686; baseline 0.001 -20"><span class='ocrx_word' id='word_1_482' title='bbox 457 4601 624 4666; x_wconf 87' lang='grc' dir='ltr'>ἀλλὰ</span> <span class='ocrx_word' id='word_1_483' title='bbox 667 4603 773 4666; x_wconf 86' lang='grc' dir='ltr'>καὶ</span> <span class='ocrx_word' id='word_1_484' title='bbox 809 4602 847 4666; x_wconf 92' lang='lat'><em>6</em></span> <span class='ocrx_word' id='word_1_485' title='bbox 883 4602 1236 4680; x_wconf 89' lang='grc' dir='ltr'>περίπατος</span> <span class='ocrx_word' id='word_1_486' title='bbox 1281 4600 1352 4667; x_wconf 84' lang='grc' dir='ltr'>ἐν</span> <span class='ocrx_word' id='word_1_487' title='bbox 1389 4607 1482 4686; x_wconf 85' lang='grc' dir='ltr'>τῷ</span> <span class='ocrx_word' id='word_1_488' title='bbox 1519 4599 1747 4681; x_wconf 80' lang='grc' dir='ltr'>ῥήματι</span> <span class='ocrx_word' id='word_1_489' title='bbox 1792 4602 2131 4681; x_wconf 88' lang='grc' dir='ltr'>γινόμενος</span> <span class='ocrx_word' id='word_1_490' title='bbox 2177 4601 2525 4680; x_wconf 88' lang='grc' dir='ltr'>αἰτιατικὴν</span> <span class='ocrx_word' id='word_1_491' title='bbox 2568 4605 2900 4680; x_wconf 89' lang='grc' dir='ltr'>μεταποιεῖ</span> <span class='ocrx_word' id='word_1_492' title='bbox 2943 4603 3061 4679; x_wconf 90' lang='grc' dir='ltr'>τὴν</span> 
     </span>
     <span class='ocr_line' id='line_1_49' title="bbox 455 4689 3054 4774; baseline 0 -19"><span class='ocrx_word' id='word_1_493' title='bbox 455 4691 913 4767; x_wconf 85' lang='grc' dir='ltr'>Ἀπολλώνιον,</span> <span class='ocrx_word' id='word_1_494' title='bbox 968 4692 1058 4756; x_wconf 86' lang='grc' dir='ltr'>ὡς</span> <span class='ocrx_word' id='word_1_495' title='bbox 1104 4690 1160 4756; x_wconf 88' lang='grc' dir='ltr'>εἰ</span> <span class='ocrx_word' id='word_1_496' title='bbox 1204 4691 1307 4755; x_wconf 88' lang='grc' dir='ltr'>καὶ</span> <span class='ocrx_word' id='word_1_497' title='bbox 1351 4690 1512 4756; x_wconf 87' lang='grc' dir='ltr'>αὐτὸ</span> <span class='ocrx_word' id='word_1_498' title='bbox 1557 4693 1635 4757; x_wconf 87' lang='grc' dir='ltr'>τὸ</span> <span class='ocrx_word' id='word_1_499' title='bbox 1680 4694 1778 4757; x_wconf 87' lang='grc' dir='ltr'>δεῖ</span> <span class='ocrx_word' id='word_1_500' title='bbox 1823 4689 2314 4771; x_wconf 87' lang='grc' dir='ltr'>ἀντιμεταλάβοι</span> <span class='ocrx_word' id='word_1_501' title='bbox 2360 4690 2503 4755; x_wconf 87' lang='grc' dir='ltr'>ἀντὶ</span> <span class='ocrx_word' id='word_1_502' title='bbox 2547 4694 2664 4756; x_wconf 87' lang='grc' dir='ltr'>τοῦ</span> <span class='ocrx_word' id='word_1_503' title='bbox 2711 4689 3054 4774; x_wconf 88' lang='grc' dir='ltr'>&lt;ἀπο&gt;λεί-</span> 
     </span>
     <span class='ocr_line' id='line_1_50' title="bbox 456 4779 3068 4863; baseline 0.001 -19"><span class='ocrx_word' id='word_1_504' title='bbox 456 4779 684 4863; x_wconf 80' lang='grc' dir='ltr'>πει[ν]’</span> <span class='ocrx_word' id='word_1_505' title='bbox 777 4784 893 4846; x_wconf 88' lang='grc' dir='ltr'>δεῖ</span> <span class='ocrx_word' id='word_1_506' title='bbox 934 4780 1449 4846; x_wconf 85' lang='grc' dir='ltr'>Ἀπολλώνιος</span> <span class='ocrx_word' id='word_1_507' title='bbox 1493 4782 1627 4846; x_wconf 87' lang='grc' dir='ltr'>τὸν</span> <span class='ocrx_word' id='word_1_508' title='bbox 1670 4781 2122 4859; x_wconf 90' lang='grc' dir='ltr'>περίπατον,</span> <span class='ocrx_word' id='word_1_509' title='bbox 2172 4781 2260 4846; x_wconf 81' lang='grc' dir='ltr'>ὡς</span> <span class='ocrx_word' id='word_1_510' title='bbox 2306 4780 2364 4845; x_wconf 89' lang='grc' dir='ltr'>εἴ</span> <span class='ocrx_word' id='word_1_511' title='bbox 2408 4801 2502 4846; x_wconf 92' lang='grc' dir='ltr'>τις</span> <span class='ocrx_word' id='word_1_512' title='bbox 2549 4780 2771 4856; x_wconf 86' lang='grc' dir='ltr'>ἔλεγεν</span> <span class='ocrx_word' id='word_1_513' title='bbox 2818 4780 3068 4846; x_wconf 88' lang='grc' dir='ltr'>οὕτως·</span> 
     </span>
     <span class='ocr_line' id='line_1_51' title="bbox 456 4869 3062 4953; baseline 0 -19"><span class='ocrx_word' id='word_1_514' title='bbox 456 4870 710 4934; x_wconf 86' lang='grc' dir='ltr'>δέεται</span> <span class='ocrx_word' id='word_1_515' title='bbox 746 4873 881 4934; x_wconf 85' lang='grc' dir='ltr'>τοῦ</span> <span class='ocrx_word' id='word_1_516' title='bbox 918 4870 1343 4950; x_wconf 89' lang='grc' dir='ltr'>περιπάτου</span> <span class='ocrx_word' id='word_1_517' title='bbox 1379 4869 1910 4946; x_wconf 88' lang='grc' dir='ltr'>Ἀπολλώνιος,</span> <span class='ocrx_word' id='word_1_518' title='bbox 1948 4871 2053 4935; x_wconf 83' lang='grc' dir='ltr'>καὶ</span> <span class='ocrx_word' id='word_1_519' title='bbox 2079 4869 2424 4935; x_wconf 87' lang='grc' dir='ltr'>ἀνάπαλιν·</span> <span class='ocrx_word' id='word_1_520' title='bbox 2484 4870 2652 4953; x_wconf 90' lang='grc' dir='ltr'>&lt;δεῖ</span> <span class='ocrx_word' id='word_1_521' title='bbox 2679 4870 3062 4936; x_wconf 85' lang='grc' dir='ltr'>Ἀπολλώ-</span> 
     </span>
     <span class='ocr_line' id='line_1_52' title="bbox 457 4958 3065 5044; baseline 0.001 -21"><span class='ocrx_word' id='word_1_522' title='bbox 457 4979 625 5024; x_wconf 90' lang='grc' dir='ltr'>νιον</span> <span class='ocrx_word' id='word_1_523' title='bbox 663 4959 703 5023; x_wconf 93' lang='lat'><em>6</em></span> <span class='ocrx_word' id='word_1_524' title='bbox 739 4959 1227 5044; x_wconf 78' lang='grc' dir='ltr'>περίπατος).</span> <span class='ocrx_word' id='word_1_525' title='bbox 1302 4959 1468 5025; x_wconf 89' lang='grc' dir='ltr'>ἔςτιν</span> <span class='ocrx_word' id='word_1_526' title='bbox 1506 4958 1626 5025; x_wconf 90' lang='grc' dir='ltr'>οὐν</span> <span class='ocrx_word' id='word_1_527' title='bbox 1662 4959 1775 5025; x_wconf 89' lang='grc' dir='ltr'>ὅτε</span> <span class='ocrx_word' id='word_1_528' title='bbox 1817 4962 1933 5040; x_wconf 81' lang='grc' dir='ltr'>μὲν</span> <span class='ocrx_word' id='word_1_529' title='bbox 1971 4960 2042 5026; x_wconf 86' lang='grc' dir='ltr'>ἐν</span> <span class='ocrx_word' id='word_1_530' title='bbox 2080 4960 2294 5043; x_wconf 85' lang='grc' dir='ltr'>εὐθείᾳ</span> <span class='ocrx_word' id='word_1_531' title='bbox 2338 4960 2415 5026; x_wconf 90' lang='grc' dir='ltr'>τὸ</span> <span class='ocrx_word' id='word_1_532' title='bbox 2453 4958 2940 5041; x_wconf 88' lang='grc' dir='ltr'>ἀπαρέμφατον,</span> <span class='ocrx_word' id='word_1_533' title='bbox 2987 4960 3065 5026; x_wconf 92' lang='grc' dir='ltr'>τὸ</span> 
     </span>
    </p>
   </div>
   <div class='ocr_carea' id='block_1_3' title="bbox 3691 4042 3695 4696">
    <p class='ocr_par' dir='ltr' id='par_1_7' title="bbox 3691 4042 3695 4696">
     <span class='ocr_line' id='line_1_53' title="bbox 3691 4042 3695 4696; baseline 0 0"><span class='ocrx_word' id='word_1_534' title='bbox 3691 4042 3695 4696; x_wconf 95' lang='lat' dir='ltr'> </span> 
     </span>
    </p>
   </div>
  </div>
 </body>
</html>
