3738 5530
692 296 814 362 192
1609 301 1783 351 ΠΕΡι
1822 300 2380 354 ΕΠῙΡΡΗΜΑΊῺΝ.

1703 412 1865 461 μορε,
1897 413 2017 453 14-
2048 412 2142 464 οοτ,
2171 412 2276 452 121)

686 502 981 585 αὐτόθεν,
1029 504 1355 583 ςχεδόθεν.
1419 504 1727 572 ἁπάντων
1771 513 1863 589 τῷ
1911 506 2089 590 λόγῳ
2125 505 2342 588 τούτῳ
2387 504 2895 572 ὑποπιπτόντων
2939 504 3279 586 ἰδιαίτερον
3333 522 3381 563 1⁵

685 605 1001 685 ἐβαρύνθη
1046 606 1123 670 τὸ
1181 606 1438 676 οἴκοθεν
1484 608 1587 672 καὶ
1630 606 1909 673 ἄλλοθεν
1964 606 2156 695 (ἔνιοι
2211 609 2326 688 μὲν
2381 607 2505 688 γὰρ
2550 608 2626 673 τὸ
2670 607 2913 674 παντός
2958 608 3279 676 πάντοθεν

686 707 789 771 καὶ
831 708 1283 792 παρώξυναν)·
1344 709 1443 772 καὶ
1485 709 1649 787 παρ’
1693 709 2006 790 ἐπίρρημα
2049 711 2121 775 δὲ
2165 711 2241 774 τὸ
2287 709 2468 776 ἐκτός
2510 710 2587 775 τὸ
2633 708 2892 775 ἔκτοθεν
2936 710 3038 775 καὶ
3082 709 3280 778 ἔνδον

684 808 974 874 ἔνδοθεν.
1039 812 1142 875 καὶ
1184 809 1238 874 εἰ
1283 809 1449 877 ἔςτιν
1494 812 1699 878 εἰπεῖν
1746 811 1836 878 ὡς
1883 811 2003 877 οὐκ
2046 810 2208 877 ἄλλο
2253 832 2311 876 τι
2356 811 2560 877 ἐθέλει
2591 812 3079 895 παροξύνεςθαι,
3126 813 3164 876 ὃ
3196 814 3277 893 μὴ

622 924 654 972 5
686 918 781 996 τῷ
841 913 879 975 ὃ
939 912 1395 991 παρεδρεύεται
1467 914 1591 994 (καὶ
1654 914 1779 993 γὰρ
1836 912 2236 994 ὀξυνομὲνου
2301 916 2419 979 τοῦ
2486 913 2633 978 ἑκάς
2696 914 2773 979 τὸ
2830 913 3055 980 ἕκαθεν
3120 936 3277 995 προ·
3331 931 3381 969 20

688 1014 1148 1096 παροξύνεται,
1226 1014 1328 1078 καὶ
1397 1014 1651 1080 ἅπαντα
1726 1016 1806 1080 τὰ
1872 1023 1966 1100 τῷ
2031 1021 2085 1080 ῶ
2165 1015 2722 1096 παρεδρευόμενα,
2797 1013 2937 1082 ἄνω
3002 1016 3276 1101 ἄνωθεν,

687 1115 857 1180 κάτω
910 1115 1215 1180 κάτωθεν.
1287 1120 1437 1200 τῇδε
1489 1116 1621 1197 ἔχει
1672 1118 1774 1181 καὶ
1820 1118 1897 1182 τὸ
1951 1116 2366 1202 ἑκατέρωθεν,
2410 1115 2897 1198 ἀμφοτέρωθεν,
2945 1118 3273 1197 ἑτέρωθεν.

684 1216 877 1282 πάλιν
959 1219 1032 1283 δὲ
1112 1219 1287 1297 παρὰ
1356 1220 1433 1284 τὸ
1509 1219 1699 1295 ἐγγύς
1768 1220 2303 1299 παροξυνόμενον
2367 1219 2444 1284 τὸ
2509 1219 2834 1300 ἐγγύθεν),
2914 1220 3035 1285 οὐκ
3110 1223 3277 1287 ἔςτιν

684 1316 945 1399 ἀφορμὴ
993 1319 1257 1399 οὐδεμία
1300 1323 1434 1383 τῶν
1479 1321 2165 1400 προπαροξυνθὲντων.
2223 1319 2374 1386 ἴςως
2415 1322 2541 1400 γὰρ
2571 1322 2646 1386 τὸ
2677 1319 2952 1386 ἄλλοθεν
2993 1320 3274 1399 ἠδύνατο
3327 1338 3378 1378 25

587 1433 649 1482 10
684 1420 855 1500 ἔχειν
901 1421 1261 1497 ἀπολογίαν
1318 1422 1425 1486 διὰ
1466 1423 1583 1501 τὴν
1631 1422 1950 1502 βαρύτητα
1993 1426 2105 1501 τῆς
2160 1426 2446 1501 γενικῆς,
2504 1423 2606 1487 καὶ
2648 1422 2813 1500 τάχα
2854 1424 2930 1487 τὸ
2988 1422 3274 1489 οἴκοθεν·

685 1521 764 1587 οὐ
810 1525 930 1602 μὴν
979 1523 1085 1588 ἐπὶ
1127 1527 1239 1601 τῆς
1282 1523 1525 1589 παντός
1553 1527 1804 1603 γενικῆς
1835 1522 2228 1604 ὀξυνομὲνης
2256 1526 2332 1610 τρ
2363 1523 2708 1589 πάντοθεν.
2770 1524 2809 1602 ἢ
2849 1523 3275 1606 ἐπιρρήματος

679 1627 798 1689 τοῦ
857 1624 1039 1690 ἐκτός
1097 1622 1500 1704 ὀξυνομένου
1557 1626 1633 1691 τὸ
1688 1625 1988 1707 ἔκτοθεν,
2055 1626 2226 1691 ὅπου
2283 1646 2357 1701 γε
2412 1625 2514 1690 καὶ
2568 1624 2633 1689 αἱ
2689 1625 3116 1706 βαρυνόμεναι
3168 1648 3273 1704 γε-

686 1726 854 1791 νικαὶ
907 1727 1534 1806 παρωξυτονήθηςαν
1579 1727 1739 1792 κατὰ
1781 1729 2219 1808 παραγωγήν,
2281 1728 2540 1806 Κύπρου
2590 1727 2951 1805 Κυπρόθεν,
2998 1728 3269 1809 Ἀβύδου
3322 1745 3374 1786 ³0

681 1826 1042 1908 Ἀβυδόθεν.
2905 1880 2915 1890 .

583 1939 646 1989 15
848 1928 1238 2008 Παράκειται
1282 1932 1419 1995 τοῖς
1463 1931 1553 1996 εἰς
1597 1917 1708 1997 <R
1753 1932 2018 2010 λήγουςι
2060 1932 2140 1997 τὰ
2184 1931 2255 1997 ἐν
2299 1932 2517 2015 τόπῳ,
2560 1933 2679 1994 τοῦ
2724 1930 2953 1996 τέλους
2996 1931 3085 1998 εἰς
3131 1933 3206 1998 τὸ
3251 1936 3275 1998 ἰ

682 2032 1368 2115 μεταλαμβανομένου,
1423 2034 1878 2114 παρεπομένης
1930 2037 2042 2112 τῆς
2086 2033 2329 2098 τάςεως
2386 2037 2498 2112 τῆς
2557 2031 2752 2110 αὐτῆς
2805 2032 2907 2096 καὶ
2950 2033 3109 2114 μετὰ
3161 2035 3275 2114 μὲν
3311 2048 3413 2097 606

680 2137 879 2212 μονῆς
923 2136 1039 2197 τοῦ
1079 2120 1166 2208 θ,
1222 2133 1276 2199 εἰ
1331 2136 1407 2198 τὸ
1451 2137 1491 2199 ὂ
1536 2134 1962 2217 προκείμενον
2007 2133 2132 2213 εἴη·
2187 2137 2267 2200 τὰ
2323 2135 2447 2215 γὰρ
2502 2136 2582 2213 μὴ
2630 2133 2838 2198 οὕτως
2896 2135 3132 2215 ἔχοντα
3175 2137 3278 2201 καὶ

676 2234 751 2300 τὸ
797 2221 848 2299 θ
891 2234 981 2300 εἰς
1035 2234 1111 2298 τὸ
1168 2238 1204 2299 ξ
1257 2237 1740 2318 μεταλαμβάνει.
1825 2241 1944 2302 τοῦ
2001 2238 2117 2317 μὲν
2175 2235 2296 2302 οὐν
2348 2236 2672 2314 προτέρου
2733 2232 2989 2300 οἴκοθεν
3049 2236 3274 2314 οἴκοθι,

677 2335 945 2402 ἔνδοθεν
1014 2336 1266 2421 ἔνδοθι,
1346 2337 1690 2417 Ἀβυδόθεν
1761 2339 2079 2421 Ἀβυδόθι,
2162 2337 2523 2419 οὐρανόθεν
2598 2337 2935 2415 οὐρανόθι,
3003 2338 3275 2416 τηλόθεν
3352 2363 3381 2402 5

575 2447 642 2496 20
676 2439 925 2517 τηλόθι,
992 2438 1264 2505 αὐτόθεν
1330 2438 1552 2506 αὐτόθι
1609 2441 1709 2505 καὶ
1751 2441 1822 2506 ἐν
1871 2447 2154 2524 ςυγκοπῇ
2199 2439 2380 2515 αὖθι,
2438 2438 2688 2518 ὑψόθεν
2734 2438 2957 2520 ὑψόθι,
3013 2439 3139 2520 ἀφ’
3195 2438 3275 2504 οὗ

676 2540 869 2606 πάλιν
940 2541 1014 2605 τὸ
1072 2541 1232 2606 κατὰ
1298 2545 1622 2622 ςυγκοπὴν
1679 2541 1815 2620 ὕψι.
1911 2542 2013 2607 καὶ
2065 2541 2221 2607 ἴςως
2272 2542 2376 2607 καὶ
2429 2542 2605 2620 παρὰ
2658 2540 2736 2605 τὸ
2792 2539 2999 2620 ἀγχοῦ
3064 2540 3143 2619 ἦν
3197 2542 3274 2606 τὸ

677 2641 954 2722 ἀγχόθεν
1024 2643 1129 2707 καὶ
1190 2642 1448 2726 ἀγχόθι,
1513 2644 1612 2708 καὶ
1676 2644 1872 2709 πάλιν
1938 2644 2098 2708 κατὰ
2153 2646 2479 2723 ςυγκοπὴν
2547 2641 2712 2721 ἄγχι.
2775 2642 2974 2722 ςαφὲς
3046 2644 3118 2707 δὲ
3174 2641 3275 2708 ὅτι

674 2745 778 2809 καὶ
831 2744 907 2809 τὸ
964 2747 1123 2810 κεῖθι
1179 2744 1374 2811 πάλιν
1429 2745 1505 2810 τὸ
1563 2743 1721 2809 αὐτὸ
1793 2744 2002 2810 πάθος
2057 2743 2437 2811 ἀνεδέδεκτο
2503 2750 2596 2830 τῷ
2656 2747 2898 2828 κεῖθεν,
2965 2747 3078 2824 τῆς
3134 2764 3272 2822 ςυγ-
3329 2773 3379 2810 ιο

676 2850 879 2924 κοπῆς
952 2846 1261 2926 ςυνούςης
1334 2850 1448 2927 τῆς
1519 2847 1695 2927 παρὰ
1762 2847 1839 2911 τὸ
1905 2847 2196 2912 ἐκεινόθι.
2279 2884 2351 2894 --
2425 2847 2520 2912 Τά
2582 2848 2697 2925 μὲν
2767 2844 2890 2912 οὐν
2953 2847 3274 2924 γεγονότα

679 2986 766 2993 ⁴——

814 3066 1034 3119 Anava.
1106 3071 1138 3119 6
1182 3068 1350 3133 (quae
1394 3066 1454 3120 in
1488 3064 1843 3135 paenultima.
1877 3073 1928 3121 ὤ
1961 3066 2199 3132 habent,
2245 3065 2703 3136 proparoxytona.
2749 3065 2920 3132 sunt).
2956 3093 3013 3103 —
3062 3070 3124 3118 15
3158 3065 3270 3119 Ad-

678 3149 889 3205 verbiis
934 3152 992 3204 in
1029 3154 1130 3206 θῖν
1174 3162 1399 3221 praesto
1443 3151 1574 3204 suut
1616 3149 1888 3204 adverbia.
1921 3150 1979 3203 in
2015 3152 2071 3205 θῑ
2105 3149 2355 3204 eiusdem
2391 3150 2608 3220 stirpis,
2655 3165 2827 3218 quae,
2872 3148 2973 3202 ubi
3007 3148 3142 3217 quid
3177 3150 3267 3217 sit,

676 3234 945 3290 indicant.
986 3266 1050 3276 -
1091 3243 1151 3291 17
1190 3234 1435 3301 Quorum
1471 3235 1519 3289 si
1551 3235 1610 3288 in
1643 3234 1997 3304 paenultima
2028 3240 2062 3289 ὃ
2094 3235 2207 3301 est,
2243 3250 2373 3288 cum
2407 3237 2641 3290 accentu
2679 3236 2905 3291 servant
2934 3221 3266 3298 ὄΙίίτι-,εηως

672 3319 759 3373 sin
793 3320 1004 3388 minus,
1042 3309 1081 3376 θ’
1110 3321 1171 3375 in
1204 3325 1241 3376 ἲ
1275 3320 1512 3376 mutant.
1536 3349 1607 3360 -—
1630 3325 1698 3373 24
1723 3318 1836 3374 Sed
1868 3334 1982 3372 non
2006 3334 2231 3374 necesse
2258 3320 2344 3373 est
2366 3318 2519 3373 omni
2542 3320 2811 3376 adverbio
2836 3338 2894 3374 m
2919 3323 3020 3375 θῖν
3042 3320 3266 3390 praesto

673 3420 791 3460 esso
827 3404 1157 3461 adverbium
1192 3403 1251 3459 in
1287 3406 1343 3459 θῑ
1378 3403 1629 3459 eiusdem
1665 3404 1872 3474 stirpis.

806 3590 1024 3646 Taum.
1114 3598 1175 3646 11
1210 3590 1395 3662 Epim.
1430 3592 1520 3647 Or.
1560 3597 1686 3658 818,
1725 3597 1786 3646 17
1823 3585 1896 3645 τὰ
1946 3588 2030 3653 εἰς
2063 3580 2178 3647 θ-εν
2217 3585 2578 3660 ἐπιρρήματα
2624 3591 2703 3664 τῷ
2752 3589 2784 3645 ὅ
2815 3587 3267 3663 παραληγόμενα

674 3670 786 3744 πρὸ
841 3677 979 3746 μιᾶς
1032 3674 1226 3746 ἔχουσι
1276 3672 1378 3732 τόν
1415 3672 1615 3743 τόνον,
1666 3674 1791 3732 οἷον
1839 3671 2151 3743 κυκλόθεν,
2204 3670 2544 3746 Ἀβυδόθεν,
2597 3668 2876 3731 Ἰλιόθεν·
2930 3678 3102 3746 χωρὶς
3153 3678 3266 3731 τῶν

671 3755 1171 3830 ἐπιμεριζομένων,
1195 3760 1322 3816 οἷον
1349 3754 1692 3828 ἕκάστοθεν,
1719 3759 2023 3827 ἔκτοσθεν,
2049 3758 2320 3815 ἔνδοθεν.
2346 3789 2409 3800 -
2440 3766 2500 3815 16
2525 3760 2629 3814 An.
2649 3759 2830 3815 Bekk.
2849 3760 2959 3814 BA
2981 3779 3039 3831 p.
3060 3766 3177 3829 945,
3201 3767 3267 3816 10

668 3844 769 3899 καὶ
817 3843 871 3899 εἰ
914 3842 1023 3914 μὲν
1059 3843 1122 3900 τὸ
1162 3846 1193 3900 ὃ
1236 3843 1336 3919 (τῷ
1372 3855 1422 3900 ὅ
1458 3862 1560 3901 scr.
1596 3844 1978 3911 RSohneider)
2023 3840 2378 3915 παραλήγοι,
2424 3850 2593 3900 ποιεῖ
2628 3840 2737 3914 τήν
2785 3841 2848 3900 ἕν
2882 3842 3040 3916 τόκῳ
3086 3845 3266 3917 τροπῇ

666 3930 771 4000 τῆς
805 3932 921 3983 θεῖ-ν
957 3927 1041 3992 εἰς
1075 3934 1174 3996 θῖ,
1217 3928 1344 3985 οἷον
1382 3931 1614 3986 οἴκοθι·
1667 3929 1723 3985 εἰ
1757 3927 1824 3985 δὲ
1863 3923 2035 3999 ἑτέρῳ
2081 3925 2374 3999 φωνήεντι
2410 3925 2831 3999 παραλήγοιτο,
2883 3928 2968 3993 εἰς
3000 3936 3088 3997 ῖῆ,
3138 3928 3265 3985 οἷον

662 4009 994 4085 Ἀθήνηθεν
1021 4007 1350 4086 Ἀθήνῃσιν.
1409 4006 1741 4084 ἡμάρτηται
1780 4010 1844 4068 τὸ
1883 4011 2135 4085 ἐγγύθεν
2171 4007 2382 4084 ἐγγύθι
2419 4017 2537 4069 κτλ.
2572 4043 2639 4054 -
2674 4018 2737 4068 18
2763 4012 2948 4084 Epim.
2975 4013 3062 4069 Cr.
3088 4021 3205 4082 318,
3232 4021 3266 4069 5

667 4096 739 4156 τὰ
791 4099 874 4163 εἰς
907 4089 980 4155 ’θῖ
1022 4094 1381 4170 ἐπιρρήματα
1416 4097 1527 4168 τήν
1562 4094 2014 4170 παραλήγουσαν
2049 4096 2220 4155 θέλει
2256 4097 2572 4167 φυλάττειν
2609 4100 2724 4154 τῶν
2762 4097 2846 4162 εἰς
2870 4088 2989 4155 θῇ
3028 4096 3258 4170 ἐπιρρη-

667 4182 889 4255 μάτων·
936 4180 1062 4239 οἷον
1098 4179 1355 4239 Ἰλιόθεν
1395 4177 1635 4255 Ἰλιόθι,
1678 4181 1993 4254 Ἀβυδόθεν
2034 4178 2335 4253 Ἀβυδόθι,
2382 4176 2642 4240 αὐτόθεν
2680 4176 2926 4254 αὐτόθι,
2974 4185 3075 4239 καὶ
3112 4180 3263 4239 κατὰ

675 4264 972 4341 συγκοπήν
1009 4257 1184 4324 αὖθι·
1223 4260 1403 4332 οὕτως
1438 4268 1540 4324 καὶ
1576 4261 1912 4339 οὖρανόθεν
1947 4264 2255 4338 οὐρανόθι.

798 4455 984 4511 Βιεοιι.
1024 4475 1219 4511 scum.
1292 4462 1342 4511 3.
1390 4458 1460 4512 τὸ
1496 4458 1659 4512 ἐκτός
1693 4455 1758 4522 b,
1802 4471 1890 4509 τω
1928 4471 2090 4510 εκτος
2125 4455 2169 4509 Α
2210 4461 2222 4519 Ι
2257 4461 2409 4512 4-5.
2449 4457 2481 4510 ὃ
2519 4459 2593 4523 μὴ
2629 4461 2715 4523 τῷ
2751 4457 2818 4524 b,
2858 4473 2907 4510 ω
2946 4474 3020 4524 μη
3056 4472 3126 4511 το
3161 4458 3205 4512 Α
3247 4457 3255 4526 Ι

664 4547 713 4597 8.
749 4541 819 4597 τὸ
855 4542 1046 4610 ἐγγύς]
1084 4541 1180 4599 fol.
1223 4547 1319 4596 145
1343 4558 1386 4595 r.
1437 4543 1446 4605 Ι
1503 4547 1581 4594 12.
1618 4544 1687 4595 τὸ
1724 4542 1961 4595 ἔκτοθεν
1997 4539 2059 4605 b,
2097 4556 2201 4594 του
2238 4544 2474 4595 εκτοθεν
2509 4543 2553 4595 Α
2602 4543 2612 4608 Ι
2663 4546 2740 4597 16.
2778 4540 3115 4595 ‘Articulum
3149 4544 3257 4608 τῆς

664 4624 965 4681 delendum
1003 4632 1228 4680 censeo’
1265 4624 1303 4679 b
1338 4625 1396 4677 in
1433 4641 1553 4678 var.
1588 4625 1717 4678 leet.
1757 4627 1765 4689 Ι
1805 4626 1948 4691 μετὰ
1984 4625 2088 4690 μὲν
2122 4630 2299 4693 μονῆς
2333 4624 2720 4693 RSkrzeczka‚
2759 4630 2936 4693 μονῆς
2971 4627 3075 4691 μὲν
3110 4627 3256 4692 μετὰ

664 4710 784 4775 Ab,
831 4707 1335 4779 ‘Praepositionem
1373 4709 1570 4764 abesse
1612 4708 1799 4763 velim’
1836 4709 1874 4762 b
1910 4709 1969 4763 in
2005 4726 2121 4764 var.
2160 4709 2287 4764 lect.
2336 4714 2347 4777 Ι
2396 4716 2475 4765 18.
2513 4710 2927 4777 μεταλαμβάνει
2965 4710 3028 4779 b,
3074 4727 3255 4778 παρα-

661 4797 931 4861 λαμβάνει
968 4797 1012 4849 Α
1045 4800 1055 4864 Ι
1085 4799 1168 4849 23.
1205 4796 1473 4849 ανεδεκτο
1511 4795 1555 4847 Α
