3738 5530
610 347 1050 404 Commentarius
1079 347 1306 404 criticus
1335 350 1394 403 et
1420 347 1741 420 exegeticus
1768 349 1830 403 in
1858 347 2148 419 Apollonii
2175 348 2406 419 Dyscoli
2434 348 2647 420 scripta
2673 348 2906 405 minora.
2979 349 3111 416 265

498 519 643 594 196,
665 520 897 578 6--14.
951 519 1578 595 184,12-186,21;
1624 538 1771 596 quos
1818 537 2021 579 omnes
2069 518 2145 578 ad
2187 520 2446 596 priorem
2491 520 2930 598 epirrhematici
2972 540 3110 597 par-

495 612 635 684 tem,
681 627 835 686 quae
880 605 1025 684 περὶ
1072 603 1325 670 ἐννοίας
1372 611 1480 684 est,
1524 609 1822 687 pertinere
1869 612 2093 686 censet3
2153 608 2256 669 sed
2302 609 2597 686 quomodo
2643 610 2870 670 factum
2915 612 2997 670 sit
3039 613 3110 670 ut

496 699 687 758 frusta
731 699 842 757 illa
886 699 1284 759 avellerentur
1328 701 1390 758 et
1433 717 1541 776 per
1583 701 1781 759 totum
1825 698 2045 758 librum
2090 698 2602 777 dispergerentur:
2646 700 2710 758 id
2757 702 2827 759 ut
2870 699 3109 759 demon·-

494 790 644 847 stret
689 790 745 847 ei
788 807 909 847 non
953 788 1263 867 contingit.

672 876 758 937 Ut
794 897 829 936 a
864 878 1059 955 primo
1094 878 1226 939 loco
1263 876 1591 938 ordiamur:
1641 878 1787 954 161,
1808 878 2027 937 4-12
2072 897 2142 938 ea
2186 880 2607 955 percensentur
2649 879 2715 938 in
2757 875 2782 940 ἰ
2827 876 3113 939 adverbia

495 985 649 1044 quae
694 986 732 1027 a
775 967 1114 1028 nominibus
1170 970 1304 1028 orta
1359 986 1484 1028 esse
1529 969 1642 1046 Ap.
1688 970 1849 1028 recte
1896 967 2082 1028 docet
2176 966 2291 1028 Sed
2337 967 2615 1028 videntur
2667 968 2850 1028 fuisse
2896 969 3001 1045 qui
3045 968 3110 1028 in

496 1076 565 1117 eo
611 1056 990 1132 offenderent,
1037 1056 1197 1134 quod
1240 1051 1614 1132 ἀθεώρητον
1660 1057 1960 1136 sig-nificat
2002 1053 2079 1117 τὸ
2118 1053 2197 1117 οὐ
2243 1054 2743 1133 τεθεωρημένον,
2792 1051 3107 1133 ἀθεωρητί

497 1148 698 1205 autem
743 1142 819 1206 τὸ
867 1143 948 1222 μὴ
997 1145 1333 1222 θεωρῆεαι,
1392 1147 1644 1223 ideoque
1693 1141 2009 1221 ἀθεωρητί
2054 1150 2218 1207 recta
2262 1166 2299 1207 a
2344 1146 2524 1207 verbo
2572 1143 2832 1221 θεωρέω
2877 1146 3109 1207 deriva-

495 1238 629 1295 rent
674 1228 847 1318 (haec
901 1238 992 1296 est
1045 1254 1225 1296 causa
1269 1255 1373 1296 cur
1421 1238 1568 1312 161,
1589 1237 1670 1296 26
1727 1238 1942 1315 pergat
1984 1231 2067 1296 τὰ
2113 1232 2329 1312 μέντοι
2375 1231 2482 1297 διὰ
2525 1235 2644 1297 τοῦ
2691 1234 2782 1297 ἒῖι
2838 1230 3107 1312 ἐκφερό-

498 1340 659 1400 μενα
705 1319 967 1400 ἄμεινον
1022 1321 1299 1400 ἡγητέον
1346 1319 1478 1386 ἀπὸ
1525 1321 1827 1401 ῥημάτων
1883 1316 2250 1406 παρῆχθαι).
2344 1325 2610 1396 Quorum
2657 1325 2996 1403 opinionem
3041 1328 3111 1386 ut

496 1414 738 1474 refellat
782 1414 1099 1492 Dyscolus,
1151 1416 1333 1475 etiam
1386 1417 1453 1475 in
1506 1416 1641 1476 aliis
1698 1415 1985 1475 orationis
2029 1414 2301 1492 partibus
2347 1414 2619 1475 derivata
2663 1434 2782 1475 non
2829 1415 2988 1475 idem
3033 1416 3109 1476 si-

502 1504 782 1582 gnificare
820 1507 1000 1581 atque
1045 1505 1354 1581 primitiva
1397 1504 1659 1565 breviter
1704 1505 1963 1582 exponit.
2035 1504 2267 1582 Itaque,
2313 1505 2455 1582 quia
2489 1505 2636 1565 haec
2675 1507 2804 1565 arte
2847 1507 3005 1565 inter
3049 1523 3111 1565 se

505 1594 837 1670 cohaerent,
881 1613 1002 1654 non
1049 1597 1139 1654 est
1183 1594 1343 1672 quod
1393 1596 1539 1670 161,
1562 1595 1821 1655 13-25
1871 1595 2178 1654 eiciantur.

675 1683 885 1743 Altero
930 1684 1060 1744 loco
1112 1684 1316 1759 193,5
1358 1675 1424 1765 (l.
1466 1685 1727 1745 20—29
1766 1683 2123 1744 removenda
2168 1686 2329 1760 sunt,
2372 1703 2427 1743 v.
2467 1676 2542 1765 s.)
2570 1715 2659 1725 —-
2691 1685 2836 1759 194,
2861 1685 2938 1742 21
2991 1684 3113 1761 pri·

497 1792 660 1831 mum
718 1792 790 1832 ex
831 1771 1139 1849 Apollonii
1196 1772 1543 1852 disputandi
1600 1775 1832 1833 ratione
1893 1791 2179 1850 apparere
2239 1773 2385 1833 dicit
2437 1772 2753 1849 Matthiae,
2814 1775 2991 1832 antea
3049 1775 3112 1832 in

497 1864 838 1923 universum
874 1862 946 1923 de
993 1863 1287 1923 adverbiis
1331 1865 1395 1922 in
1439 1861 1475 1923 ἒ
1522 1858 1593 1923 S}
1640 1862 1712 1923 ἷέ
1757 1863 2105 1923 exeuntibus
2152 1881 2479 1923 sermonem
2523 1862 2731 1938 fuisse3
2777 1881 2959 1939 quam
2995 1861 3114 1922 dis-

497 1952 871 2029 putationem
924 1951 1293 2013 intercidisse
1347 1952 1485 2012 inde
1532 1942 1835 2031 intellegi,
1899 1952 2057 2029 quod
2110 1951 2307 2013 verbis
2365 1947 2448 2012 τὰ
2503 1947 2891 2027 προκείμενα
2951 1947 3114 2011 κατὰ

496 2038 895 2116 παραγωγὴν
938 2041 1057 2102 τοῦ
1104 2036 1175 2103 e‘e
1221 2035 1401 2125 (193,
1423 2034 1492 2125 5)
1550 2042 1625 2101 ad
1676 2042 2038 2119 particulam
2089 2043 2432 2121 relegemur,
2489 2061 2610 2119 qua
2663 2040 2955 2101 derivatio
3011 2040 3114 2101 ad·

496 2129 835 2191 verbiorum
886 2131 951 2190 in
1006 2126 1079 2191 ὒὲ
1133 2132 1426 2207 explicata
1484 2133 1580 2192 sit.
1688 2131 1804 2191 Sed
1858 2131 2142 2192 adverbia
2192 2131 2257 2189 in
2313 2125 2385 2191 δὲ
2444 2122 2533 2213 (et
2587 2123 2717 2207 θῇ,
2774 2150 2830 2190 v.
2878 2122 3107 2213 adnot.)

499 2222 773 2280 exeuntia
827 2220 1128 2281 technicus
1182 2239 1366 2298 supra
1416 2221 1622 2300 tetigit
1678 2223 1824 2296 190,
1847 2222 1884 2280 7
1895 2221 2093 2298 -13;
2156 2239 2291 2280 eum
2345 2222 2531 2299 igitur
2594 2220 2791 2280 locum
2848 2220 3107 2298 respicit.

498 2310 629 2368 Iam
675 2308 833 2385 quod
878 2310 1185 2370 contendit
1227 2310 1530 2387 Matthias,
1578 2329 1649 2371 ea
1696 2330 1847 2387 quae
1893 2314 2034 2370 sunt
2081 2309 2151 2370 de
2195 2310 2439 2370 notione
2493 2310 2557 2368 in
2601 2308 2672 2370 ἶὲ
2718 2309 3113 2370 desinentium

534 2400 689 2475 194,
725 2391 1021 2480 10-13)
1087 2403 1148 2459 et
1211 2418 1282 2460 ea
1346 2419 1499 2477 quae
1563 2399 1636 2459 de
1700 2401 1908 2460 formis
1973 2399 2385 2460 adverbiorum
2447 2401 2511 2458 in
2576 2393 2646 2461 ἶέ
2711 2399 3115 2459 derivatorum

534 2490 689 2564 194,
721 2480 1010 2571 18-21)
1065 2490 1474 2567 proferuntur,
1534 2489 1791 2550 frustula
1844 2492 2081 2549 tantum
2135 2492 2399 2566 partium
2452 2507 2692 2565 prorsus
2749 2488 3114 2549 diversarum

500 2597 652 2638 esse:
700 2580 842 2654 quia
888 2581 1240 2657 argumenta
1283 2599 1403 2640 non
1450 2578 1804 2655 adiciuntur,
1848 2580 2043 2639 refelli
2086 2598 2206 2639 non
2251 2581 2464 2656 potest.

678 2666 846 2736 Quod
892 2668 1180 2729 Matthias
1226 2668 1298 2729 de
1349 2670 1495 2745 184,
1517 2670 1842 2744 12-186,
1865 2671 1940 2727 21
1995 2670 2237 2744 statuit,
2284 2668 2560 2747 aenigma
2605 2666 2719 2728 sibi
2767 2686 2892 2727 esse
2937 2666 3115 2744 profi-

500 2758 662 2817 tetur
698 2756 977 2834 Egenolff
1002 2758 1089 2817 IV
1118 2760 1237 2836 463
1271 2778 1463 2836 neque
1498 2760 1627 2837 ipse
1661 2761 1923 2820 rationes
1960 2780 2016 2836 p.
2051 2759 2309 2818 14—16
2350 2758 2565 2818 allatas
2602 2757 2888 2835 perspexi.
2957 2756 3117 2819 Satis

499 2848 688 2925 igitur
730 2847 920 2908 habeo
967 2848 1247 2909 lectorem
1294 2849 1369 2908 ad
1415 2850 1851 2909 enarrationem
1898 2852 1960 2909 et
2004 2848 2459 2925 explicationem
2507 2866 2702 2908 meam
2746 2847 3026 2926 relegare.

679 2936 1010 3015 Supersunt
1052 2940 1173 2998 tres
1218 2939 1313 2997 illi
1357 2939 1475 2999 loci
1519 2957 1556 2998 a
1599 2938 1868 2998 Dronkio
1907 2937 2000 2997 111
2039 2938 2165 2997 343
2187 2956 2273 3015 sq.
2321 2937 2588 3013 indicati,
2634 2937 2850 3014 quibus
2895 2935 2967 2996 de
3014 2937 3116 2996 ad-

501 3026 720 3087 verbiis
756 3027 878 3086 iam
916 3031 1094 3087 antea
1126 3029 1403 3089 tractatis
1439 3030 1528 3088 ita
1556 3028 1774 3107 agitur,
1809 3031 1879 3087 ut
1914 3028 2177 3088 notionis
2213 3027 2370 3087 ratio
2399 3026 2714 3087 habeatur:
2758 3027 2903 3101 192,
2926 3027 3007 3085 15
3031 3045 3116 3103 sq.

502 3108 617 3198 (=
650 3117 796 3192 163,
820 3119 855 3176 ⁷
887 3108 1019 3198 sq.).
1081 3119 1224 3193 194,
1250 3119 1330 3177 22
1360 3136 1445 3194 sq.
1496 3110 1610 3200 (=
1644 3118 1789 3193 163,
1813 3118 1896 3176 28
1927 3109 2059 3198 sq.).
2125 3117 2271 3191 195,
2294 3117 2375 3176 23
2406 3134 2491 3194 sq.
2553 3108 2665 3199 (=
2700 3116 2848 3191 165,
2870 3117 2954 3176 20
2983 3107 3116 3198 sq.).

501 3205 583 3265 Et
618 3223 717 3265 eas
761 3206 951 3284 igitur
984 3207 1312 3284 particulas
1349 3207 1422 3266 de
1461 3205 1674 3283 quibus
1712 3225 1895 3284 supra
1930 3206 2156 3266 dictum
2198 3209 2289 3266 est
2333 3210 2394 3265 et
2438 3206 2544 3266 has
2591 3207 2793 3266 censet
2827 3205 3117 3265 Matthias

503 3286 568 3375 (1
583 3287 825 3376 7—18)
863 3296 938 3356 ab
977 3296 1196 3372 aliqu0,
1242 3296 1344 3374 qui
1384 3298 1872 3373 compositionem
1909 3295 2215 3373 Apollonii
2252 3315 2498 3373 operum
2543 3312 2662 3354 non
2707 3296 3120 3373 perspexisset,

503 3403 574 3443 ex
616 3385 815 3461 priore
860 3382 1007 3461 περὶ
1054 3381 1307 3446 ἐννοίας
1352 3388 1523 3463 parte
1571 3385 1912 3462 desumptas
1959 3388 2020 3445 et
2065 3379 2162 3445 ‘in
2207 3384 2317 3444 illa
2361 3385 2433 3444 de
2479 3387 2782 3445 variorum
2837 3404 3120 3463 generum

501 3473 845 3535 notionibus
890 3476 998 3535 sub
1044 3474 1223 3535 finem
1266 3477 1454 3535 totius
1499 3475 1689 3536 libelli
1735 3468 2121 3554 digressione'
2170 3476 2479 3553 congestas
2525 3493 2665 3535 esse.

679 3563 872 3633 Quam
917 3566 1315 3625 coniecturam
1369 3583 1576 3625 vereor
1629 3566 1700 3624 ut
1745 3558 2174 3641 ‘unusquisque
2227 3558 2463 3642 probet'
2474 3586 2490 3638 3
2547 3563 2786 3623 omnino
2832 3563 3122 3623 Matthias

501 3651 649 3713 duas
696 3649 921 3715 ἔννοια
964 3657 1126 3714 vocis
1172 3654 1635 3733 significationes
1682 3654 2010 3715 confundit.
2101 3654 2306 3712 Prima
2352 3656 2509 3714 enim
2556 3656 2647 3713 est
2692 3647 2924 3728 ‘notio',
2980 3646 3123 3712 ‘Be-

504 3736 692 3820 griff',
752 3743 944 3803 altera
989 3738 1146 3819 ‘vis',
1207 3738 1623 3823 ‘Bedeutung'.
1714 3743 2072 3820 Apollonius
2133 3763 2268 3804 cum
2325 3743 2387 3802 in
2447 3743 2622 3803 initio
2682 3741 3122 3819 epirrhematici

504 3831 651 3891 dicit
686 3849 748 3891 se
787 3835 1045 3909 primum
1090 3829 1236 3908 περὶ
1281 3832 1394 3907 τῆ(
1432 3829 1686 3895 ἐννοίας
1723 3833 1907 3894 verba
1951 3833 2250 3893 facturum
2287 3850 2432 3907 esse,
2477 3833 2541 3891 in
2588 3832 2786 3891 animo
2831 3831 3014 3891 habet
3049 3830 3123 3890 de

504 3922 745 3981 notione
783 3914 1071 4005 (Begriff)
1109 3921 1393 3983 disserere
1440 3922 1732 3999 adverbii3
1776 3924 1867 3982 ita
1911 3922 1983 3982 fit
2027 3926 2095 3983 ut
2140 3922 2272 3982 adv.
2306 3922 2453 3999 126,
2478 3923 2561 3981 24
2598 3920 2823 3981 scribat
2867 3917 2970 3981 καὶ
3013 3937 3120 3981 το·

505 4010 703 4071 ταῦτα
748 4008 864 4086 μὲν
910 4008 1056 4087 περὶ
1102 4011 1213 4086 τῆς
1260 4007 1513 4074 ἐννοίας
1558 4011 1676 4073 τοῦ
1726 4008 2232 4087 ἐπιρρήματοεε
2291 4011 2502 4087 quodsi
2555 4013 2619 4070 in
2666 4012 2865 4070 animo
2911 4011 3125 4071 fuisset

502 4104 811 4177 praeterea
858 4101 1271 4162 adverbiorum
1316 4101 1779 4181 significationes
1824 4102 2103 4162 tributim
2147 4120 2515 4178 percensere,
2575 4099 2783 4161 statim
2829 4099 2903 4159 ab
2950 4098 3125 4160 initio

503 4208 565 4250 se
618 4186 734 4250 τὰ(
793 4189 927 4251 τῶν
988 4185 1483 4267 ἐπιρρημάτων
1543 4186 1798 4252 ἑννοίας
1856 4191 1954 4251 vel
2011 4187 2094 4251 τὰ
2152 4189 2286 4251 τῶν
2346 4185 2846 4265 ἐπιρρημάτων
2908 4204 3122 4264 εημαι-

506 4275 750 4354 νόμενα
794 4280 889 4339 vel
943 4276 1243 4355 δυνάμεις
1298 4281 1731 4356 explicaturum
1775 4280 2114 4341 indicasset.
2206 4279 2377 4349 Quod
2423 4298 2544 4339 non
2596 4278 2894 4338 indicavit
2939 4297 3008 4338 ac
3052 4298 3127 4338 ne

502 4370 705 4445 potuit
748 4369 989 4445 quidem
1034 4370 1244 4430 facere.
1337 4370 1433 4429 An
1488 4372 1557 4430 tu
1603 4371 1780 4446 putas
1837 4368 1892 4430 ei
1937 4371 2001 4429 in
2055 4372 2314 4430 mentem
2368 4370 2628 4444 venisse,
2680 4371 2873 4428 totam
2920 4367 3126 4429 adver-

502 4458 736 4519 biorum
791 4459 1153 4537 farraginem
1206 4459 1325 4536 bis,
1383 4460 1643 4536 primum
1698 4459 2202 4539 significationum
2249 4458 2460 4519 deinde
2506 4459 2833 4519 formarum
2875 4459 3125 4534 ratione,

500 4546 890 4625 percensere?
961 4547 1131 4618 Quod
1185 4567 1292 4609 nec
1346 4548 1670 4625 Dionysius
1725 4549 1895 4624 fecit,
1952 4567 2061 4608 nec
2112 4548 2480 4623 Priscianus3
2538 4548 2592 4609 is
2649 4549 2850 4625 potius
2906 4549 3127 4626 species

505 4632 701 4715 (εἴδη)
751 4637 1163 4698 adverbiorum
1208 4640 1582 4716 pertractans
1641 4640 1744 4713 65,
1768 4639 2048 4713 21—81,
2071 4640 2149 4698 21
2211 4639 2394 4698 etiam
2449 4637 2869 4697 formationem
2924 4655 3128 4697 eorum

504 4728 819 4805 variasque
852 4729 1302 4789 terminationes
1341 4728 1609 4805 exponit:
1648 4726 1806 4805 quod
1842 4728 2142 4788 facturum
2178 4746 2241 4788 se
2279 4746 2404 4788 esse
2441 4729 2506 4786 in
2534 4726 2923 4803 dispositione
2963 4727 3067 4801 63,
3087 4728 3124 4786 6

505 4835 625 4875 non
669 4817 885 4894 prodit.
980 4817 1206 4878 Eodem
1260 4818 1436 4878 modo
1482 4835 1689 4878 censeo
1736 4817 2152 4896 Apollonium,
2198 4817 2271 4877 de
2328 4816 2742 4877 adverbiorum
2797 4815 3129 4895 generibus,

504 4905 831 4965 formarum
878 4908 1251 4984 maximeque
1295 4907 1791 4968 terminationum
1836 4907 2069 4967 ratione
2113 4907 2338 4984 habita,
2376 4905 2781 4984 disputantem
2827 4924 2900 4965 ea
2934 4907 3130 4965 immi-

508 4995 747 5072 scuisse,
793 5015 944 5073 quae
990 4996 1062 5057 de
1101 4996 1633 5077 significationibus
1676 4997 2124 5074 quarundam
2171 4997 2447 5056 classium
2495 4995 2743 5057 dicenda
2768 4996 3126 5056 viderentur.
