3738 5530
602 360 1041 416 Commentarius
1071 360 1297 415 criticus
1327 365 1385 416 et
1411 361 1731 430 exegeticus
1759 360 1819 415 in
1847 359 2135 430 Apollonii
2163 358 2392 429 Dyscoli
2421 359 2631 430 scripta
2658 360 2888 415 minora.
2980 361 3067 426 35

461 535 512 589 et
553 532 827 604 pluralia
879 531 1287 606 intelleyimus,
1351 533 1459 591 illa
1512 532 1601 590 bis
1653 532 1985 606 smffidaria
2043 531 2253 591 dualia
2285 532 2582 605 pluralia,
2648 549 2778 590 oum
2821 531 3069 590 dicimus

460 614 636 694 ἐμός
680 615 1018 694 νωιτέρω
1072 615 1467 694 ἡμέτεροι’.
1560 618 1729 689 Quod
1774 620 2229 698 improbandum
2284 623 2389 680 est.
2482 619 2855 696 Quamquam
2910 622 3069 679 enim

458 728 631 768 nemo
676 713 885 788 negat,
932 709 1080 769 duas
1127 728 1252 770 esse
1297 712 1360 769 in
1406 711 1750 787 possessivis
1794 728 2104 787 personas,
2148 710 2214 769 in
2258 710 2666 787 personalibus
2712 728 2918 768 unam:
2976 712 3069 768 ta-

457 817 595 858 men
640 798 715 857 ab
763 817 833 857 ea
875 819 940 858 re
986 818 1199 859 nomen
1246 801 1511 859 invenire
1557 818 1674 858 non
1720 802 1986 876 possunt,
2032 818 2173 859 nam
2221 802 2394 860 etiam
2439 801 2576 860 aliis
2619 801 2793 860 rebus
2837 800 3072 859 diversa

647 979 748 1051 17,
771 979 805 1036 1
851 977 1028 1037 schol.
1067 976 1177 1037 AG
1216 979 1364 1052 913,
1385 979 1484 1038 30.
1542 978 1721 1038 Prisc.
1761 977 1879 1037 XII
1919 980 1954 1037 7
1993 998 2049 1053 p.
2083 979 2230 1053 580,
2253 979 2665 1053 20—-581,8;
2702 976 3068 1038 GFSchoem.

645 1158 746 1230 17,
767 1157 806 1215 4
854 1160 1008 1232 synt.
1060 1157 1206 1233 258,
1230 1158 1328 1216 26.
1402 1155 1584 1216 Prisc.
1631 1155 1748 1214 ΧΠ
1788 1157 1871 1215 33
1918 1175 1974 1232 11.
2017 1158 2165 1231 597,
2189 1159 2286 1216 13.

637 1244 819 1304 Velut
872 1245 966 1306 his
1020 1246 1325 1306 differunt:
1377 1248 1688 1320 privativa
1747 1249 1831 1304 est
1873 1246 1976 1304 ubi
2018 1247 2395 1315 inclinentwr,
2440 1249 2778 1321 possessiva
2830 1248 3069 1306 omnino

457 1352 578 1393 non
638 1336 1012 1395 ΜοῖΜακέτινπ
1102 1336 1441 1396 Posses-siva
1504 1336 1823 1410 aequaliter
1874 1352 1989 1409 per
2042 1352 2214 1395 casus
2257 1353 2640 1410 umerosque
2684 1336 3068 1404 declinamur,

452 1425 796 1498 personalia
836 1442 958 1484 non
998 1428 1150 1484 item.
1238 1425 1553 1485 Primitiva
1595 1426 1952 1484 nommativo
1997 1442 2141 1484 casu
2185 1443 2316 1485 eum
2360 1427 2533 1498 verbo
2584 1428 2913 1485 constructa
2946 1425 3071 1499 ple-

462 1527 606 1573 mam
650 1516 992 1574 sementim
1038 1514 1316 1587 efficiunt,
1361 1515 1470 1575 illa
1511 1531 1631 1574 non
1678 1514 1953 1587 efficiaemt.
2049 1512 2198 1574 Cum
2222 1516 2662 1589 primativormn
2694 1516 3070 1576 nominativis

461 1604 700 1662 verbwm
746 1605 1000 1663 eiusdem
1033 1621 1325 1678 personae
1369 1602 1746 1673 construitur,
1811 1604 2050 1663 verbum
2104 1607 2298 1664 autem
2351 1605 2505 1678 quod
2558 1621 2690 1662 eum
2723 1606 3074 1678 possessivis

462 1694 833 1766 eoniumyimr
878 1695 1051 1753 etiam
1094 1695 1160 1752 in
1205 1694 1360 1753 alias
1395 1710 1686 1766 personas
1724 1694 1952 1762 transit,
2000 1693 2166 1752 velut
2199 1711 2363 1753 meus
2398 1694 2599 1752 scribit
2642 1685 2792 1775 (scil.
2823 1685 3072 1776 servus).

463 1782 802 1842 Possessiva
854 1800 1040 1856 yemis
1100 1784 1356 1842 cmusvis
1405 1799 1700 1856 personae
1759 1784 1848 1841 rei
1899 1799 2206 1856 possessae
2271 1784 2569 1852 mdiccmt,
2635 1784 3075 1858 proruitivormn

456 1872 660 1944 prima
705 1875 757 1929 et
800 1873 1055 1932 semmaa
1089 1889 1350 1945 persona
1392 1872 1602 1945 formis
1631 1889 1851 1946 genera
1884 1889 2006 1931 non
2040 1873 2406 1947 distinquunt
2450 1871 2823 1947 (personalia
2858 1875 3075 1940 tertiae,

466 1977 615 2034 quae
659 1961 890 2035 widem
926 1963 1215 2020 comneni
1249 1978 1366 2021 usu
1399 1966 1629 2036 recepta
1662 1965 1816 2030 sumt,
1862 1962 2199 2021 diseermmt
2228 1978 2461 2036 ymera,
2508 1964 2579 2021 ut
2614 1957 2844 2022 αὐτό(
2883 1956 3073 2022 ἐκεῖ·

467 2045 643 2126 νος).
736 2050 1082 2111 Personalia
1125 2051 1312 2110 locum
1353 2052 1700 2111 nominativi
1743 2055 2041 2124 occupant,
2078 2052 2416 2125 possessiva
2447 2053 2695 2126 genetivi
2720 2053 3078 2125 possessoris

473 2141 572 2213 17,
593 2140 827 2198 6-17,

654 2230 756 2303 17,
778 2231 814 2288 7
863 2229 934 2288 cf.
963 2247 1130 2306 pron.
1165 2230 1310 2304 105,
1334 2230 1432 2289 25.
1524 2228 1641 2287 Pro
1688 2224 1885 2288 κλίειν
1922 2229 2099 2288 scribi
2134 2229 2302 2289 iubet
2336 2228 2576 2290 πτῶειν
2612 2229 2892 2290 Hoersch.
2929 2229 3078 2303 375,

463 2319 606 2393 quia
650 2313 814 2377 κατὰ
858 2314 1053 2377 κλίειν
1098 2320 1188 2379 ita
1231 2321 1584 2396 usurpatum
1630 2318 1705 2378 ab
1751 2317 2060 2395 Apollonii
2105 2318 2422 2379 abhorreat
2458 2319 2899 2394 consuetudine,
2944 2336 3078 2377 cum

462 2408 619 2466 recte
673 2405 907 2466 dicatur
959 2426 1125 2483 pron.
1169 2410 1271 2482 29,
1293 2410 1329 2467 9
1386 2404 1445 2467 τί
1499 2405 1571 2467 δὲ
1630 2403 1711 2467 τὰ
1766 2404 1882 2482 μὲν
1942 2401 2074 2468 ἀπὸ
2131 2407 2245 2469 τοῦ
2300 2405 2337 2468 ²?
2393 2404 2587 2469 κλίειν
2644 2405 2746 2468 καὶ
2806 2402 3075 2483 ἀριθμὸν

463 2488 824 2557 ἀνεδέξατο.
919 2495 1034 2556 Sed
1097 2495 1450 2573 Apollonius
1517 2498 1754 2573 scripsit
1811 2498 1965 2573 synt.
2009 2499 2110 2571 96,
2134 2498 2214 2557 15
2279 2498 2372 2578 τῷ
2436 2494 2603 2558 τέλει
2670 2496 3075 2572 (υνεχρῶντο

465 2580 652 2644 κατὰ
715 2582 851 2659 τὴν
915 2582 1169 2646 κλίειν.
1263 2586 1393 2645 adv.
1446 2586 1695 2660 141,28
1742 2582 1819 2646 τὸ
1876 2582 2030 2646 δέον
2093 2582 2624 2664 παρελαμβάνετο
2689 2583 2881 2647 κατὰ
2946 2581 3078 2646 τὰ(

464 2669 755 2734 κλίεειε.
848 2675 925 2734 111.
970 2676 1114 2750 163,
1139 2677 1218 2735 16
1278 2671 1357 2735 τὰ
1412 2671 1811 2754 ευνῃρημένα
1864 2671 2026 2735 κατὰ
2082 2672 2198 2737 τὰ(
2249 2671 2497 2737 εὐθείας
2545 2673 2624 2737 οὐ
2670 2677 2764 2756 τῷ
2810 2691 3076 2754 cumpu-

467 2757 640 2843 μένῳ
686 2760 875 2825 κατὰ
921 2759 1052 2826 τὰς
1098 2760 1376 2826 κλίςειε
1423 2758 1778 2826 ἀκολουθεῖ.

649 2855 986 2928 17,8-12
1034 2856 1106 2914 cf.
1154 2854 1335 2915 Prisc.
1383 2854 1519 2929 ΧΠ,
1560 2857 1642 2914 10
1687 2875 1744 2932 p.
1786 2854 1934 2930 582,
1956 2857 2145 2917 6-9.

649 2945 1034 3018 17,10--12
1081 2945 1152 3003 cf.
1201 2963 1366 3021 pron.
1420 2945 1613 3019 18‚6;
1658 2946 1813 3021 synt.
1866 2946 2013 3021 149,
2036 2946 2134 3004 24.

648 3035 845 3107 17,17
876 3033 992 3093 huc
1026 3033 1467 3111 transponenda
1503 3051 1630 3093 esse
1667 3052 1819 3110 quae
1861 3036 1963 3108 16,
1986 3035 2245 3094 14-18
2284 3035 2566 3113 leguntur
2602 3054 2783 3113 supra
2820 3037 3077 3112 exposui.

640 3123 992 3183 Probandae
1033 3126 1215 3199 iyimr
1257 3128 1397 3184 sunt
1443 3123 1770 3199 Tryphonis
1814 3124 2249 3198 appeaanones,
2299 3119 2444 3196 ἐγώ
2492 3129 2545 3185 et
2589 3129 2777 3185 cetera
2821 3125 3079 3185 eiusdem

464 3214 693 3284 yeneris
729 3208 1287 3286 πρωτοτύπουε
1323 3214 1581 3281 dicentis,
1619 3215 1761 3286 quia
1796 3213 1871 3273 ab
1899 3213 2038 3273 allis
2064 3213 2331 3274 derivata
2356 3231 2477 3274 non
2501 3218 2671 3286 sim&
2708 3208 3082 3288 ἡμέτερος

471 3305 525 3359 et
565 3302 788 3362 similia
831 3298 1348 3376 παραγώγουε
1396 3306 1448 3362 et
1491 3297 1866 3376 κτητικάε,
1929 3304 2071 3377 quia
2116 3322 2156 3362 a
2189 3305 2605 3378 personalibus
2649 3305 2931 3379 oriyinem
2974 3304 3082 3362 du-

469 3394 608 3449 cunt
651 3394 705 3450 et
736 3394 1164 3465 possessionem
1205 3393 1474 3451 indicam
1521 3393 1922 3466 16,14--18.

650 3478 991 3557 Sequuntur
1035 3480 1341 3558 Apollonii
1396 3481 1468 3541 de
1522 3483 1789 3559 personis
1847 3480 2089 3558 placita.
2182 3481 2347 3551 Quae
2391 3484 2586 3542 sintne
2631 3485 2723 3542 ita
2764 3500 2920 3542 nunc
2966 3482 3081 3541 dis-

469 3569 668 3647 posita
711 3572 782 3628 ut
824 3570 927 3629 ille
973 3571 1244 3648 protulit,
1288 3570 1436 3629 mihi
1474 3570 1714 3646 quidem
1758 3589 1879 3629 non
1924 3572 2071 3631 satis
2109 3570 2344 3631 videtur
2380 3574 2665 3632 constare.
2738 3571 2897 3631 Nam
2943 3590 3078 3649 pro·

469 3658 623 3717 fecto
688 3658 1083 3720 definiendum
1147 3662 1276 3719 erat
1338 3659 1483 3736 quid
1547 3663 1701 3720 esset
1770 3678 2025 3736 persona
2086 3663 2148 3721 et
2210 3680 2315 3720 cur
2376 3662 2487 3722 hoc
2550 3664 2804 3721 maxime
2865 3680 3080 3721 nomen

470 3748 891 3824 imponendum
938 3748 1257 3823 videretur,
1303 3753 1624 3825 antequam
1669 3767 1882 3809 causae
1928 3749 2296 3826 afferrentur,
2341 3770 2446 3810 cur
2489 3770 2607 3810 non
2653 3751 2852 3826 plures
2901 3769 3081 3826 quam

472 3839 591 3895 tres
627 3856 913 3915 personae
952 3841 1264 3898 exstarent.
1341 3838 1552 3915 Itaque
1589 3841 1907 3898 coniecerit
1941 3840 2193 3899 fortasse
2232 3840 2547 3917 quispiam,
2593 3859 2746 3916 quae
2780 3842 3084 3916 pertinent

475 3923 612 3985 inde
658 3946 695 3985 a
745 3929 846 4003 17,
869 3930 948 3987 19
997 3946 1182 4004 usque
1230 3927 1304 3986 ad
1356 3929 1560 4001 18,13
1610 3928 1923 3988 inserenda
1968 3946 2092 3988 esse
2137 3932 2275 4005 post
2324 3933 2425 4005 19,
2446 3931 2504 4004 8,
2550 3931 2619 3988 ut
2663 3929 2819 3989 hunc
2863 3928 3082 3988 habeas

475 4016 661 4074 totius
699 4015 1120 4094 disputationis
1159 4017 1450 4076 ordinem:
1501 4009 1567 4098 1)
1615 4017 1876 4077 Persona
1911 4016 2056 4094 quid
2093 4017 2215 4078 sit?
2291 4021 2392 4093 18,
2418 4021 2694 4094 lei—19,
2717 4020 2771 4077 8.
2860 4009 2927 4098 2)
2968 4016 3087 4077 Gur

472 4124 590 4163 non
635 4106 835 4182 plures
881 4124 1167 4184 personae
1213 4125 1395 4183 quam
1448 4108 1571 4166 tres
1618 4104 1889 4166 exstent?
1985 4110 2086 4181 17,
2110 4109 2388 4183 19—18‚
2412 4109 2509 4167 13.
2605 4100 2674 4189 3)
2721 4107 2978 4167 Pluralis
3026 4109 3087 4166 et

471 4194 667 4254 dualis
711 4191 887 4255 unius
935 4199 1217 4273 cuiusque
1261 4214 1548 4273 personae
1594 4215 1746 4272 quae
1792 4198 1873 4255 sit
1916 4196 2145 4257 indoles
2198 4200 2298 4273 19,
2321 4199 2556 4271 9-21,
2579 4200 2632 4255 2.

651 4284 767 4343 IV.
841 4286 945 4345 De
978 4288 1314 4360 personis
1365 4286 1890 4361 17,19--22,23.

653 4377 706 4432 1.
774 4373 933 4433 Fieri
979 4394 1097 4434 non
1142 4377 1341 4452 potest
1376 4377 1446 4434 ut
1479 4376 1679 4452 plures
1715 4376 1837 4434 sint
1873 4393 2157 4452 personae
2196 4395 2375 4453 quam
2400 4379 2522 4435 tres
2560 4378 2659 4451 17,
2686 4376 3081 4450 19-18,13.

475 4461 971 4536 Quemadmwdwm
1026 4466 1180 4523 enim
1234 4466 1422 4523 omnis
1465 4482 1746 4523 umerus
1792 4468 1893 4538 qui
1937 4466 2098 4525 ultra
2142 4466 2376 4525 dualem
2409 4466 2788 4540 promeditur
2821 4465 3086 4539 pluralis

473 4551 712 4611 dieitur:
755 4554 843 4613 ita
887 4555 1075 4613 onmis
1109 4568 1372 4628 persona
1415 4571 1565 4627 quae
1608 4554 1925 4614 semmdam
1971 4557 2179 4629 eoeoipit
2221 4556 2391 4614 terbia
2436 4556 2792 4629 appellatur,
2859 4556 3087 4614 etiamsi

464 4641 669 4712 plures
727 4643 1137 4718 intelleyantm
1199 4645 1355 4701 inter
1413 4661 1474 4702 se
1538 4641 1819 4702 diversae.
1931 4641 2124 4717 Atque
2178 4646 2246 4702 in
2300 4645 2564 4703 nwneris
2620 4644 2724 4703 hoc
2784 4645 2957 4703 etiam
3018 4660 3086 4701 ex

474 4728 667 4800 forma
709 4734 864 4791 vocis
910 4733 1101 4801 elucet,
1147 4750 1292 4792 ‘nam
1334 4733 1504 4791 nulla
1548 4733 1672 4792 abia
1715 4732 1913 4805 forma
1957 4751 2109 4810 quae
2153 4733 2313 4793 ultra
2358 4733 2591 4792 dualem
2634 4732 3088 4811 progrederetur

474 4816 634 4889 facta
694 4824 776 4879 est
822 4825 1063 4895 praeter
1118 4840 1304 4881 unam
1350 4822 1614 4896 phamas
1671 4823 1952 4894 formam,
2020 4824 2290 4898 quamvis
2345 4823 2468 4881 sint
2520 4821 2698 4880 multi
2753 4821 2825 4881 de
2872 4821 3086 4898 quibus

477 4923 666 4966 sermo
713 4912 803 4968 est
851 4912 1254 4986 17,19-18,
1277 4914 1330 4970 2.
1569 4932 1574 4940 ·

657 4999 812 5075 18,1
872 4998 1003 5070 Qua
1046 5020 1110 5059 re
1155 5004 1481 5060 commotus
1526 5000 1565 5059 b
1612 4996 1650 5077 ἢ
1698 5019 1807 5077 1110
1855 4996 1918 5060 οἱ
1964 5000 2281 5077 scripserit,
2337 5019 2458 5060 non
2493 5002 2640 5060 satis
2678 5001 2883 5076 liquet.
2976 4999 3087 5058 Po-

2598 5099 2667 5155 3*
