3738 5530
536 343 980 399 Commentarius
1008 343 1236 400 criticus
1265 349 1324 400 et
1351 345 1671 417 exegeticus
1699 345 1760 400 in
1786 344 2077 416 Apollonii
2106 344 2340 416 Dyscoli
2367 345 2581 416 scripta
2610 345 2845 402 minora.
2924 347 3053 412 115

433 511 624 574 dicit?
668 505 906 595 (91,16
957 509 1061 574 καὶ
1105 512 1307 587 δῆλον
1355 507 1454 573 ὅτι
1501 506 1592 596 (ιιι
1635 514 1904 575 versibus
1949 515 2125 575 Hom.
2169 533 2316 592 quos
2363 506 2599 596 attulit)
2646 512 2893 576 δοτικαί
2940 511 3053 577 εἰει

433 601 535 663 καὶ
599 598 689 663 εἰ(
753 601 1009 678 γενικὴν
1074 598 1698 678 μεταλαμβάνονται,
1763 600 1853 665 ὼε
1920 600 1990 665 ἐν
2058 601 2375 680 εχήματοε
2438 600 2593 677 ἔθει,
2659 599 2899 680 ὁμοίως
2960 607 3052 686 τῷ

432 687 674 767 Ἀχιλῆι·
726 689 1065 768 δαμαεθεὶε
1120 683 1275 772 κτὲ.)
1365 692 1660 768 Equidem
1714 713 1850 753 cum
1894 694 2091 754 dualis
2135 696 2272 754 tert.
2318 712 2471 772 pers
2520 712 2660 754 usus
2714 695 3053 755 rarissimus

434 784 614 857 esset,
659 801 734 840 ne
782 784 1047 859 antiquis
1092 780 1333 883 quidem
1377 785 1784 860 grammaticis
1839 786 2068 844 certum
2122 783 2195 843 de
2240 802 2310 843 eo
2358 784 2538 844 fuisse
2591 784 2880 845 iudicium
2935 785 3053 844 exi·

433 871 632 946 stim0‚
677 874 738 931 et
781 871 1167 948 Apollonium
1215 872 1414 947 priore
1458 872 1611 948 loco,
1655 891 1790 932 cum
1836 870 2044 949 εφωίν
2090 891 2123 932 e
2168 873 2559 933 similitudine
2605 876 3056 934 coniunctorum

434 957 781 1039 (ευζύγων)
829 962 1153 1021 formarum
1199 981 1286 1037 pr.
1335 963 1397 1020 et
1440 980 1552 1021 sec.
1599 980 1888 1040 personae
1931 963 2245 1038 iudicaret,
2289 965 2633 1042 genetivum
2679 968 2740 1023 et
2783 964 3057 1024 dativum

433 1051 545 1110 illa
589 1052 784 1110 forma
829 1050 1153 1128 significari
1171 1039 1445 1127 dixisse,
1504 1052 1694 1112 altero
1740 1053 1899 1129 loce,
1955 1072 2090 1112 cum
2133 1070 2310 1113 usum
2354 1052 2761 1130 Homericum,
2816 1054 2890 1114 de
2937 1073 3053 1130 quo

435 1141 552 1200 vid.
591 1139 874 1219 Krueger.
951 1139 1049 1200 Gr.
1080 1139 1181 1199 Gr.
1220 1138 1283 1198 H
1321 1141 1424 1216 66,
1471 1160 1604 1201 eam
1649 1141 1763 1202 soli
1807 1140 2013 1202 dativo
2060 1143 2410 1220 assignasse.
2414 1137 2434 1165 '
2509 1142 2675 1213 Quae
2719 1143 3054 1220 explicandi

433 1231 591 1288 ratio
627 1248 869 1306 prorsus
905 1229 1273 1289 incredibilis
1321 1248 1445 1289 esse
1482 1232 1719 1291 videtur
1755 1231 2050 1291 Matthiae
2077 1231 2141 1290 Π
2179 1232 2305 1293 639
2356 1226 2542 1292 ‘Aber
2576 1250 2749 1292 wenn
2786 1232 2913 1291 ihm
2948 1233 3055 1292 das

437 1318 673 1396 System
710 1321 849 1396 jene
887 1323 1041 1379 erste
1079 1318 1333 1379 Ansicht
1367 1320 1632 1398 gegeben
1667 1321 1853 1397 hatte,
1902 1340 2132 1381 warum
2176 1321 2352 1381 sollte
2389 1341 2455 1381 er
2487 1322 2584 1380 ihr
2627 1321 2724 1381 bei
2755 1322 3055 1383 Beobach-

434 1411 586 1487 tung
632 1408 733 1468 des
771 1408 1196 1468 Homerischen
1243 1406 1800 1488 Sprachgebrauchs
1845 1413 2063 1470 untreu
2107 1410 2369 1487 werden,
2417 1411 2497 1470 da
2540 1411 2635 1471 die
2682 1411 2861 1471 Form
2906 1411 3057 1471 doch

435 1498 499 1557 in
544 1499 833 1558 manchon
871 1498 1306 1558 Homerstellen
1353 1499 1753 1577 genetivische
1790 1499 2144 1579 Bedeutung
2188 1500 2357 1560 hatte
2368 1494 2423 1558 ‘2’
2496 1500 2588 1559 Ne
2631 1501 2851 1561 multa:
2896 1500 3059 1561 delet

434 1588 583 1647 haec
632 1590 733 1664 91,
757 1590 1004 1664 6-2ος
1055 1587 1352 1647 nefarium
1398 1591 1600 1649 autem
1645 1589 2134 1667 interpolatorem
2178 1609 2298 1649 non
2344 1590 2490 1650 satis
2536 1589 2813 1651 habuisse
2859 1593 3058 1650 censet

435 1677 909 1737 additamentum
954 1695 1129 1737 suum
1173 1677 1468 1755 invehere,
1515 1679 1619 1738 sed
1663 1679 1973 1739 mutilasse
2019 1680 2203 1739 etiam
2236 1679 2479 1739 initium
2520 1681 3056 1759 argumentationis

437 1786 590 1844 quae
636 1767 918 1844 sequitur.

614 1849 683 1939 γ)
729 1856 895 1916 Inter
930 1856 1134 1916 duales
1171 1856 1460 1916 secundae
1497 1859 1560 1916 et
1593 1858 1807 1917 tertiae
1842 1876 1995 1936 pers.
2026 1858 2169 1935 quid
2215 1859 2465 1919 rationis
2510 1860 2842 1920 intercedat
2878 1879 3055 1936 quae·

434 1948 652 2020 rentes,
697 1946 760 2005 in
806 1946 1070 2006 diversas
1087 2010 1096 2020 ,
1116 1949 1318 2023 partes
1355 1946 1667 2006 discedunt
1702 1948 2096 2026 grammatici.
2173 1948 2327 2008 Snmt
2370 1951 2541 2018 enim,
2588 1953 2689 2024 qui
2723 1952 2961 2024 primae
3006 1954 3059 2008 et

436 2036 726 2095 secundae
758 2053 919 2110 pers.
958 2037 1164 2095 duales
1197 2039 1435 2096 nativas
1471 2054 1594 2096 esse
1635 2037 1880 2111 formas,
1919 2042 1973 2096 et
2016 2055 2046 2097 e
2088 2038 2257 2098 duali
2301 2039 2588 2099 semdae
2622 2057 2783 2114 pers.
2808 2057 2926 2115 per
2967 2042 3057 2098 in-

438 2126 807 2186 clmationem
849 2126 1076 2198 formas
1121 2127 1322 2185 tertiae
1363 2127 1558 2199 factas
1601 2127 1716 2185 sibi
1749 2128 2169 2201 persuadeant.
2254 2127 2418 2188 Nam
2462 2129 2529 2203 a)
2576 2130 3060 2202 quemadmodum

440 2234 508 2274 επ
554 2215 795 2289 εφῶιν
840 2231 947 2273 see.
984 2233 1144 2289 pers.
1183 2219 1421 2274 accentu
1453 2219 1674 2275 mutato
1721 2212 1965 2291 εφωίν
2008 2218 2233 2290 factum
2276 2221 2367 2286 sit,
2416 2219 2501 2279 ita
2538 2236 2607 2278 ea:
2652 2217 2844 2294 εφῶι
2891 2236 3059 2279 aceu-

437 2308 624 2364 sativo
661 2322 768 2364 see.
796 2309 1006 2364 natum
1042 2321 1163 2363 esse
1199 2301 1397 2379 εφωί
1434 2308 1832 2365 accusativum
1868 2308 2085 2366 tertiae.
2158 2307 2370 2381 Itaque
2406 2303 2623 2382 εφωί,
2669 2325 2789 2366 mm
2826 2305 3058 2384 εφωέ,

434 2396 754 2470 yerminam
802 2411 923 2453 esse
965 2395 1234 2466 for-mam.
1272 2424 1361 2434 —
1398 2391 1482 2451 Ac
1523 2395 1860 2456 inauditnm
1896 2399 1996 2465 est,
2040 2399 2261 2455 mutato
2305 2401 2544 2455 accentu
2586 2399 2808 2457 nmtan‘
2842 2415 3059 2472 prono-

435 2485 664 2543 minum
697 2500 990 2557 perso-nas
1036 2483 1442 2558 89‚21—89,
1466 2485 1564 2543 28.
1660 2482 1747 2543 Cf.
1794 2487 1952 2561 synt.
2004 2485 2577 2560 167‚5—169,25.

618 2574 822 2647 89‚21
873 2567 1152 2648 Ὁμοίως
1197 2566 1316 2633 οὖν
1362 2572 1530 2633 ταῖς
1584 2572 1700 2633 τοῦ
1757 2569 2023 2648 πρώτου
2079 2570 2183 2634 καὶ
2237 2572 2546 2650 δευτέρου
2601 2571 2843 2649 θέματά
2890 2591 3059 2636 τινες

437 2658 658 2737 ἠξίουν
714 2656 904 2740 εἶναι]
962 2681 1114 2738 quae
1168 2664 1223 2721 si
1267 2680 1414 2721 sana
1458 2664 1679 2738 essent,
1733 2662 1888 2721 hanc
1940 2663 2295 2740 praeberent
2347 2665 2731 2724 sententiam:
2790 2658 3059 2742 ‘quidam

438 2752 548 2812 has
608 2752 829 2812 formas
890 2747 1126 2831 ((φωίν
1183 2747 1388 2829 (φωέ)
1450 2754 1676 2830 pariter
1731 2755 1911 2829 atque
1971 2753 2194 2814 formas
2253 2753 2482 2831 primae
2535 2757 2597 2814 et
2651 2754 2941 2816 secundae
2999 2776 3057 2833 p.

439 2839 684 2917 θέματα
719 2842 927 2902 haberi
973 2836 1328 2901 voluenmt'.
1421 2841 1586 2911 Quae
1631 2861 1766 2902 cum
1812 2844 1898 2903 eis
1946 2862 2100 2919 quae
2146 2846 2476 2921 sequuntur
2519 2848 2831 2925 pugnant„
2899 2845 3060 2904 Nam

437 2932 533 2991 illi
577 2933 817 2990 tantum
862 2932 1033 2991 abest
1075 2933 1145 2990 ut
1189 2928 1433 3005 θέματα
1486 2950 1613 2992 esse
1661 2928 1838 3008 εφωέ
1887 2929 2093 3008 εφωίν
2139 2934 2253 2993 sibi
2299 2933 2723 3012 persuadeant,
2778 2938 2848 2994 ut
2891 2930 3059 3011 εφωί

440 3022 695 3080 enclima
758 3021 918 3080 vocis
983 3020 1175 3096 εφῶι,
1233 3016 1440 3098 (φωίν
1503 3022 1759 3081 enclima
1820 3022 2028 3096 εφῶιν
2091 3022 2318 3082 formae
2373 3023 2754 3083 arbitrentur.
2845 3024 3059 3101 Itaque

440 3105 680 3184 ὁμοίως
719 3110 795 3169 ad
829 3112 1085 3187 primam
1114 3112 1176 3169 et
1210 3110 1529 3170 secundam
1564 3132 1622 3189 p.
1649 3112 1929 3188 pertinet,
1968 3131 2120 3188 quae
2155 3112 2382 3188 pariter
2417 3108 2661 3188 θέματα
2697 3131 2824 3172 esse
2856 3112 3058 3173 dicun-

438 3204 567 3276 tur3
612 3200 750 3260 ταῖς
795 3202 984 3278 igitur
1028 3201 1091 3258 in
1136 3196 1253 3261 τὰ(
1298 3199 1654 3260 mutandum
1700 3203 1806 3261 est.

621 3292 724 3364 89,
747 3292 824 3348 21
877 3284 1070 3368 τινες]
1119 3292 1274 3366 synt.
1326 3290 1530 3364 167,5
1588 3284 1760 3350 Ἐπεὶ
1814 3284 1935 3350 οὖν
1990 3287 2404 3366 παρήλθομεν
2460 3285 2549 3352 εἰ(
2609 3287 2725 3353 τὰ(
2771 3287 3056 3352 ἀντωνυ-

442 3376 621 3453 μικὰε
676 3374 933 3454 γραφὰς
988 3377 1104 3439 τοῦ
1161 3375 1568 3454 Ζηνοδότου,
1630 3376 1709 3440 οὐ
1764 3375 2069 3454 παρέλκει
2124 3376 2226 3440 καὶ
2279 3378 2426 3456 περὶ
2484 3381 2602 3440 τοῦ
2662 3376 2782 3442 ‘ric
2840 3377 2893 3441 τ’
2951 3375 3055 3456 ἄρ’

442 3464 633 3544 εφωΰ
680 3467 1032 3543 διαλαβεῖν·
1094 3465 1212 3542 τὴν
1257 3462 1381 3542 γὰρ
1418 3464 1723 3543 τοιαύτην
1769 3467 2030 3544 γραφὴν
2076 3466 2179 3529 καὶ
2221 3466 2538 3530 Σέλευκος
2583 3466 2910 3546 προκρίνει
2956 3469 3060 3531 καὶ

443 3554 629 3618 ἄλλοι
683 3557 991 3619 πλεῑετοιε
1051 3558 1116 3615 ιιι
1169 3557 1262 3617 his
1318 3559 1500 3617 fuisse
1546 3558 1905 3635 Dionysium
1960 3558 2272 3618 Sidonium
2318 3559 2599 3619 discimus
2645 3581 2678 3619 e
2723 3561 2903 3620 schol.
2950 3560 3059 3619 BV

442 3648 520 3706 ad
575 3650 632 3705 A
679 3649 716 3706 8
779 3643 840 3707 οἱ
887 3644 1103 3722 μέντοι
1161 3644 1308 3722 περὶ
1362 3643 1478 3707 τὸν
1525 3644 1842 3708 Σιδώνιον
1898 3649 1974 3727 τῇ
2032 3647 2199 3723 εφῶι
2245 3644 2645 3723 ἀρέεκονται,
2701 3646 2782 3710 οὐ
2828 3649 3057 3710 καλῶς.

441 3733 480 3809 ἡ
529 3733 651 3810 γὰρ
701 3736 866 3812 εφῶι
914 3732 1033 3797 δύο
1080 3733 1348 3800 πτώεειε
1395 3732 1781 3811 ἐπιδέχεται,
1841 3732 2020 3812 ὑμεῖς
2066 3753 2137 3797 τε
2183 3734 2285 3797 καὶ
2330 3734 2518 3813 ὑμᾶς,
2567 3734 2661 3799 ὧν
2709 3735 3058 3813 οὐδέτερον

443 3822 718 3900 ἁρμόζει.
794 3822 869 3885 τὸ
907 3824 981 3886 δὲ
1019 3821 1197 3901 εφωέ
1235 3824 1482 3900 μᾶλλον
1519 3822 1738 3901 τρίτου
1777 3821 1906 3886 {cri
1951 3826 2172 3886 δυῖκοῦ
2210 3824 2580 3901 προεώπου,
2628 3825 2731 3888 καὶ
2778 3825 3057 3903 εημαίνει

442 3912 518 3975 τὸ
566 3911 829 3981 αὐτούεε
877 3916 949 3974 cf.
987 3913 1098 3973 AG
1135 3915 1198 3973 Π
1238 3916 1517 3990 915,19;
1563 3916 1742 3975 schol.
1782 3915 1837 3974 A
1875 3915 1954 3974 ad
2001 3912 2046 3977 Ι(
2086 3917 2212 3975 546
2263 3908 2378 3999 (=
2407 3917 2624 3977 Friedl.
2653 3918 2836 3977 Arist.
2872 3909 3060 3998 184);

443 4005 706 4064 Diintzer
755 4005 888 4064 Zen.
932 4007 1045 4080 57·
1099 4004 1442 4064 WRibbeek
1490 4003 1701 4065 Philol.
1732 4003 1884 4063 VIII
1923 4005 2069 4064 699.
2105 4038 2194 4047 -
2223 4001 2376 4080 Τάρ,
2422 4026 2542 4067 non
2590 4002 2642 4066 τ’
2691 4002 2809 4083 ἄρ’,
2855 4025 3058 4067 omnes

442 4094 831 4154 Alexandrini
895 4095 1199 4171 scripsisse
1259 4094 1561 4168 videntur,
1623 4093 1695 4153 cf.
1743 4091 1929 4153 Lehrs
1990 4113 2043 4170 q.
2091 4113 2142 4154 e.
2193 4096 2313 4155 131
2339 4113 2423 4171 sq.
2529 4096 2620 4155 De
2681 4096 2924 4157 Seleuco
2986 4097 3058 4156 cf.

443 4183 728 4243 Ludwich
763 4184 946 4243 Arist.
986 4175 1192 4266 (ind.;)
1237 4184 1375 4242 Max
1410 4183 1661 4243 Mueller
1696 4183 1786 4242 De
1824 4183 2069 4243 Seleuco
2106 4184 2435 4245 Homerico.
2513 4185 2837 4289 Gottingae
2889 4187 3053 4248 1891

446 4265 690 4355 (Diss);
735 4272 808 4332 de
853 4274 1141 4350 Dionysio
1190 4272 1435 4333 Sidonio
1483 4274 1615 4333 adn.
1665 4274 1740 4332 ad
1785 4292 1954 4350 pron.
1996 4276 2099 4350 81,
2120 4276 2176 4332 4.
2269 4275 2359 4334 De
2406 4271 2568 4350 θέμα
2612 4277 2774 4336 vocis
2819 4278 3060 4336 notione

446 4363 521 4421 ad
566 4383 732 4441 pron.
778 4365 879 4437 10,
902 4365 981 4422 27
1032 4362 1257 4422 dictum
1304 4366 1408 4422 est.

624 4455 727 4529 89,
752 4454 831 4511 26
881 4453 955 4511 cf.
991 4452 1130 4512 Her.
1170 4452 1201 4511 I
1248 4454 1396 4529 475,
1420 4452 1519 4511 15.

625 4545 831 4617 89,27
882 4537 1155 4620 μήποτε]
1204 4536 1519 4602 ‘forsitan’.

624 4634 1009 4709 89,27-28
1058 4632 1130 4690 cf.
1178 4624 1345 4708 synt.'
1385 4631 1744 4706 168,5—8.

623 4722 897 4781 Alterum
951 4722 1426 4780 adversariorum
1481 4723 1915 4799 argumentum.
2007 4712 2075 4802 b)
2123 4714 2212 4781 ‘Si
2265 4740 2415 4796 quae
2466 4722 2694 4795 formae
2745 4724 2813 4783 in
2855 4726 3062 4798 prima

446 4814 810 4886 secundaque
853 4829 1012 4886 pers.
1061 4812 1304 4869 eumdem
1350 4814 1563 4869 exitum
1605 4811 1831 4881 habent,
1881 4811 2057 4870 etiam
2100 4813 2165 4870 in
2210 4814 2380 4871 tertia
2418 4812 2617 4871 eadem
2662 4814 3063 4873 terminatione

444 4906 691 4960 utzmtur
751 4893 942 4983 (ἡμᾶς
987 4896 1163 5003 ’,ὑμᾶς
1218 4931 1306 4942 -
1361 4899 1526 4975 εφᾶ(
1586 4891 1777 4981 sim.:)
1839 4903 2036 4973 itaque
2094 4903 2379 4974 siquidem
2431 4903 2639 4975 prima
2698 4906 2749 4960 et
2805 4904 3062 4963 secunda

444 4992 656 5051 habent
691 4990 826 5049 νῶι
865 4989 1058 5065 εφῶι
1092 4992 1335 5063 t'ormas,
1374 5007 1524 5063 quae
1561 4983 1709 5074 (non
1747 4990 1940 5049 solum
1976 4991 2333 5049 nominativi
2369 4982 2500 5072 sed)
2536 4994 2708 5052 etiam
2745 4995 3063 5053 acmasativi

2562 5091 2637 5145 8*
