3738 5530
586 321 1029 377 Commentarius
1057 321 1284 376 criticus
1314 323 1374 376 et
1400 320 1723 392 exegeticus
1751 321 1813 375 in
1841 320 2130 393 Apollonii
2158 320 2387 391 Dyscoli
2416 321 2630 391 scripta
2656 322 2889 377 minora.
2964 321 3090 387 221

470 492 709 570 legitur.
774 490 955 568 Apud
992 489 1378 567 Apollonium
1416 493 1727 567 praeterea
1763 493 2258 551 commemoratur
2295 485 2736 575 ἀποδεικτικός
2774 487 2906 569 (καὶ
2942 488 3093 569 μήν)

469 582 618 641 coni.
666 582 812 657 251,
835 583 892 657 9,
952 579 1054 640 sed
1098 580 1212 640 hoc
1256 599 1441 658 genus
1488 600 1525 639 a
1569 600 1782 658 genere
1835 580 1969 641 τῶν
2017 576 2572 654 ἐναντιωματικῶν
2618 580 2919 641 diversum
2973 598 3092 640 non

468 689 594 730 esse
647 669 914 745 videtur,
971 688 1111 728 nam
1159 669 1459 730 adduntur
1502 671 1542 729 l.
1581 688 1624 729 s.
1663 688 1708 729 s.
1754 670 1901 729 haec
1942 664 2137 730 πάλιν
2183 665 2593 745 ὑπαγομένη(
2640 665 3093 731 ἐναντιώςεως.

469 758 722 829 Quidam
759 754 998 820 οὐκοῦν
1038 758 1424 836 appellabant
1461 755 1943 831 ἐπιλογιςτικόν,
1991 759 2097 817 alii
2139 754 2798 835 ἀνακεφαλαιωτικὸν,
2837 760 2939 820 sed
2978 759 3091 836 Ap.

466 849 619 908 hanc
662 851 864 925 potius
909 848 1046 908 τοῖς
1092 847 1583 920 ςυλλογιςτικοῑς
1627 849 1909 908 tribuisse
1955 847 2219 924 videtur,
2273 868 2413 907 nam
2459 850 2544 908 sic
2598 850 2850 909 fortasse
2897 850 3095 927 legen·

468 937 609 997 dum
655 938 803 997 coni.
855 939 1106 1012 257,19
1165 932 1323 1016 ὃ<ς>
1370 931 1516 1021 (non
1562 928 1837 1018 (καθ>ὸ)
1886 933 1990 997 ἐπὶ
2043 937 2163 999 τοῦ
2207 934 2437 998 τέλους
2491 933 2663 1012 ἔχων
2708 937 2826 1012 τὴν
2872 934 3091 1017 (περι-

469 1022 850 1107 ςπωμένην)
895 1022 976 1087 οὐ
1024 1022 1269 1102 μακρὰν
1317 1023 1615 1088 πέπτωκε
1661 1027 1794 1087 τῶν
1838 1022 2259 1101 καλουμένων
2306 1026 2812 1098 ςυλλογιςτικῶν.
2849 1059 2938 1070 -
2984 1024 3089 1102 Δή

468 1112 777 1178 πολλάκις
840 1111 1178 1191 μετάβαςιν
1242 1112 1446 1188 λόγου
1511 1115 1786 1178 ποιεῖται
1852 1108 2031 1197 (coni.
2083 1119 2230 1192 251,
2266 1109 2413 1198 20),
2476 1116 2577 1176 sed
2642 1120 2897 1193 speciem
2959 1117 3093 1177 τῶν

469 1205 903 1283 μεταβατικῶν
948 1224 1068 1265 non
1113 1205 1394 1267 statuisse
1438 1205 1552 1282 Ap.
1600 1208 2063 1266 consentaneum
2110 1212 2216 1266 est.

645 1474 809 1545 Quae
848 1475 1448 1552 214‚27—215,13
1489 1477 1729 1535 servata
1763 1476 1921 1549 sunt,
1967 1473 2214 1534 dubium
2258 1476 2382 1535 fere
2426 1494 2547 1535 non
2593 1477 2686 1535 est
2722 1476 2867 1551 quin
2903 1474 3097 1534 frusta

471 1567 595 1624 sint
647 1565 1073 1641 disputationis
1128 1561 1276 1639 περὶ
1321 1559 1660 1638 ςχημάτων
1707 1563 1839 1624 τῶν
1888 1559 2267 1638 ςυνδέςμων.
2357 1564 2428 1623 In
2474 1565 2567 1624 his
2615 1567 2815 1624 autem
2863 1566 3092 1640 quaeri-

470 1658 587 1730 tur,
646 1655 710 1712 ni
764 1654 1019 1713 multum
1075 1654 1273 1728 fallor,
1327 1655 1482 1713 sitne
1538 1649 1678 1713 ἐπεί
1723 1655 2119 1730 compositum
2172 1673 2241 1713 ex
2289 1649 2394 1714 ἐπί
2448 1655 2887 1731 praepositione
2933 1656 2995 1712 et
3041 1648 3094 1712 εἰ

470 1743 884 1803 coniunctione
929 1762 1125 1803 necne.
1200 1743 1331 1802 Iam
1374 1762 1515 1803 vero
1561 1745 1798 1803 constat
1842 1742 2226 1804 Posidonium
2273 1735 2420 1825 (τὸν
2467 1737 2885 1817 ἀναγνώςτην
2930 1737 3092 1816 Ἀρι-

470 1829 764 1907 ςτάρχου,
805 1833 881 1892 ad
918 1834 1066 1892 coni.
1090 1825 1321 1914 214,4)
1359 1832 1509 1891 illud
1540 1832 1823 1908 docuisse,
1861 1834 2017 1909 synt.
2041 1833 2284 1908 337,22
2323 1828 2443 1892 κᾶν
2480 1828 2741 1892 πάντως
2769 1827 2989 1910 (διότι)
3019 1828 3094 1891 ἓν

470 1919 661 1997 μέρος
707 1918 909 1994 λόγου
955 1918 1343 1995 καθειςτήκει
1381 1914 1462 2004 (si
1499 1941 1571 1982 ex
1607 1916 1713 1981 διά
1758 1923 2198 1998 praepositione
2236 1925 2297 1980 et
2343 1915 2442 1981 ὅτι
2479 1923 2892 1982 coniunctione
2937 1939 3094 1980 oom-

468 2011 731 2087 positum
768 2004 967 2092 esset),
1014 2006 1301 2086 καθάπερ
1341 2006 1473 2086 ἔχει
1508 2007 1614 2071 καὶ
1650 2004 1689 2070 ὁ
1727 2006 1867 2070 ἐπεί
1914 2006 2295 2071 ςυναπτικὸς
2333 2007 2735 2084 ςυγκείμενος
2772 2005 2844 2070 ἐκ
2880 2008 2999 2069 τοῦ
3037 2005 3097 2070 εἴ

469 2097 818 2176 ςυνδέςμου
856 2098 960 2161 καὶ
1002 2099 1117 2174 τῆς
1164 2096 1268 2161 ἐπί
1304 2095 1687 2174 προθέςεως,
1736 2095 1826 2160 ὥς
1863 2116 2016 2174 φηςι
2062 2097 2167 2160 καὶ
2201 2097 2651 2161 Ποςειδώνιος.
2716 2100 2831 2158 ΕΜ
2866 2100 3015 2174 356,
3037 2101 3092 2158 7.

467 2190 526 2250 Is
563 2193 753 2267 igitur
786 2193 1060 2267 princeps
1097 2191 1219 2248 fuit
1253 2208 1459 2249 eorum
1494 2192 1777 2264 virorum,
1814 2208 2072 2265 quorum
2101 2189 2455 2267 opinionem.
2506 2190 2655 2249 coni.
2689 2190 2837 2264 215,
2861 2191 2941 2247 12
2980 2189 3093 2246 rei-

466 2280 737 2341 ciendam
781 2299 899 2339 non
939 2298 1063 2340 esse
1108 2279 1257 2339 dicit
1290 2278 1663 2356 Apollonius.
1737 2278 1885 2338 Eius
1923 2278 2247 2339 adversarii
2283 2279 2394 2338 hoc
2431 2282 2846 2357 argumentum
2889 2269 3093 2359 (futile

467 2360 635 2450 sane)
682 2369 957 2429 attulisse
1002 2368 1307 2429 videntur:
1354 2363 1494 2430 ἐπεί
1539 2368 1973 2429 coniunctionis
2019 2369 2217 2428 locum
2261 2387 2548 2445 occupare
2595 2368 2892 2445 simplices
2941 2360 3090 2448 (for-

466 2462 625 2519 tasse
687 2451 845 2540 ὅτι),
903 2460 1073 2535 sequi
1130 2459 1321 2536 igitur
1378 2460 1449 2517 ut
1503 2452 1642 2517 ἐπεί
1700 2458 1834 2534 ipsa
1894 2477 2128 2534 quoque
2187 2457 2439 2535 simplex
2497 2459 2593 2518 sit.
2696 2457 2922 2527 Quibus
2982 2457 3093 2516 boc

467 2548 717 2626 opponit
752 2548 1064 2626 Dyscolus,
1109 2566 1180 2607 ex
1219 2549 1657 2608 constructione
1693 2548 1855 2607 vocis
1894 2547 2144 2607 alicuius
2181 2566 2300 2607 non
2336 2564 2510 2624 posse
2546 2547 2751 2625 colligi
2789 2565 2921 2606 eam
2958 2563 3086 2605 esse

464 2638 795 2714 simplicem
848 2639 946 2698 vel
999 2638 1415 2714 compositam3
1474 2655 1615 2696 nam
1669 2656 1778 2714 pro
1825 2631 1943 2696 ἐάν
1989 2638 2401 2697 coniunctione
2458 2656 2530 2697 ex
2589 2631 2647 2696 εἴ
2691 2639 2755 2695 et
2810 2630 2891 2696 ἄν
2936 2654 3091 2694 com-

463 2728 664 2804 posita
716 2730 860 2804 poni
918 2722 997 2788 ἄν
1051 2727 1415 2804 simplicem,
1479 2727 1552 2786 cf.
1600 2726 1781 2786 schol.
1830 2726 2026 2786 DThr.
2079 2727 2227 2803 289,
2258 2728 2295 2787 6
2334 2726 2496 2805 Hilg.
2555 2720 2892 2802 εἰρήκαμεν
2954 2719 3092 2786 ἄνω

466 2814 612 2892 περὶ
656 2816 768 2892 τῆς
814 2816 931 2878 τοῦ
979 2812 1118 2877 ἐπεί
1169 2812 1534 2878 ςυνθέςεως.
1609 2811 1915 2888 ἐπάγεται
1962 2810 2083 2877 οὖν
2130 2812 2305 2897 αὐτῷ
2352 2812 2392 2877 ὁ
2453 2811 2533 2888 εἴ,
2590 2809 2736 2876 οἷον
2782 2810 2972 2887 ‘em-zi,
3036 2811 3095 2875 εἴ

466 2901 771 2979 ἀνέγνως,
818 2900 1090 2981 ἔκμαθε’,
1137 2901 1350 2982 ὥςπερ
1396 2902 1501 2967 καὶ
1544 2906 1637 2986 τῷ
1684 2900 1800 2966 ἐάν
1845 2899 1885 2965 ὁ
1933 2899 2031 2977 ἄν,
2078 2899 2221 2966 ’ἐὰν
2266 2901 2436 2986 θέλῃ,
2484 2900 2836 2980 ἀναγνοίην
2884 2899 3006 2964 ἄν.
3052 2899 3091 2963 .’

465 2991 705 3071 Ὥςπερ
753 2993 826 3056 δὲ
872 2992 1004 3056 ἀπὸ
1049 2994 1168 3056 τοῦ
1214 2990 1386 3056 εἰ-ἀν
1433 2990 1694 3067 ἐγένετο
1742 2989 1876 3065 ἐάν,
1924 2989 2134 3055 οὕτως
2175 2988 2307 3054 ἀπὸ
2352 2993 2471 3055 τοῦ
2518 2987 2772 3055 ἐπεί-ἄν
2819 2989 3091 3066 ἐγένετο

465 3080 679 3146 ἐπεάν.
770 3085 982 3161 Itaque
1028 3085 1100 3145 de
1153 3085 1509 3146 formatione
1555 3083 1818 3144 dubitari
1862 3084 2099 3161 nequit3
2159 3083 2388 3144 accedit
2430 3083 2588 3160 quod
2635 3085 2818 3143 etiam
2863 3103 2934 3143 ex
2980 3103 3090 3142 no-

465 3175 627 3234 tione
674 3177 1088 3254 argumentum
1133 3176 1260 3251 peti
1303 3176 1516 3252 potest.
1593 3172 1714 3233 Ubi
1757 3192 1902 3234 vero
1950 3176 2011 3233 et
2053 3175 2249 3234 forma
2293 3176 2355 3233 et
2398 3173 2564 3233 notio
2609 3171 2953 3233 testimonio
3001 3175 3091 3232 est

465 3265 954 3342 compositionem
981 3265 1205 3324 factam
1233 3281 1377 3340 esse,
1402 3264 1490 3324 ibi
1516 3265 1707 3323 omnis
1737 3261 2038 3323 dubitatio
2066 3264 2139 3323 de
2167 3262 2363 3323 medio
2390 3263 2651 3323 tollitur:
2679 3264 2829 3322 coni.
2845 3264 3089 3338 237‚18

466 3348 579 3413 ὅτε
635 3349 851 3428 μέντοι
904 3352 1043 3415 ταῖς
1099 3353 1353 3430 φωναῖς
1405 3349 1510 3413 καὶ
1552 3350 1635 3413 τὰ
1681 3347 2051 3427 δηλούμενα
2096 3351 2556 3426 ςυνομολογεῖ,
2602 3352 2950 3427 τηνικαῦτα
2995 3351 3094 3412 δεῖ

465 3439 933 3518 παραδέχεςθαι
976 3439 1094 3504 τὸν
1141 3438 1566 3519 ςχηματιςμόν
1612 3437 1938 3503 ςύνθετον.
2029 3441 2243 3519 Itaque
2288 3441 2611 3502 Posidonio
2657 3442 2909 3518 aliisque
2955 3460 3091 3500 con-

465 3532 789 3592 cedendum
843 3533 958 3592 erit
1012 3528 1151 3593 ἐπεί
1206 3552 1277 3592 ex
1332 3527 1438 3594 ἐπί
1483 3534 1543 3591 et
1599 3526 1658 3591 εἴ
1715 3532 2112 3608 compositum
2158 3549 2297 3591 esse.
2391 3532 2612 3590 Totum
2662 3530 2851 3609 igitur
2893 3530 3091 3590 locum

466 3622 551 3681 sic
586 3622 710 3682 fere
745 3623 998 3682 restituo
1036 3614 1216 3705 (215,
1239 3613 1514 3703 2—13):
1562 3616 1641 3682 οὐ
1679 3616 1803 3697 γὰρ
1852 3616 1925 3682 ἐν
1961 3622 2055 3702 τῷ
2100 3617 2385 3682 καθόλου
2422 3616 2499 3681 τὸ
2536 3616 2837 3681 τοιοῦτόν
2880 3614 3089 3698 ἐςτκν

466 3704 843 3772 ἀςύςτατον·
918 3705 1106 3790 οῐ>όν
1151 3706 1222 3771 τέ
1268 3706 1437 3773 ἐςτιν
1483 3705 1773 3787 εὑρέςθαι
1819 3704 1962 3770 ’ἐὰν
2010 3706 2229 3791 θέλῃς,
2274 3704 2401 3788 (ἂν
2438 3705 2686 3790 θέλ>ῃς,
2735 3703 3089 3784 ἀναγνοίην

466 3794 589 3861 ἀν’.
654 3795 815 3861 ὥςτε
853 3795 1010 3861 οὐδὲ
1045 3797 1193 3876 περὶ
1217 3795 1479 3880 (αὐτῶν
1518 3795 1589 3860 ἐκ
1613 3795 1771 3879 τῆς)
1803 3794 2123 3875 ἐπιφορᾶς
2160 3795 2267 3860 διὰ
2303 3798 2436 3860 τῶν
2474 3794 2691 3859 αὐτῶν
2728 3798 2847 3858 τοῦ
2885 3794 3088 3870 λόγου

464 3884 721 3968 (μερῶν
768 3885 1064 3969 ἁπλοῦν)
1108 3886 1148 3965 ἣ
1196 3885 1503 3951 ςύνθετον
1555 3884 2022 3963 καταςτήςεται.
2112 3885 2191 3949 τὸ
2248 3884 2409 3948 αὐτὸ
2457 3881 2585 3963 ἄρα
2627 3881 2776 3965 (καὶ
2820 3883 2926 3947 ἐπὶ
2969 3887 3088 3946 τοῦ

467 3974 606 4039 ἐπεί
651 3975 1061 4059 ςυνδ>έςμου.
1147 3973 1186 4039 ὁ
1234 3974 1350 4040 ἐάν
1398 3973 1824 4041 ἐπιζευκτικὸς
1873 3973 2127 4053 ἐδείχθη
2174 3974 2513 4053 γινόμενος
2557 3971 2674 4055 (ἐκ
2718 3974 2837 4037 τοῦ
2885 3970 2942 4037 εἴ
2984 3973 3089 4036 καὶ

465 4067 584 4129 τοῦ
632 4061 737 4128 ἄν·
814 4063 1064 4148 οὕτως>
1110 4062 1230 4129 οὖν
1266 4064 1371 4128 καὶ
1407 4069 1500 4149 τῷ
1539 4063 1678 4128 ἐπεί
1714 4061 2093 4143 παράκειται
2135 4062 2360 4128 ἐπεάν·
2423 4061 2656 4145 (περὶ)
2694 4060 2980 4127 ἅπαντός
3018 4081 3088 4125 τε

465 4154 589 4233 γὰρ
638 4153 945 4219 ςυνθέτου
992 4154 1312 4233 ςχήματος
1357 4152 1711 4236 <οὐδε>μία
1756 4152 1924 4218 ἐςτὶν
1962 4151 2303 4236 (ἀπορία),
2352 4151 2467 4216 ἐὰν
2512 4153 2618 4215 καὶ
2662 4151 2743 4214 τὰ
2786 4154 2900 4229 τῆς
2947 4172 3085 4229 φω-

465 4246 581 4320 νῆς
626 4242 999 4327 ὑπαγορεύῃ
1038 4244 1143 4307 καὶ
1177 4243 1259 4307 τὰ
1293 4241 1455 4325 (τοῦ
1493 4241 1957 4326 δηλουμένου).
2032 4240 2210 4321 εἴπερ
2250 4239 2369 4306 οὖν
2406 4241 2446 4306 ὁ
2484 4239 2622 4306 ἐπεί
2661 4239 2793 4319 ἔχει
2829 4240 2932 4304 καὶ
2969 4240 3087 4317 τὴν

466 4333 698 4411 φωνὴν
743 4335 861 4397 τοῦ
907 4329 1163 4415 (ἁπλοῦ
1211 4331 1325 4416 εἴ),
1374 4331 1506 4410 ἔχει
1552 4332 1624 4395 δὲ
1669 4331 1774 4395 καὶ
1817 4332 1896 4396 τὸ
1934 4331 2354 4410 δηλούμενον,
2405 4330 2476 4395 ἐν
2514 4327 2612 4395 οἷς
2659 4327 3085 4412 ἀκολου<θίας

467 4420 638 4505 ἑςτ>ὶ
681 4421 1163 4502 παραςτατικός,
1211 4421 1342 4500 ἔχει
1387 4423 1461 4486 δὲ
1504 4420 1610 4484 καὶ
1655 4419 1920 4499 δυνάμει
1966 4420 2084 4485 τὸν
2121 4419 2238 4485 ἐάν
2274 4418 2722 4502 <ςυνεςτῶ>τα
2762 4419 2831 4482 ἐκ
2868 4422 2986 4482 τοῦ
3031 4419 3089 4481 εἴ

466 4511 569 4574 καὶ
616 4507 712 4586 ἄν,
769 4510 841 4576 ἐν
887 4508 986 4575 οἷς
1038 4510 1233 4575 πάλιν
1280 4511 1496 4591 φαμὲν
1539 4508 1851 4593 <ἑπεάν>,
1910 4512 2053 4573 πῶς
2109 4509 2255 4588 οὐχὶ
2303 4509 2510 4589 βίαιον
2556 4508 2637 4587 μὴ
2687 4508 2831 4585 οὐχὶ
2878 4528 3083 4586 παρα-

467 4599 757 4667 δέξαςθαι
802 4598 1021 4683 <τῶν>
1064 4600 1506 4679 προκειμένων
1552 4597 1811 4679 ἀνδρῶν
1856 4598 1975 4675 τὴν
2021 4598 2302 4678 δόκηςιν;
2348 4601 2446 4661 Ad
2486 4602 2634 4677 215,
2657 4602 2693 4660 2
2742 4602 2812 4660 cf.
2843 4601 3085 4661 Dronke

466 4692 559 4751 III
599 4696 754 4770 5643
798 4693 1011 4753 Matth.
1050 4693 1081 4752 I
1131 4695 1213 4753 24
1259 4687 1375 4771 <ἐν
1420 4693 1514 4774 τῷ
1559 4689 1708 4768 περὶ
1753 4686 2152 4771 ςχημά>των.

647 4784 796 4860 215,
819 4784 899 4844 13
947 4786 1086 4860 post
1130 4778 1387 4858 δόκηςιν
1434 4783 1804 4859 amplissima
1847 4781 2066 4840 lacuna
2110 4779 2429 4840 statuenda
2474 4783 2577 4840 est.
2651 4780 2723 4838 V.
2764 4783 2936 4858 epim.

644 4872 712 4931 B.
777 4870 1274 4933 coniunctionum
1320 4891 1541 4950 genera
1582 4873 2002 4949 percensentur
2042 4872 2188 4946 215,
2212 4871 2535 4947 14-258,
2559 4872 2656 4930 17.

650 4965 703 5022 1.
767 4961 858 5022 De
903 4961 1277 5023 disiunctivis
1328 4962 1946 5038 215,14—219‚11.
