3738 5530
779 267 904 332 142
977 266 1427 323 Commentarius
1454 268 1682 323 criticus
1709 271 1768 322 et
1795 268 2117 339 exegeticus
2144 268 2203 321 in
2232 267 2518 338 Apollonii
2546 268 2775 337 Dyscoli
2802 270 3011 339 scripta
3038 270 3267 324 minora.

952 438 1119 513 Quod
1161 457 1348 513 supra
1390 439 1464 498 de
1515 433 1874 498 κάλλιςτα
1927 441 2054 497 sim.
2101 439 2319 498 dietum
2374 444 2472 508 est,
2517 440 2671 498 idem
2714 441 2869 499 valet
2909 441 2983 500 de
3025 436 3147 499 ναί
3195 445 3247 499 et
3289 435 3370 500 οὔ

771 528 1019 587 voculis:
1050 529 1439 602 proferuntur
1483 531 1780 602 tamquam
1823 529 2231 602 complementa
2273 530 2433 588 verbi
2478 529 2631 602 quod
2674 533 2849 588 antea
2886 521 3371 610 (interrogantes)

765 618 1127 692 promamus
1176 618 1620 692 122‚13-15.
1698 616 1784 676 cf.
1821 619 1971 676 coni.
2014 618 2295 692 226‚11;
2343 620 2497 694 synt.
2540 618 2687 692 118,
2709 621 2763 677 2.
2815 620 3214 693 247‚1-19.

949 706 1114 766 Haec
1163 706 1520 766 removenda
1574 724 1698 766 esse
1753 710 1955 766 censet
2006 706 2217 765 Matth.
2266 707 2297 765 I
2344 709 2447 783 39,
2507 707 2666 783 quod
2722 709 2900 766 series
2959 708 3369 785 exemplorum,

771 795 985 873 quibus
1028 796 1141 872 Ap.
1189 813 1251 855 se
1304 796 1369 855 id
1414 795 1572 872 quod
1622 814 1804 873 supra
1847 798 1912 854 in
1966 798 2307 856 universum
2350 796 2621 874 probarit
2665 797 3207 857 demonstraturum
3251 816 3369 858 esse

770 884 958 960 dicat,
1016 903 1167 962 quae
1221 904 1260 944 a
1310 905 1367 962 p.
1409 887 2005 961 121,27-122,12
2064 889 2125 944 01
2177 904 2216 944 a
2267 905 2324 962 p.
2368 888 2795 967 122,16—33
2860 888 3226 963 pertineant,
3281 887 3369 946 his

772 975 967 1034 verbis
1002 976 1485 1051 interrumpatur.
1568 975 1658 1033 Ac
1693 975 1958 1052 profecto
1994 975 2104 1034 hoc
2141 974 2577 1034 concedendum
2621 978 2763 1051 erit3
2807 976 2909 1035 sed
2956 994 3089 1035 cum
3134 994 3372 1053 prorsus

769 1064 1235 1140 Apollonianum
1292 1065 1373 1124 sit
1424 1065 1536 1123 11οο
1580 1064 1653 1123 110
1698 1060 1803 1123 ναί
1848 1067 1911 1124 01
1954 1060 2035 1124 οὔ
2079 1065 2395 1140 placitum,
2449 1083 2699 1142 cumque
2754 1066 3068 1125 cohaereat
3112 1084 3247 1125 cum
3289 1068 3370 1126 eis

769 1173 923 1230 qnae
959 1152 1032 1212 de
1070 1149 1368 1213 κάλλιςτα
1403 1157 1464 1212 01
1499 1154 1572 1212 110
1608 1154 2120 1213 interiectionibus
2155 1155 2466 1231 praecipit,
2510 1155 2656 1212 mihi
2702 1158 2901 1231 potius
2942 1157 3088 1230 121,
3112 1156 3193 1213 26
3241 1158 3375 1231 post

769 1241 958 1317 δηλοῖ
1002 1261 1127 1303 esse
1171 1242 1547 1302 inserendum
1594 1262 1772 1319 quam
1817 1242 2131 1302 delendum
2177 1244 2428 1303 videtur.

661 1387 666 1394 .
950 1334 1097 1407 122,
1118 1334 1200 1391 13
1246 1327 1393 1411 (καὶ
1436 1329 1513 1392 τὸ
1559 1327 2012 1412 ἀποφατικὸν>
2057 1333 2391 1392 addendum
2437 1351 2562 1392 esse
2617 1353 2687 1392 ex
2732 1334 3017 1411 exemplis
3062 1335 3101 1391 l.
3145 1335 3225 1393 15
3273 1330 3373 1393 ναί

769 1425 830 1480 01
874 1417 955 1482 οὔ
1001 1425 1265 1499 apparet.

945 1508 1306 1571 Adverbiwm
1352 1513 1646 1586 pertinere
1703 1513 1785 1571 ad
1841 1513 2104 1581 verbnm,
2167 1530 2235 1572 ea:
2294 1513 2658 1572 collocatione
2714 1513 3018 1571 verborum
3076 1508 3385 1587 eolliyitmz‘

766 1600 931 1660 Nam
980 1604 1133 1660 inter
1186 1602 1498 1660 artimdum
1553 1605 1606 1659 et
1645 1618 1854 1660 nomen
1898 1605 2046 1676 poni
2098 1619 2219 1660 non
2265 1605 2486 1676 pote-si,-
2543 1604 2630 1661 sic
2683 1605 2836 1660 enim
2889 1603 3224 1661 collocatum
3276 1620 3377 1660 nec

768 1708 900 1750 eum
950 1691 1122 1749 verbo
1176 1693 1432 1750 construi
1475 1694 1686 1764 potest,
1751 1693 1892 1764 quia
1944 1694 2175 1750 nomine
2229 1695 2281 1750 et
2332 1693 2604 1760 articulo,
2668 1708 2818 1765 quae
2865 1694 3096 1765 generis
3150 1693 3376 1751 vinmdo

769 1782 1073 1840 nonme-ta
1109 1784 1262 1849 sumt,
1310 1784 1596 1838 coercetur
1604 1801 1627 1850 ;
1669 1798 1774 1839 nec
1810 1798 1943 1840 cum
1976 1783 2224 1848 nomme,
2272 1798 2312 1840 a
2346 1798 2458 1854 quo
2495 1781 2753 1839 alienum
2790 1784 2887 1839 est.
2958 1780 3076 1840 Sed
3110 1783 3163 1840 si
3187 1784 3376 1855 parti-

768 1872 985 1943 cipium
1019 1871 1421 1948 interponitur,
1467 1871 1620 1943 quod
1657 1873 1710 1927 et
1739 1888 1926 1943 yenus
1970 1872 2265 1944 siqnifieat
2298 1874 2351 1928 et
2393 1873 2690 1938 actionem,
2737 1871 3079 1929 adverbium
3114 1872 3378 1929 accedere

758 1963 972 2032 poten,
1027 1961 1113 2018 ita
1166 1960 1397 2033 quidem
1447 1963 1516 2016 ut
1568 1959 1649 2017 ad
1689 1961 2076 2033 participium
2118 1962 2435 2033 pertineat,
2494 1977 2613 2018 non
2668 1960 2750 2018 ad
2801 1961 3039 2018 verbum
3093 1962 3244 2032 quod
3299 1961 3379 2018 ad

767 2049 1164 2123 confflendam
1223 2050 1670 2106 enuntiativum
1728 2049 2131 2122 subiunyitur:
2195 2045 2234 2107 ὁ
2293 2047 2541 2108 καλῶς
2605 2042 3010 2122 ἄνθρωπος
3074 2045 3378 2122 γράψας

768 2129 894 2218 (vel
940 2132 978 2196 ὁ
1025 2136 1236 2196 καλῶς
1281 2133 1540 2211 γράψας
1586 2129 1959 2218 ἄνθρωπος)
2006 2133 2317 2211 ἐτιμήθη
2369 2138 2815 2211 122,16-34.

951 2228 1097 2300 122,
1118 2229 1199 2286 19
1245 2227 1511 2304 neglexit
1552 2225 1607 2283 h.
1647 2227 1685 2284 1.
1724 2226 2016 2302 Dyscolus
2061 2228 2213 2285 tales
2259 2227 2720 2286 constructiones
2767 2227 2964 2303 qualis
3011 2231 3101 2286 est
3146 2222 3209 2286 οἱ
3254 2223 3377 2286 πά-

770 2314 875 2375 λαι
923 2309 1271 2390 ἄνθρωποι,
1317 2334 1436 2375 non
1481 2316 1744 2393 neglexit
1788 2319 1942 2392 synt.
1985 2317 2132 2391 315,
2154 2318 2254 2375 20.

951 2407 1097 2480 122,
1117 2406 1199 2464 26
1249 2404 1374 2464 Ska
1410 2404 1474 2463 11
1523 2406 1626 2480 23,
1670 2405 1848 2464 simul
1894 2424 2136 2465 monens
2182 2403 2445 2479 πρᾶγμα
2490 2423 2665 2481 saepe
2712 2405 3002 2464 actionem
3051 2423 3177 2464 esse
3223 2423 3378 2481 quae

768 2494 947 2554 verbo
1005 2494 1328 2568 indicatur,
1391 2497 1544 2571 synt.
1589 2496 1689 2570 79,
1713 2498 1767 2553 1.
1827 2496 1976 2570 228,
1997 2498 2098 2553 21.
2162 2496 2261 2553 25.
2322 2496 2420 2553 27.
2486 2495 2633 2566 248,
2657 2496 2765 2571 173
2828 2514 2994 2570 pron.
3037 2496 3139 2570 23,
3162 2497 3245 2554 20
3274 2495 3378 2553 all.

767 2583 1076 2643 Lehrsium
1122 2584 1436 2644 coniecisse
1481 2579 1958 2662 π<ρωτότυπον
1996 2579 2207 2663 ῥῆμα>
2242 2584 2338 2643 vel
2383 2577 2889 2661 π<ροκείμενον>
2924 2585 3125 2660 prodit
3164 2583 3382 2642 ALud-

767 2674 920 2732 wich
954 2673 1108 2732 Ann.
1138 2674 1254 2732 litt.
1283 2673 1413 2733 Jen.
1447 2673 1617 2732 1879
1664 2693 1721 2750 p
1754 2675 1899 2732 224.
1986 2672 2102 2732 Sed
2144 2691 2277 2732 cum
2323 2672 2656 2751 Egenolffio
2692 2672 2785 2730 ΙΠ
2828 2674 2951 2731 164
2992 2672 3148 2731 Skae
3186 2693 3382 2733 emen-

767 2762 1069 2824 dationem
1113 2764 1405 2840 praefero,
1450 2764 1546 2823 vel
1591 2763 1725 2822 ideo
1771 2762 1932 2840 quod
1976 2763 2224 2822 lacunae
2271 2763 2470 2840 aptior
2515 2761 2765 2823 videtur.

950 2855 1097 2927 122,
1126 2854 1209 2913 33
1269 2850 1340 2913 ἐν
1395 2854 1487 2933 τῷ
1542 2850 1688 2927 περι
1743 2848 2097 2912 ςυντάξεως
2157 2847 2565 2931 ἀποδίδοται]
2620 2853 2954 2958 relegamur
3013 2852 3089 2911 ad
3144 2856 3383 2928 partem

769 2942 1033 3019 aliquam
1079 2943 1344 3019 syntaxis
1389 2961 1546 3001 nunc
1590 2942 1978 3019 deperditam,
2024 2961 2177 3019 quae
2222 2942 2429 3019 procul
2464 2941 2644 3000 dubio
2687 2944 2818 3000 erat
2861 2938 2899 3015 ἡ
2939 2941 3072 3001 τῶν
3120 2938 3382 3017 ἐπιρρη-

771 3027 990 3106 μάτων
1037 3028 1862 3104 ςύνταξις,ν.0801111011101·
1896 3030 1960 3089 Π
2006 3033 2151 3091 457.

944 3141 992 3181 0.
1051 3122 1129 3181 Ut
1171 3127 1310 3181 sum
1352 3123 1640 3195 Quaedam
1685 3122 1982 3190 attributa,
2030 3139 2179 3194 quae
2223 3121 2505 3189 omnibus,
2553 3122 2694 3190 alia,
2755 3139 2904 3195 quae
2948 3139 3065 3180 non
3113 3122 3388 3180 ommibus

765 3211 1098 3271 nominebus
1150 3228 1440 3285 apponere
1484 3213 1637 3279 lieet,
1692 3213 1779 3270 ita
1823 3211 2112 3284 quaedam
2166 3211 2446 3269 adverbia
2499 3227 2631 3269 eam
2684 3211 2951 3269 omnibus
3002 3211 3189 3269 modis
3244 3214 3386 3269 tem—

757 3302 1006 3374 poribus
1040 3304 1340 3374 personis,
1387 3302 1676 3373 quaedam
1718 3317 1838 3358 non
1885 3317 2015 3359 cum
2060 3301 2326 3359 omnibus
2370 3301 2641 3373 coniunyi
2676 3303 2929 3374 possunt
2978 3301 3383 3373 123,1-25.

772 3388 856 3449 cf.
887 3392 1040 3466 synt.
1073 3391 1221 3465 203,
1244 3391 1522 3464 7—204,
1547 3393 1623 3447 11
1668 3380 1847 3471 (204,
1872 3391 1954 3449 10
2001 3389 2076 3447 ad
2122 3389 2276 3448 hunc
2322 3389 2358 3446 1.
2397 3381 2786 3471 relegamur)3
2829 3388 2906 3447 ib.
2942 3390 3086 3464 247,
3109 3391 3190 3447 22
3213 3407 3302 3464 sq.
3320 3380 3387 3470 ⁸)

767 3478 950 3539 Prisc.
988 3478 1100 3537 XV
1144 3499 1201 3556 p.
1243 3480 1346 3553 60,
1367 3480 1738 3554 6—62‚15;
1783 3478 1966 3538 schol.
2004 3478 2200 3536 DThr.
2241 3479 2389 3553 934,
2410 3481 2465 3537 2.

949 3570 1096 3643 123,
1117 3570 1153 3627 3
1217 3568 1472 3627 Dronkii
1530 3568 1862 3627 emendatio
1923 3560 2205 3650 (margini
2269 3569 2556 3645 ascripta,
2616 3588 2669 3627 v.
2717 3566 3094 3626 RSchneider
3137 3566 3169 3624 I
3214 3559 3387 3647 471)

768 3657 1074 3717 verissima
1128 3661 1246 3733 est,
1299 3676 1439 3716 nam
1485 3661 1593 3716 aut
1636 3653 1900 3729 ἔγκλιςις
1946 3660 2037 3716 est
2089 3657 2262 3716 flexio
2308 3657 2499 3731 verbi,
2558 3660 2627 3714 ut
2672 3675 2854 3733 supra
2896 3660 2959 3715 in
3006 3656 3387 3716 definitione:

768 3747 926 3824 quod
973 3748 1026 3807 si
1071 3750 1189 3822 est,
1235 3741 1426 3807 ἅπαςι
1471 3746 1607 3808 τοῖς
1643 3743 2013 3822 προςώποις
2056 3746 2366 3822 redundat,
2411 3766 2552 3805 nam
2589 3747 2770 3805 etiam
2806 3763 3092 3823 personae
3127 3745 3387 3805 flexione

768 3836 934 3896 verbi
987 3838 1421 3912 exprimuntur3
1480 3840 1611 3911 aut,
1664 3838 1717 3896 si
1771 3832 2038 3908 ἔγκλιςις
2080 3836 2137 3894 11.
2177 3837 2213 3894 l.
2263 3839 2353 3895 est
2405 3835 2615 3895 modus
2660 3828 2751 3917 (id
2806 3835 2965 3911 quod
3010 3836 3139 3894 veri
3183 3835 3388 3894 simile

769 3925 1004 3986 videtur
1047 3927 1178 3985 coll.
1218 3929 1372 4003 synt.
1411 3918 1510 4007 1.),
1563 3930 1798 4004 praeter
1842 3925 2048 3985 modos
2093 3945 2212 3985 non
2259 3926 2451 3985 solum
2496 3943 2809 4001 personae,
2854 3924 2957 3985 sed
3002 3925 3185 3984 etiam
3228 3927 3389 3983 tem-

768 4034 915 4092 pora
951 4015 1462 4075 commemoranda
1503 4020 1659 4093 sunt,
1704 4018 2053 4092 praesertim
2090 4034 2225 4074 cum
2259 4017 2324 4073 in
2361 4015 2445 4074 eis
2482 4034 2635 4090 quae
2680 4017 3008 4091 sequuntur
3044 4015 3080 4072 l.
3116 4018 3145 4072 1
3159 4015 3340 4072 6-2
3348 4016 3387 4071 4

768 4105 842 4164 110
893 4106 1259 4182 temporibus
1313 4105 1550 4165 uberius
1607 4109 1833 4185 agatur.
1939 4104 2053 4164 Sed
2107 4106 2290 4164 etiam
2345 4106 2612 4181 syntaxis
2669 4105 2830 4163 locus
2886 4104 3232 4163 reficiendus
3294 4106 3395 4163 est

772 4196 919 4269 203,
941 4197 1021 4254 12
1070 4191 1109 4268 ἡ
1157 4192 1235 4269 δὴ
1282 4191 1545 4269 τοιαύτη
1602 4193 1888 4256 ςύνταξις
1943 4190 2275 4269 πρόδηλον
2331 4189 2429 4253 ὅτι
2486 4190 2911 4267 κατάλληλος·
3002 4189 3041 4266 ἡ
3090 4188 3212 4267 γὰρ
3258 4191 3391 4253 τοῦ

770 4280 1196 4359 ἐπιρρήματος
1251 4280 1544 4356 ςύνοδος,
1605 4280 1683 4345 οὐ
1730 4281 1978 4357 δεκτικὴ
2027 4278 2185 4344 οὖςα
2238 4283 2369 4343 τῶν
2417 4277 2702 4357 ἀριθμῶν
2746 4279 2785 4355 ἢ
2833 4281 2965 4341 τῶν
3010 4278 3393 4356 προςώπων

767 4369 807 4446 ἢ
854 4373 986 4435 τῶν
1031 4371 1391 4434 πτώςεων
1438 4370 1541 4434 καὶ
1588 4369 1677 4434 ἔτι
1724 4372 1857 4434 τῶν
1906 4369 2162 4447 χρόνων
2209 4367 2303 4433 ὧν
2349 4369 2426 4432 τὸ
2475 4368 2643 4447 ῥῆμα
2688 4367 3146 4446 παραδέχεται,
3209 4365 3391 4431 ἀκώ-

770 4461 965 4522 λυτον
1021 4458 1162 4538 ἔςχε
1197 4460 1334 4538 τὴν
1389 4460 1759 4538 ἐπιπλοκὴν,
1815 4458 1937 4523 οὐκ
1988 4458 2419 4537 ἐλεγχόμενον
2475 4458 2546 4521 ἐκ
2601 4460 2717 4522 τοῦ
2774 4456 3130 4535 ὁμοειδοῦς.
3221 4459 3397 4529 Quid

770 4570 988 4628 quaeso
1043 4553 1159 4612 sibi
1213 4553 1345 4612 vult
1398 4552 1530 4613 τῶν
1585 4549 1938 4613 πτώςεωνῖ
2018 4547 2304 4611 Πτώςεις
2358 4553 2515 4610 0111111
2578 4550 2992 4610 tantummodo
3055 4550 3396 4626 participio

769 4645 926 4716 sunt,
971 4642 1128 4719 quod
1176 4642 1251 4702 ab
1298 4642 1560 4718 antiquis
1606 4642 2011 4721 grammaticis
2060 4659 2097 4699 a
2141 4642 2318 4701 verbo
2362 4640 2797 4718 seiungebatur.
2873 4640 3086 4715 Itaque
3133 4639 3397 4698 dubium

769 4750 888 4790 non
942 4736 1032 4791 est
1078 4733 1220 4809 quin
1265 4732 1321 4790 h.
1363 4733 1420 4807 1.,
1474 4731 1577 4790 ubi
1631 4749 1833 4791 omnes
1889 4733 2184 4806 quotquot
2236 4729 2397 4788 subit
2451 4730 2697 4789 verbum
2751 4727 3192 4789 vicissitudines
3237 4748 3401 4787 enu-

1035 4856 1193 4863 -.—--

947 4922 992 4991 ‘)
1032 4923 1175 4990 synt.
1207 4925 1329 4987 251,
1350 4925 1417 4973 24
1455 4920 1600 4993 (τοῦ
1638 4922 1699 4975 δὲ
1736 4919 2206 4992 παρακειμένου),
2244 4920 2301 4975 ἐξ
2338 4920 2406 4973 οὗ
2444 4921 2515 4973 ἂν
2551 4920 2859 4973 ἀκόλουθος
2884 4918 3105 4984 γένοιτο
3140 4920 3176 4985 ἡ
3207 4918 3402 4987 εὒχὴἳ
