<?xml version="1.0" encoding="UTF-8"?>
<!DOCTYPE html PUBLIC "-//W3C//DTD XHTML 1.0 Transitional//EN"
    "http://www.w3.org/TR/xhtml1/DTD/xhtml1-transitional.dtd">
<html xmlns="http://www.w3.org/1999/xhtml" xml:lang="en" lang="en">
 <head>
  <title>
</title>
<meta http-equiv="Content-Type" content="text/html;charset=utf-8" />
  <meta name='ocr-system' content='tesseract 3.04.00' />
  <meta name='ocr-capabilities' content='ocr_page ocr_carea ocr_par ocr_line ocrx_word'/>
</head>
<body>
  <div class='ocr_page' id='page_1' title='image "./grammaticigraec00unkngoog_0103.png"; bbox 0 0 3738 5530; ppageno 0'>
   <div class='ocr_carea' id='block_1_1' title="bbox 1375 375 3086 439">
    <p class='ocr_par' dir='ltr' id='par_1_1' title="bbox 1375 375 3086 439">
     <span class='ocr_line' id='line_1_1' title="bbox 1375 375 3086 439; baseline 0.008 -13"><span class='ocrx_word' id='word_1_1' title='bbox 1375 376 1896 427; x_wconf 78' lang='lat' dir='ltr'>PERSONALIVM</span> <span class='ocrx_word' id='word_1_2' title='bbox 1933 376 2212 428; x_wconf 69' lang='lat' dir='ltr'>DvAms</span> <span class='ocrx_word' id='word_1_3' title='bbox 3004 375 3086 439; x_wconf 82' lang='lat'>85</span> 
     </span>
    </p>
   </div>
   <div class='ocr_carea' id='block_1_2' title="bbox 416 578 3187 2492">
    <p class='ocr_par' dir='ltr' id='par_1_2' title="bbox 416 578 3187 2492">
     <span class='ocr_line' id='line_1_2' title="bbox 500 578 3083 659; baseline 0 -15"><span class='ocrx_word' id='word_1_4' title='bbox 500 581 590 644; x_wconf 87' lang='grc' dir='ltr'>ῶς</span> <span class='ocrx_word' id='word_1_5' title='bbox 635 582 688 645; x_wconf 83' lang='grc' dir='ltr'>εἰ</span> <span class='ocrx_word' id='word_1_6' title='bbox 734 581 915 657; x_wconf 81' lang='grc' dir='ltr'>ἔλεγε</span> <span class='ocrx_word' id='word_1_7' title='bbox 960 580 1154 659; x_wconf 89' lang='grc' dir='ltr'>χωρὶς</span> <span class='ocrx_word' id='word_1_8' title='bbox 1197 579 1316 659; x_wconf 75' lang='grc' dir='ltr'>ἐφ’</span> <span class='ocrx_word' id='word_1_9' title='bbox 1360 578 1684 658; x_wconf 83' lang='grc' dir='ltr'>ἑκατέρου.</span> <span class='ocrx_word' id='word_1_10' title='bbox 1758 579 1834 642; x_wconf 90' lang='grc' dir='ltr'>τὸ</span> <span class='ocrx_word' id='word_1_11' title='bbox 1879 579 2004 656; x_wconf 86' lang='grc' dir='ltr'>γὰρ</span> <span class='ocrx_word' id='word_1_12' title='bbox 2047 579 2475 657; x_wconf 87' lang='grc' dir='ltr'>πληθυντικὸν</span> <span class='ocrx_word' id='word_1_13' title='bbox 2507 579 2624 659; x_wconf 85' lang='grc' dir='ltr'>ἐφ’</span> <span class='ocrx_word' id='word_1_14' title='bbox 2655 579 2869 645; x_wconf 86' lang='grc' dir='ltr'>ἑνικοῦ</span> <span class='ocrx_word' id='word_1_15' title='bbox 2900 601 3083 658; x_wconf 88' lang='grc' dir='ltr'>μετα-</span> 
     </span>
     <span class='ocr_line' id='line_1_3' title="bbox 499 679 3083 762; baseline 0 -16"><span class='ocrx_word' id='word_1_16' title='bbox 499 683 985 762; x_wconf 81' lang='grc' dir='ltr'>λαμβανόμενον</span> <span class='ocrx_word' id='word_1_17' title='bbox 1051 682 1154 745; x_wconf 87' lang='grc' dir='ltr'>καὶ</span> <span class='ocrx_word' id='word_1_18' title='bbox 1219 680 1494 756; x_wconf 85' lang='grc' dir='ltr'>εὔλογον</span> <span class='ocrx_word' id='word_1_19' title='bbox 1560 680 1662 744; x_wconf 82' lang='grc' dir='ltr'>καὶ</span> <span class='ocrx_word' id='word_1_20' title='bbox 1729 680 2022 761; x_wconf 84' lang='grc' dir='ltr'>ςύνηθες,</span> <span class='ocrx_word' id='word_1_21' title='bbox 2089 679 2220 756; x_wconf 80' lang='grc' dir='ltr'>εἴτε</span> <span class='ocrx_word' id='word_1_22' title='bbox 2288 681 2755 759; x_wconf 82' lang='grc' dir='ltr'>ἐμπεριεκτικόν</span> <span class='ocrx_word' id='word_1_23' title='bbox 2822 681 2946 746; x_wconf 85' lang='grc' dir='ltr'>ἐςτι</span> <span class='ocrx_word' id='word_1_24' title='bbox 3008 684 3083 747; x_wconf 90' lang='grc' dir='ltr'>τὸ</span> 
     </span>
     <span class='ocr_line' id='line_1_4' title="bbox 498 781 3085 865; baseline -0 -16"><span class='ocrx_word' id='word_1_25' title='bbox 498 788 745 861; x_wconf 90' lang='grc' dir='ltr'>πλῆθος</span> <span class='ocrx_word' id='word_1_26' title='bbox 799 787 918 849; x_wconf 92' lang='grc' dir='ltr'>τοῦ</span> <span class='ocrx_word' id='word_1_27' title='bbox 973 783 1152 865; x_wconf 88' lang='grc' dir='ltr'>ἑνός,</span> <span class='ocrx_word' id='word_1_28' title='bbox 1209 781 1421 847; x_wconf 88' lang='grc' dir='ltr'>οὐκέτι</span> <span class='ocrx_word' id='word_1_29' title='bbox 1476 783 1548 846; x_wconf 78' lang='grc' dir='ltr'>δὲ</span> <span class='ocrx_word' id='word_1_30' title='bbox 1599 782 1675 845; x_wconf 87' lang='grc' dir='ltr'>τὸ</span> <span class='ocrx_word' id='word_1_31' title='bbox 1721 781 1933 846; x_wconf 88' lang='grc' dir='ltr'>ἑνικὸν</span> <span class='ocrx_word' id='word_1_32' title='bbox 1976 786 2095 846; x_wconf 85' lang='grc' dir='ltr'>τοῦ</span> <span class='ocrx_word' id='word_1_33' title='bbox 2151 786 2601 861; x_wconf 83' lang='grc' dir='ltr'>πληθυντικοῦ.</span> <span class='ocrx_word' id='word_1_34' title='bbox 2700 784 2803 848; x_wconf 86' lang='grc' dir='ltr'>καὶ</span> <span class='ocrx_word' id='word_1_35' title='bbox 2846 783 2937 848; x_wconf 83' lang='grc' dir='ltr'>ἔτι</span> <span class='ocrx_word' id='word_1_36' title='bbox 2981 784 3085 848; x_wconf 83' lang='grc' dir='ltr'>ἐπὶ</span> 
     </span>
     <span class='ocr_line' id='line_1_5' title="bbox 501 881 2872 963; baseline -0.001 -12"><span class='ocrx_word' id='word_1_37' title='bbox 501 890 743 952; x_wconf 86' lang='grc' dir='ltr'>δυῑκοῦ.</span> <span class='ocrx_word' id='word_1_38' title='bbox 833 884 933 950; x_wconf 85' lang='grc' dir='ltr'>διὸ</span> <span class='ocrx_word' id='word_1_39' title='bbox 978 884 1173 949; x_wconf 87' lang='grc' dir='ltr'>πάλιν</span> <span class='ocrx_word' id='word_1_40' title='bbox 1218 883 1294 949; x_wconf 86' lang='grc' dir='ltr'>τὸ</span> <span class='ocrx_word' id='word_1_41' title='bbox 1341 882 1561 948; x_wconf 85' lang='grc' dir='ltr'>δυῖκὸν</span> <span class='ocrx_word' id='word_1_42' title='bbox 1607 881 1728 946; x_wconf 90' lang='grc' dir='ltr'>οὐκ</span> <span class='ocrx_word' id='word_1_43' title='bbox 1771 882 1958 963; x_wconf 69' lang='grc' dir='ltr'>ἔςτιν,</span> <span class='ocrx_word' id='word_1_44' title='bbox 1982 883 2083 947; x_wconf 83' lang='grc' dir='ltr'>ἐπὶ</span> <span class='ocrx_word' id='word_1_45' title='bbox 2126 884 2582 963; x_wconf 82' lang='grc' dir='ltr'>πληθυντικοῦ·</span> <span class='ocrx_word' id='word_1_46' title='bbox 2628 884 2704 950; x_wconf 86' lang='grc' dir='ltr'>τὸ</span> <span class='ocrx_word' id='word_1_47' title='bbox 2748 886 2872 963; x_wconf 85' lang='grc' dir='ltr'>γὰρ</span> 
     </span>
     <span class='ocr_line' id='line_1_6' title="bbox 416 983 3152 1069; baseline -0.001 -18"><span class='ocrx_word' id='word_1_48' title='bbox 416 999 462 1051; x_wconf 91' lang='grc' dir='ltr'><strong>Β</strong></span> <span class='ocrx_word' id='word_1_49' title='bbox 1157 984 1479 1063; x_wconf 84' lang='grc' dir='ltr'>κρινθέντε</span> <span class='ocrx_word' id='word_1_50' title='bbox 1524 985 1660 1049; x_wconf 87' lang='grc' dir='ltr'>δύω</span> <span class='ocrx_word' id='word_1_51' title='bbox 1705 985 1809 1049; x_wconf 85' lang='grc' dir='ltr'>καὶ</span> <span class='ocrx_word' id='word_1_52' title='bbox 1850 984 2249 1063; x_wconf 89' lang='grc' dir='ltr'>πεντήκοντα</span> <span class='ocrx_word' id='word_1_53' title='bbox 2293 988 2356 1066; x_wconf 89' lang='grc' dir='ltr'>(θ</span> <span class='ocrx_word' id='word_1_54' title='bbox 2399 983 2510 1069; x_wconf 89' lang='grc'>48)</span> <span class='ocrx_word' id='word_1_55' title='bbox 3119 1002 3152 1049; x_wconf 84' lang='lat'>5</span> 
     </span>
     <span class='ocr_line' id='line_1_7' title="bbox 500 1085 1249 1168; baseline -0.001 -16"><span class='ocrx_word' id='word_1_56' title='bbox 500 1089 664 1168; x_wconf 89' lang='grc' dir='ltr'>πρὸς</span> <span class='ocrx_word' id='word_1_57' title='bbox 709 1089 789 1153; x_wconf 84' lang='grc' dir='ltr'>τὰ</span> <span class='ocrx_word' id='word_1_58' title='bbox 832 1089 983 1165; x_wconf 80' lang='grc' dir='ltr'>δύο,</span> <span class='ocrx_word' id='word_1_59' title='bbox 1028 1088 1132 1152; x_wconf 87' lang='grc' dir='ltr'>καὶ</span> <span class='ocrx_word' id='word_1_60' title='bbox 1173 1085 1249 1151; x_wconf 85' lang='grc' dir='ltr'>τὸ</span> 
     </span>
     <span class='ocr_line' id='line_1_8' title="bbox 754 1187 1624 1270; baseline -0.001 -17"><span class='ocrx_word' id='word_1_61' title='bbox 754 1188 939 1258; x_wconf 83' lang='grc' dir='ltr'>οἶνον</span> <span class='ocrx_word' id='word_1_62' title='bbox 982 1189 1306 1254; x_wconf 86' lang='grc' dir='ltr'>πινόντων</span> <span class='ocrx_word' id='word_1_63' title='bbox 1356 1189 1427 1270; x_wconf 91' lang='grc' dir='ltr'>(α</span> <span class='ocrx_word' id='word_1_64' title='bbox 1469 1187 1624 1270; x_wconf 83' lang='grc'>340)</span> 
     </span>
     <span class='ocr_line' id='line_1_9' title="bbox 502 1289 3085 1371; baseline -0.001 -14"><span class='ocrx_word' id='word_1_65' title='bbox 502 1293 643 1357; x_wconf 84' lang='grc' dir='ltr'>ἀντὶ</span> <span class='ocrx_word' id='word_1_66' title='bbox 689 1296 808 1357; x_wconf 86' lang='grc' dir='ltr'>τοῦ</span> <span class='ocrx_word' id='word_1_67' title='bbox 850 1292 1212 1357; x_wconf 82' lang='grc' dir='ltr'>πινέτωςαν</span> <span class='ocrx_word' id='word_1_68' title='bbox 1243 1290 1523 1355; x_wconf 85' lang='grc' dir='ltr'>Ἀττικόν</span> <span class='ocrx_word' id='word_1_69' title='bbox 1568 1290 1710 1355; x_wconf 83' lang='grc' dir='ltr'>ἑςτι.</span> <span class='ocrx_word' id='word_1_70' title='bbox 1761 1327 1836 1336; x_wconf 92' lang='lat'>—-</span> <span class='ocrx_word' id='word_1_71' title='bbox 1888 1291 1959 1355; x_wconf 88' lang='grc' dir='ltr'>Τί</span> <span class='ocrx_word' id='word_1_72' title='bbox 2005 1289 2124 1355; x_wconf 88' lang='grc' dir='ltr'>οὐν</span> <span class='ocrx_word' id='word_1_73' title='bbox 2172 1289 2319 1369; x_wconf 84' lang='grc' dir='ltr'>οὐχὶ</span> <span class='ocrx_word' id='word_1_74' title='bbox 2361 1291 2463 1354; x_wconf 88' lang='grc' dir='ltr'>καὶ</span> <span class='ocrx_word' id='word_1_75' title='bbox 2505 1292 2584 1356; x_wconf 86' lang='grc' dir='ltr'>τὰ</span> <span class='ocrx_word' id='word_1_76' title='bbox 2628 1292 2746 1356; x_wconf 86' lang='grc' dir='ltr'>δύο</span> <span class='ocrx_word' id='word_1_77' title='bbox 2792 1291 2909 1371; x_wconf 78' lang='grc' dir='ltr'>ἐφ’</span> <span class='ocrx_word' id='word_1_78' title='bbox 2938 1291 3085 1356; x_wconf 88' lang='grc' dir='ltr'>ἑνός</span> 
     </span>
     <span class='ocr_line' id='line_1_10' title="bbox 499 1388 3085 1477; baseline -0.001 -18"><span class='ocrx_word' id='word_1_79' title='bbox 499 1392 809 1468; x_wconf 88' lang='grc' dir='ltr'>τάςςεται;</span> <span class='ocrx_word' id='word_1_80' title='bbox 855 1393 997 1457; x_wconf 87' lang='grc' dir='ltr'>Ὅτι</span> <span class='ocrx_word' id='word_1_81' title='bbox 1043 1395 1142 1457; x_wconf 85' lang='grc' dir='ltr'>καὶ</span> <span class='ocrx_word' id='word_1_82' title='bbox 1183 1394 1262 1457; x_wconf 89' lang='grc' dir='ltr'>τὸ</span> <span class='ocrx_word' id='word_1_83' title='bbox 1308 1392 1529 1457; x_wconf 86' lang='grc' dir='ltr'>δυϊκὸν</span> <span class='ocrx_word' id='word_1_84' title='bbox 1575 1388 1786 1470; x_wconf 90' lang='grc' dir='ltr'>ὄνομα</span> <span class='ocrx_word' id='word_1_85' title='bbox 1824 1390 2047 1470; x_wconf 84' lang='grc' dir='ltr'>κυρίου</span> <span class='ocrx_word' id='word_1_86' title='bbox 2078 1390 2374 1474; x_wconf 81' lang='grc' dir='ltr'>ἀριθμοῦ,</span> <span class='ocrx_word' id='word_1_87' title='bbox 2419 1392 2646 1469; x_wconf 90' lang='grc' dir='ltr'>ὅμοιον</span> <span class='ocrx_word' id='word_1_88' title='bbox 2675 1399 2765 1476; x_wconf 83' lang='grc' dir='ltr'>τῶ</span> <span class='ocrx_word' id='word_1_89' title='bbox 2795 1393 3085 1477; x_wconf 72' lang='grc' dir='ltr'>τέςςαρες</span> 
     </span>
     <span class='ocr_line' id='line_1_11' title="bbox 500 1492 3186 1573; baseline -0.001 -14"><span class='ocrx_word' id='word_1_90' title='bbox 500 1496 540 1573; x_wconf 87' lang='grc' dir='ltr'>ἢ</span> <span class='ocrx_word' id='word_1_91' title='bbox 595 1498 765 1573; x_wconf 87' lang='grc' dir='ltr'>τρεῖς</span> <span class='ocrx_word' id='word_1_92' title='bbox 817 1493 928 1560; x_wconf 89' lang='grc' dir='ltr'>ὄν·</span> <span class='ocrx_word' id='word_1_93' title='bbox 986 1495 1062 1559; x_wconf 85' lang='grc' dir='ltr'>τὸ</span> <span class='ocrx_word' id='word_1_94' title='bbox 1121 1494 1192 1558; x_wconf 77' lang='grc' dir='ltr'>δὲ</span> <span class='ocrx_word' id='word_1_95' title='bbox 1247 1494 1677 1572; x_wconf 85' lang='grc' dir='ltr'>πληθυντικὸν</span> <span class='ocrx_word' id='word_1_96' title='bbox 1732 1494 1954 1558; x_wconf 89' lang='grc' dir='ltr'>κοινὸν</span> <span class='ocrx_word' id='word_1_97' title='bbox 1997 1494 2242 1558; x_wconf 88' lang='grc' dir='ltr'>παντὸς</span> <span class='ocrx_word' id='word_1_98' title='bbox 2286 1492 2555 1573; x_wconf 85' lang='grc' dir='ltr'>ἀριθμοῦ</span> <span class='ocrx_word' id='word_1_99' title='bbox 2599 1498 2717 1559; x_wconf 90' lang='grc' dir='ltr'>τοῦ</span> <span class='ocrx_word' id='word_1_100' title='bbox 2763 1494 2923 1573; x_wconf 83' lang='grc' dir='ltr'>ὑπὲρ</span> <span class='ocrx_word' id='word_1_101' title='bbox 2964 1495 3083 1572; x_wconf 83' lang='grc' dir='ltr'>τὴν</span> <span class='ocrx_word' id='word_1_102' title='bbox 3124 1509 3186 1557; x_wconf 86' lang='lat'>10</span> 
     </span>
     <span class='ocr_line' id='line_1_12' title="bbox 480 1596 725 1662; baseline -0.012 0"><span class='ocrx_word' id='word_1_103' title='bbox 480 1596 725 1662; x_wconf 84' lang='grc' dir='ltr'>’δυάδα.</span> 
     </span>
     <span class='ocr_line' id='line_1_13' title="bbox 668 1695 3086 1777; baseline 0 -15"><span class='ocrx_word' id='word_1_104' title='bbox 668 1698 742 1763; x_wconf 81' lang='grc' dir='ltr'>Αἱ</span> <span class='ocrx_word' id='word_1_105' title='bbox 794 1698 999 1762; x_wconf 85' lang='grc' dir='ltr'>δυϊκαὶ</span> <span class='ocrx_word' id='word_1_106' title='bbox 1054 1698 1213 1762; x_wconf 85' lang='grc' dir='ltr'>κατὰ</span> <span class='ocrx_word' id='word_1_107' title='bbox 1277 1702 1539 1776; x_wconf 90' lang='grc' dir='ltr'>πρῶτον</span> <span class='ocrx_word' id='word_1_108' title='bbox 1607 1696 1707 1762; x_wconf 86' lang='grc' dir='ltr'>καὶ</span> <span class='ocrx_word' id='word_1_109' title='bbox 1762 1695 2069 1775; x_wconf 88' lang='grc' dir='ltr'>δεύτερον</span> <span class='ocrx_word' id='word_1_110' title='bbox 2122 1696 2475 1775; x_wconf 87' lang='grc' dir='ltr'>πρόςωπον</span> <span class='ocrx_word' id='word_1_111' title='bbox 2529 1697 2730 1777; x_wconf 84' lang='grc' dir='ltr'>πάςης</span> <span class='ocrx_word' id='word_1_112' title='bbox 2785 1699 3086 1762; x_wconf 89' lang='grc' dir='ltr'>πτώςεως</span> 
     </span>
     <span class='ocr_line' id='line_1_14' title="bbox 418 1796 3086 1878; baseline 0 -14"><span class='ocrx_word' id='word_1_113' title='bbox 418 1809 463 1864; x_wconf 87' lang='lat' dir='ltr'>C</span> <span class='ocrx_word' id='word_1_114' title='bbox 502 1799 717 1876; x_wconf 89' lang='grc' dir='ltr'>μόνως</span> <span class='ocrx_word' id='word_1_115' title='bbox 761 1797 1301 1878; x_wconf 90' lang='grc' dir='ltr'>ὀρθοτονοῦνται·</span> <span class='ocrx_word' id='word_1_116' title='bbox 1359 1799 1462 1863; x_wconf 85' lang='grc' dir='ltr'>καὶ</span> <span class='ocrx_word' id='word_1_117' title='bbox 1504 1799 1543 1877; x_wconf 90' lang='grc' dir='ltr'>ἡ</span> <span class='ocrx_word' id='word_1_118' title='bbox 1589 1796 1754 1862; x_wconf 80' lang='grc' dir='ltr'>αἰτία</span> <span class='ocrx_word' id='word_1_119' title='bbox 1797 1797 2057 1877; x_wconf 89' lang='grc' dir='ltr'>εἴρηται.</span> <span class='ocrx_word' id='word_1_120' title='bbox 2146 1797 2404 1864; x_wconf 85' lang='grc' dir='ltr'>Εὐθείας</span> <span class='ocrx_word' id='word_1_121' title='bbox 2446 1799 2562 1877; x_wconf 78' lang='grc' dir='ltr'>μὲν</span> <span class='ocrx_word' id='word_1_122' title='bbox 2606 1799 2706 1863; x_wconf 86' lang='grc' dir='ltr'>καὶ</span> <span class='ocrx_word' id='word_1_123' title='bbox 2749 1799 3086 1877; x_wconf 87' lang='grc' dir='ltr'>αἰτιατικῆς</span> 
     </span>
     <span class='ocr_line' id='line_1_15' title="bbox 501 1899 3104 1994; baseline 0 -29"><span class='ocrx_word' id='word_1_124' title='bbox 501 1905 768 1982; x_wconf 83' lang='grc' dir='ltr'>κοινῶς,</span> <span class='ocrx_word' id='word_1_125' title='bbox 824 1906 991 1983; x_wconf 87' lang='grc' dir='ltr'>νῶι,</span> <span class='ocrx_word' id='word_1_126' title='bbox 1049 1906 1283 1981; x_wconf 87' lang='grc' dir='ltr'>ςφῶι·</span> <span class='ocrx_word' id='word_1_127' title='bbox 1343 1899 1608 1964; x_wconf 81' lang='grc' dir='ltr'>Ἀττικαὶ</span> <span class='ocrx_word' id='word_1_128' title='bbox 1659 1901 1731 1964; x_wconf 78' lang='grc' dir='ltr'>δὲ</span> <span class='ocrx_word' id='word_1_129' title='bbox 1785 1905 1916 1964; x_wconf 93' lang='grc' dir='ltr'>τῶν</span> <span class='ocrx_word' id='word_1_130' title='bbox 1975 1899 2191 1965; x_wconf 89' lang='grc' dir='ltr'>αὐτῶν</span> <span class='ocrx_word' id='word_1_131' title='bbox 2236 1902 2544 1965; x_wconf 84' lang='grc' dir='ltr'>πτῶςεων</span> <span class='ocrx_word' id='word_1_132' title='bbox 2602 1899 2709 1965; x_wconf 85' lang='grc' dir='ltr'>νώ</span> <span class='ocrx_word' id='word_1_133' title='bbox 2755 1901 2856 1965; x_wconf 85' lang='grc' dir='ltr'>καὶ</span> <span class='ocrx_word' id='word_1_134' title='bbox 2900 1903 3104 1994; x_wconf 65' lang='lat' dir='ltr'>cuni»,⁸</span> 
     </span>
     <span class='ocr_line' id='line_1_16' title="bbox 500 2000 3187 2081; baseline -0.001 -14"><span class='ocrx_word' id='word_1_135' title='bbox 500 2000 601 2067; x_wconf 83' lang='grc' dir='ltr'>αῖς</span> <span class='ocrx_word' id='word_1_136' title='bbox 646 2003 750 2067; x_wconf 89' lang='grc' dir='ltr'>καὶ</span> <span class='ocrx_word' id='word_1_137' title='bbox 791 2001 830 2067; x_wconf 90' lang='grc' dir='ltr'>ὁ</span> <span class='ocrx_word' id='word_1_138' title='bbox 873 2005 1141 2081; x_wconf 82' lang='grc' dir='ltr'>ποιητὴς</span> <span class='ocrx_word' id='word_1_139' title='bbox 1184 2004 1592 2080; x_wconf 82' lang='grc' dir='ltr'>προςχρῆται,</span> <span class='ocrx_word' id='word_1_140' title='bbox 3126 2018 3187 2065; x_wconf 88' lang='lat'>15</span> 
     </span>
     <span class='ocr_line' id='line_1_17' title="bbox 761 2101 1693 2188; baseline -0.001 -20"><span class='ocrx_word' id='word_1_141' title='bbox 761 2104 858 2169; x_wconf 88' lang='grc' dir='ltr'>νὼ</span> <span class='ocrx_word' id='word_1_142' title='bbox 903 2102 1366 2184; x_wconf 87' lang='grc' dir='ltr'>ἀναβηςάμενοι</span> <span class='ocrx_word' id='word_1_143' title='bbox 1408 2101 1475 2188; x_wconf 91' lang='lat' dir='ltr'>(o</span> <span class='ocrx_word' id='word_1_144' title='bbox 1517 2101 1693 2184; x_wconf 80' lang='lat'><strong>475),</strong></span> 
     </span>
     <span class='ocr_line' id='line_1_18' title="bbox 755 2202 1907 2287; baseline -0.003 -17"><span class='ocrx_word' id='word_1_145' title='bbox 755 2207 897 2283; x_wconf 85' lang='grc' dir='ltr'>ςφὼ</span> <span class='ocrx_word' id='word_1_146' title='bbox 942 2206 1015 2270; x_wconf 78' lang='grc' dir='ltr'>δὲ</span> <span class='ocrx_word' id='word_1_147' title='bbox 1056 2203 1201 2286; x_wconf 82' lang='grc' dir='ltr'>μάλ’</span> <span class='ocrx_word' id='word_1_148' title='bbox 1244 2204 1553 2282; x_wconf 87' lang='grc' dir='ltr'>ἠθέλετον</span> <span class='ocrx_word' id='word_1_149' title='bbox 1599 2204 1678 2285; x_wconf 93' lang='grc' dir='ltr'>(Λ</span> <span class='ocrx_word' id='word_1_150' title='bbox 1722 2202 1907 2287; x_wconf 82' lang='lat'>782)-</span> 
     </span>
     <span class='ocr_line' id='line_1_19' title="bbox 502 2303 3086 2388; baseline 0 -17"><span class='ocrx_word' id='word_1_151' title='bbox 502 2310 752 2385; x_wconf 87' lang='grc' dir='ltr'>γενικῆς</span> <span class='ocrx_word' id='word_1_152' title='bbox 825 2307 925 2370; x_wconf 86' lang='grc' dir='ltr'>καὶ</span> <span class='ocrx_word' id='word_1_153' title='bbox 997 2309 1247 2384; x_wconf 86' lang='grc' dir='ltr'>δοτικῆς</span> <span class='ocrx_word' id='word_1_154' title='bbox 1319 2309 1512 2370; x_wconf 87' lang='grc' dir='ltr'>νῶιν</span> <span class='ocrx_word' id='word_1_155' title='bbox 1584 2303 1770 2388; x_wconf 89' lang='grc' dir='ltr'>&lt;καὶ&gt;</span> <span class='ocrx_word' id='word_1_156' title='bbox 1844 2309 2111 2385; x_wconf 89' lang='grc' dir='ltr'>ςφῶιν.</span> <span class='ocrx_word' id='word_1_157' title='bbox 2238 2307 2738 2388; x_wconf 86' lang='grc' dir='ltr'>μονοςυλλάβως</span> <span class='ocrx_word' id='word_1_158' title='bbox 2812 2306 3086 2372; x_wconf 88' lang='grc' dir='ltr'>Εὔπολις</span> 
     </span>
     <span class='ocr_line' id='line_1_20' title="bbox 506 2405 1516 2492; baseline -0.004 -19"><span class='ocrx_word' id='word_1_159' title='bbox 506 2410 759 2491; x_wconf 86' lang='grc' dir='ltr'>Μαρικᾷ</span> <span class='ocrx_word' id='word_1_160' title='bbox 801 2406 911 2492; x_wconf 85' lang='lat' dir='ltr'>(fr.</span> <span class='ocrx_word' id='word_1_161' title='bbox 955 2405 1117 2471; x_wconf 87' lang='lat' dir='ltr'><strong>XIII</strong></span> <span class='ocrx_word' id='word_1_162' title='bbox 1161 2405 1516 2487; x_wconf 84' lang='lat' dir='ltr'>Meineke)·</span> 
     </span>
    </p>
   </div>
   <div class='ocr_carea' id='block_1_3' title="bbox 297 2506 3234 2892">
    <p class='ocr_par' dir='ltr' id='par_1_3' title="bbox 760 2506 3234 2591">
     <span class='ocr_line' id='line_1_21' title="bbox 760 2506 3234 2591; baseline -0.001 -17"><span class='ocrx_word' id='word_1_163' title='bbox 760 2511 856 2574; x_wconf 85' lang='grc' dir='ltr'>νὼ</span> <span class='ocrx_word' id='word_1_164' title='bbox 900 2509 1057 2591; x_wconf 85' lang='grc' dir='ltr'>γάρ,</span> <span class='ocrx_word' id='word_1_165' title='bbox 1104 2507 1335 2588; x_wconf 85' lang='grc' dir='ltr'>ἄνδρες</span> <span class='ocrx_word' id='word_1_166' title='bbox 1348 2559 1367 2591; x_wconf 87' lang='grc'>,</span> <span class='ocrx_word' id='word_1_167' title='bbox 1414 2507 1537 2586; x_wconf 91' lang='grc' dir='ltr'>οὐχ</span> <span class='ocrx_word' id='word_1_168' title='bbox 1579 2506 1959 2590; x_wconf 82' lang='grc' dir='ltr'>ἱππεύομεν,</span> <span class='ocrx_word' id='word_1_169' title='bbox 3121 2524 3234 2572; x_wconf 76' lang='grc' dir='ltr'>2οκ</span> 
     </span>
    </p>

    <p class='ocr_par' dir='ltr' id='par_1_4' title="bbox 297 2610 1951 2794">
     <span class='ocr_line' id='line_1_22' title="bbox 297 2610 1118 2677; baseline 0.005 -7"><span class='ocrx_word' id='word_1_170' title='bbox 297 2623 469 2676; x_wconf 82' lang='grc' dir='ltr'>ιιοΑ</span> <span class='ocrx_word' id='word_1_171' title='bbox 506 2613 608 2677; x_wconf 85' lang='grc' dir='ltr'>καὶ</span> <span class='ocrx_word' id='word_1_172' title='bbox 648 2611 741 2676; x_wconf 83' lang='grc' dir='ltr'>ἔτι</span> <span class='ocrx_word' id='word_1_173' title='bbox 784 2611 855 2675; x_wconf 87' lang='grc' dir='ltr'>ἐν</span> <span class='ocrx_word' id='word_1_174' title='bbox 899 2610 1118 2675; x_wconf 83' lang='grc' dir='ltr'>Φίλοις</span> 
     </span>
     <span class='ocr_line' id='line_1_23' title="bbox 757 2706 1951 2794; baseline -0.003 -17"><span class='ocrx_word' id='word_1_175' title='bbox 757 2711 1065 2793; x_wconf 85' lang='grc' dir='ltr'>εὐφρανῶ</span> <span class='ocrx_word' id='word_1_176' title='bbox 1112 2712 1184 2777; x_wconf 78' lang='grc' dir='ltr'>δὲ</span> <span class='ocrx_word' id='word_1_177' title='bbox 1226 2712 1321 2777; x_wconf 85' lang='grc' dir='ltr'>νώ</span> <span class='ocrx_word' id='word_1_178' title='bbox 1370 2708 1476 2794; x_wconf 89' lang='lat' dir='ltr'>(fr.</span> <span class='ocrx_word' id='word_1_179' title='bbox 1527 2712 1559 2773; x_wconf 91' lang='lat'>1</span> <span class='ocrx_word' id='word_1_180' title='bbox 1606 2706 1951 2794; x_wconf 87' lang='lat' dir='ltr'>Meineke).</span> 
     </span>
    </p>

    <p class='ocr_par' dir='ltr' id='par_1_5' title="bbox 504 2813 1107 2892">
     <span class='ocr_line' id='line_1_24' title="bbox 504 2813 1107 2892; baseline -0.003 -12"><span class='ocrx_word' id='word_1_181' title='bbox 504 2818 764 2880; x_wconf 89' lang='grc' dir='ltr'>τοιοῦτο</span> <span class='ocrx_word' id='word_1_182' title='bbox 810 2815 868 2877; x_wconf 80' lang='grc' dir='ltr'>δ’</span> <span class='ocrx_word' id='word_1_183' title='bbox 910 2813 990 2892; x_wconf 86' lang='grc' dir='ltr'>ἦν</span> <span class='ocrx_word' id='word_1_184' title='bbox 1033 2815 1107 2878; x_wconf 88' lang='grc' dir='ltr'>τὸ</span> 
     </span>
    </p>
   </div>
   <div class='ocr_carea' id='block_1_4' title="bbox 506 2970 905 2978">
    <p class='ocr_par' dir='ltr' id='par_1_6' title="bbox 506 2970 905 2978">
     <span class='ocr_line' id='line_1_25' title="bbox 506 2970 905 2978; baseline 0 2552"><span class='ocrx_word' id='word_1_185' title='bbox 506 2970 905 2978; x_wconf 95' lang='lat' dir='ltr'> </span> 
     </span>
    </p>
   </div>
   <div class='ocr_carea' id='block_1_5' title="bbox 508 3025 3089 3358">
    <p class='ocr_par' dir='ltr' id='par_1_7' title="bbox 508 3025 3089 3358">
     <span class='ocr_line' id='line_1_26' title="bbox 639 3025 3089 3118; baseline 0 -16"><span class='ocrx_word' id='word_1_186' title='bbox 639 3053 857 3106; x_wconf 69' lang='lat' dir='ltr'>Aaou.</span> <span class='ocrx_word' id='word_1_187' title='bbox 920 3056 944 3102; x_wconf 91' lang='lat'>1</span> <span class='ocrx_word' id='word_1_188' title='bbox 985 3047 1224 3103; x_wconf 88' lang='lat' dir='ltr'><strong>Omnino</strong></span> <span class='ocrx_word' id='word_1_189' title='bbox 1260 3047 1540 3118; x_wconf 79' lang='lat' dir='ltr'>pluralem</span> <span class='ocrx_word' id='word_1_190' title='bbox 1577 3025 1647 3101; x_wconf 73' lang='lat' dir='ltr'>‹ie</span> <span class='ocrx_word' id='word_1_191' title='bbox 1683 3063 1800 3102; x_wconf 84' lang='lat' dir='ltr'>una</span> <span class='ocrx_word' id='word_1_192' title='bbox 1835 3064 1896 3102; x_wconf 89' lang='lat' dir='ltr'>re</span> <span class='ocrx_word' id='word_1_193' title='bbox 1933 3048 2024 3102; x_wconf 88' lang='lat' dir='ltr'>vel</span> <span class='ocrx_word' id='word_1_194' title='bbox 2061 3047 2279 3101; x_wconf 86' lang='lat' dir='ltr'>duabus</span> <span class='ocrx_word' id='word_1_195' title='bbox 2314 3048 2571 3117; x_wconf 82' lang='lat' dir='ltr'>usurpari</span> <span class='ocrx_word' id='word_1_196' title='bbox 2607 3048 2766 3116; x_wconf 77' lang='lat' dir='ltr'>licet,</span> <span class='ocrx_word' id='word_1_197' title='bbox 2803 3064 2916 3103; x_wconf 89' lang='lat' dir='ltr'>non</span> <span class='ocrx_word' id='word_1_198' title='bbox 2953 3048 3089 3104; x_wconf 80' lang='lat' dir='ltr'>licet</span> 
     </span>
     <span class='ocr_line' id='line_1_27' title="bbox 510 3132 3088 3203; baseline 0 -15"><span class='ocrx_word' id='word_1_199' title='bbox 510 3134 734 3189; x_wconf 79' lang='lat' dir='ltr'><strong>dualem</strong></span> <span class='ocrx_word' id='word_1_200' title='bbox 771 3133 864 3188; x_wconf 83' lang='lat' dir='ltr'>vel</span> <span class='ocrx_word' id='word_1_201' title='bbox 899 3133 1243 3202; x_wconf 77' lang='lat' dir='ltr'><strong>singularem</strong></span> <span class='ocrx_word' id='word_1_202' title='bbox 1278 3132 1348 3187; x_wconf 86' lang='lat' dir='ltr'>de</span> <span class='ocrx_word' id='word_1_203' title='bbox 1384 3132 1656 3203; x_wconf 82' lang='lat' dir='ltr'>pluribus.</span> <span class='ocrx_word' id='word_1_204' title='bbox 1721 3132 1937 3202; x_wconf 81' lang='lat' dir='ltr'>Neque</span> <span class='ocrx_word' id='word_1_205' title='bbox 1974 3148 2110 3187; x_wconf 83' lang='lat' dir='ltr'>vero</span> <span class='ocrx_word' id='word_1_206' title='bbox 2146 3132 2327 3186; x_wconf 85' lang='lat' dir='ltr'>dualis</span> <span class='ocrx_word' id='word_1_207' title='bbox 2363 3133 2432 3187; x_wconf 90' lang='lat' dir='ltr'>de</span> <span class='ocrx_word' id='word_1_208' title='bbox 2469 3149 2582 3187; x_wconf 87' lang='lat' dir='ltr'>una</span> <span class='ocrx_word' id='word_1_209' title='bbox 2616 3150 2676 3187; x_wconf 88' lang='lat' dir='ltr'>re</span> <span class='ocrx_word' id='word_1_210' title='bbox 2710 3133 2845 3202; x_wconf 87' lang='lat' dir='ltr'>poni</span> <span class='ocrx_word' id='word_1_211' title='bbox 2881 3135 3088 3202; x_wconf 72' lang='lat' dir='ltr'>potest,</span> 
     </span>
     <span class='ocr_line' id='line_1_28' title="bbox 508 3215 3088 3288; baseline 0 -15"><span class='ocrx_word' id='word_1_212' title='bbox 508 3221 573 3273; x_wconf 79' lang='lat' dir='ltr'>ut</span> <span class='ocrx_word' id='word_1_213' title='bbox 606 3219 701 3288; x_wconf 89' lang='lat' dir='ltr'>qui</span> <span class='ocrx_word' id='word_1_214' title='bbox 736 3218 1028 3272; x_wconf 76' lang='lat' dir='ltr'>definitum</span> <span class='ocrx_word' id='word_1_215' title='bbox 1063 3233 1359 3272; x_wconf 89' lang='lat' dir='ltr'>numerum</span> <span class='ocrx_word' id='word_1_216' title='bbox 1394 3216 1622 3273; x_wconf 78' lang='lat' dir='ltr'>indicet.</span> <span class='ocrx_word' id='word_1_217' title='bbox 1677 3245 1735 3256; x_wconf 91' lang='lat'><em>-</em></span> <span class='ocrx_word' id='word_1_218' title='bbox 1782 3222 1845 3270; x_wconf 81' lang='lat'>12</span> <span class='ocrx_word' id='word_1_219' title='bbox 1881 3216 2076 3271; x_wconf 89' lang='lat' dir='ltr'>Dualis</span> <span class='ocrx_word' id='word_1_220' title='bbox 2121 3215 2336 3286; x_wconf 83' lang='lat' dir='ltr'>primae</span> <span class='ocrx_word' id='word_1_221' title='bbox 2382 3219 2442 3271; x_wconf 77' lang='lat' dir='ltr'>et</span> <span class='ocrx_word' id='word_1_222' title='bbox 2484 3219 2763 3273; x_wconf 87' lang='lat' dir='ltr'>secundae</span> <span class='ocrx_word' id='word_1_223' title='bbox 2799 3233 3088 3287; x_wconf 75' lang='lat' dir='ltr'>personae.</span> 
     </span>
     <span class='ocr_line' id='line_1_29' title="bbox 510 3301 1682 3358; baseline -0.001 -1"><span class='ocrx_word' id='word_1_224' title='bbox 510 3304 707 3358; x_wconf 76' lang='lat' dir='ltr'>Atticis</span> <span class='ocrx_word' id='word_1_225' title='bbox 739 3302 935 3357; x_wconf 87' lang='lat' dir='ltr'>formis</span> <span class='ocrx_word' id='word_1_226' title='bbox 970 3301 1143 3356; x_wconf 74' lang='lat' dir='ltr'>etiam</span> <span class='ocrx_word' id='word_1_227' title='bbox 1178 3301 1456 3356; x_wconf 76' lang='lat' dir='ltr'>Homerus</span> <span class='ocrx_word' id='word_1_228' title='bbox 1489 3301 1682 3356; x_wconf 71' lang='lat' dir='ltr'>utitur.</span> 
     </span>
    </p>
   </div>
   <div class='ocr_carea' id='block_1_6' title="bbox 510 3428 910 3436">
    <p class='ocr_par' dir='ltr' id='par_1_8' title="bbox 510 3428 910 3436">
     <span class='ocr_line' id='line_1_30' title="bbox 510 3428 910 3436; baseline 0 0"><span class='ocrx_word' id='word_1_229' title='bbox 510 3428 910 3436; x_wconf 95' lang='lat' dir='ltr'> </span> 
     </span>
    </p>
   </div>
   <div class='ocr_carea' id='block_1_7' title="bbox 510 3504 3101 4929">
    <p class='ocr_par' dir='ltr' id='par_1_9' title="bbox 510 3504 3101 4929">
     <span class='ocr_line' id='line_1_31' title="bbox 642 3504 3091 3582; baseline 0.002 -24"><span class='ocrx_word' id='word_1_230' title='bbox 642 3505 841 3561; x_wconf 76' lang='lat' dir='ltr'>Dmon.</span> <span class='ocrx_word' id='word_1_231' title='bbox 879 3524 1075 3582; x_wconf 67' lang='lat' dir='ltr'>emur-r.</span> <span class='ocrx_word' id='word_1_232' title='bbox 1151 3512 1196 3560; x_wconf 93' lang='lat'>1.</span> <span class='ocrx_word' id='word_1_233' title='bbox 1236 3509 1431 3571; x_wconf 84' lang='grc' dir='ltr'>ελεγεν</span> <span class='ocrx_word' id='word_1_234' title='bbox 1466 3506 1509 3559; x_wconf 88' lang='grc' dir='ltr'>Α</span> <span class='ocrx_word' id='word_1_235' title='bbox 1575 3506 1585 3572; x_wconf 90' lang='grc' dir='ltr'>Ι</span> <span class='ocrx_word' id='word_1_236' title='bbox 1649 3521 1920 3572; x_wconf 87' lang='grc' dir='ltr'>εκατερου</span> <span class='ocrx_word' id='word_1_237' title='bbox 1956 3506 2026 3570; x_wconf 85' lang='grc' dir='ltr'>Α,</span> <span class='ocrx_word' id='word_1_238' title='bbox 2067 3505 2301 3560; x_wconf 84' lang='grc' dir='ltr'>ἑκάςτου</span> <span class='ocrx_word' id='word_1_239' title='bbox 2335 3504 2374 3559; x_wconf 92' lang='lat' dir='ltr'>b</span> <span class='ocrx_word' id='word_1_240' title='bbox 2434 3507 2444 3573; x_wconf 93' lang='grc' dir='ltr'>Ι</span> <span class='ocrx_word' id='word_1_241' title='bbox 2509 3512 2558 3560; x_wconf 80' lang='lat'>2.</span> <span class='ocrx_word' id='word_1_242' title='bbox 2598 3508 2689 3561; x_wconf 83' lang='grc' dir='ltr'>καὶ</span> <span class='ocrx_word' id='word_1_243' title='bbox 2725 3509 2963 3573; x_wconf 84' lang='grc' dir='ltr'>εὔλογον,</span> <span class='ocrx_word' id='word_1_244' title='bbox 3000 3511 3091 3562; x_wconf 80' lang='grc' dir='ltr'>καὶ</span> 
     </span>
     <span class='ocr_line' id='line_1_32' title="bbox 511 3584 3089 3661; baseline 0 -15"><span class='ocrx_word' id='word_1_245' title='bbox 511 3590 767 3661; x_wconf 85' lang='grc' dir='ltr'>ςύνηθες]</span> <span class='ocrx_word' id='word_1_246' title='bbox 808 3589 1027 3644; x_wconf 75' lang='lat' dir='ltr'>‘Malim</span> <span class='ocrx_word' id='word_1_247' title='bbox 1062 3594 1156 3645; x_wconf 87' lang='grc' dir='ltr'>καί</span> <span class='ocrx_word' id='word_1_248' title='bbox 1191 3591 1423 3659; x_wconf 87' lang='grc' dir='ltr'>ςύνηθες</span> <span class='ocrx_word' id='word_1_249' title='bbox 1461 3593 1551 3644; x_wconf 85' lang='grc' dir='ltr'>καὶ</span> <span class='ocrx_word' id='word_1_250' title='bbox 1590 3584 1850 3653; x_wconf 83' lang='grc' dir='ltr'>εὔλογόν’</span> <span class='ocrx_word' id='word_1_251' title='bbox 1889 3589 1926 3642; x_wconf 92' lang='lat' dir='ltr'>b</span> <span class='ocrx_word' id='word_1_252' title='bbox 1961 3589 2020 3642; x_wconf 90' lang='lat' dir='ltr'>in</span> <span class='ocrx_word' id='word_1_253' title='bbox 2057 3605 2171 3647; x_wconf 79' lang='lat' dir='ltr'>var.</span> <span class='ocrx_word' id='word_1_254' title='bbox 2206 3588 2336 3643; x_wconf 75' lang='lat' dir='ltr'>lect.</span> <span class='ocrx_word' id='word_1_255' title='bbox 2377 3591 2388 3659; x_wconf 87' lang='grc' dir='ltr'>Ι</span> <span class='ocrx_word' id='word_1_256' title='bbox 2429 3607 2576 3646; x_wconf 89' lang='grc' dir='ltr'>εςτιν</span> <span class='ocrx_word' id='word_1_257' title='bbox 2613 3592 2656 3645; x_wconf 88' lang='grc' dir='ltr'>Α</span> <span class='ocrx_word' id='word_1_258' title='bbox 2698 3595 2708 3657; x_wconf 81' lang='grc'>1</span> <span class='ocrx_word' id='word_1_259' title='bbox 2746 3598 2792 3650; x_wconf 84' lang='grc'>3.</span> <span class='ocrx_word' id='word_1_260' title='bbox 2830 3593 2924 3646; x_wconf 77' lang='grc' dir='ltr'>ἐπὶ</span> <span class='ocrx_word' id='word_1_261' title='bbox 2958 3593 3089 3646; x_wconf 76' lang='lat' dir='ltr'>ante</span> 
     </span>
     <span class='ocr_line' id='line_1_33' title="bbox 510 3674 3086 3745; baseline 0 -15"><span class='ocrx_word' id='word_1_262' title='bbox 510 3680 613 3730; x_wconf 86' lang='grc' dir='ltr'>τοῦ</span> <span class='ocrx_word' id='word_1_263' title='bbox 649 3679 1032 3744; x_wconf 87' lang='grc' dir='ltr'>πληθυντικοῦ</span> <span class='ocrx_word' id='word_1_264' title='bbox 1068 3675 1265 3729; x_wconf 75' lang='lat' dir='ltr'>inserit</span> <span class='ocrx_word' id='word_1_265' title='bbox 1297 3674 1649 3743; x_wconf 73' lang='lat' dir='ltr'>JGuttentag</span> <span class='ocrx_word' id='word_1_266' title='bbox 1695 3675 1704 3741; x_wconf 87' lang='grc' dir='ltr'>Ι</span> <span class='ocrx_word' id='word_1_267' title='bbox 1748 3679 1800 3731; x_wconf 88' lang='lat'>4.</span> <span class='ocrx_word' id='word_1_268' title='bbox 1840 3674 2011 3728; x_wconf 88' lang='grc' dir='ltr'>πάλιν</span> <span class='ocrx_word' id='word_1_269' title='bbox 2044 3676 2115 3728; x_wconf 85' lang='grc' dir='ltr'>τὸ</span> <span class='ocrx_word' id='word_1_270' title='bbox 2151 3674 2368 3745; x_wconf 85' lang='grc' dir='ltr'>δυῑκόν]</span> <span class='ocrx_word' id='word_1_271' title='bbox 2407 3675 2501 3730; x_wconf 86' lang='lat' dir='ltr'>fol.</span> <span class='ocrx_word' id='word_1_272' title='bbox 2541 3681 2638 3730; x_wconf 80' lang='grc'>176</span> <span class='ocrx_word' id='word_1_273' title='bbox 2661 3693 2702 3730; x_wconf 86' lang='lat' dir='ltr'>r.</span> <span class='ocrx_word' id='word_1_274' title='bbox 2741 3676 2822 3743; x_wconf 79' lang='grc' dir='ltr'>Ιδ.</span> <span class='ocrx_word' id='word_1_275' title='bbox 2859 3678 2958 3730; x_wconf 85' lang='grc' dir='ltr'>δυο</span> <span class='ocrx_word' id='word_1_276' title='bbox 2995 3678 3038 3731; x_wconf 88' lang='grc' dir='ltr'>Α</span> <span class='ocrx_word' id='word_1_277' title='bbox 3080 3677 3086 3742; x_wconf 83' lang='grc' dir='ltr'>Ι</span> 
     </span>
     <span class='ocr_line' id='line_1_34' title="bbox 510 3758 3090 3830; baseline -0 -16"><span class='ocrx_word' id='word_1_278' title='bbox 510 3764 557 3814; x_wconf 84' lang='grc'>8.</span> <span class='ocrx_word' id='word_1_279' title='bbox 582 3759 707 3813; x_wconf 76' lang='grc' dir='ltr'>ἀντὶ</span> <span class='ocrx_word' id='word_1_280' title='bbox 744 3762 817 3828; x_wconf 87' lang='grc' dir='ltr'>Α,</span> <span class='ocrx_word' id='word_1_281' title='bbox 856 3759 1005 3829; x_wconf 85' lang='lat' dir='ltr'>quod</span> <span class='ocrx_word' id='word_1_282' title='bbox 1040 3758 1225 3829; x_wconf 88' lang='lat' dir='ltr'>ipsum</span> <span class='ocrx_word' id='word_1_283' title='bbox 1258 3758 1620 3814; x_wconf 83' lang='lat' dir='ltr'>RSchneider</span> <span class='ocrx_word' id='word_1_284' title='bbox 1652 3760 2047 3828; x_wconf 76' lang='lat' dir='ltr'>proposuerat,</span> <span class='ocrx_word' id='word_1_285' title='bbox 2085 3760 2192 3813; x_wconf 84' lang='grc' dir='ltr'>ἀνὰ</span> <span class='ocrx_word' id='word_1_286' title='bbox 2226 3759 2270 3812; x_wconf 86' lang='lat' dir='ltr'>b·</span> <span class='ocrx_word' id='word_1_287' title='bbox 2315 3760 2328 3830; x_wconf 85' lang='grc' dir='ltr'>Ι</span> <span class='ocrx_word' id='word_1_288' title='bbox 2381 3777 2530 3815; x_wconf 88' lang='grc' dir='ltr'>εςτιν</span> <span class='ocrx_word' id='word_1_289' title='bbox 2566 3763 2609 3816; x_wconf 88' lang='grc' dir='ltr'>Α</span> <span class='ocrx_word' id='word_1_290' title='bbox 2657 3761 2667 3826; x_wconf 87' lang='grc' dir='ltr'>Ι</span> <span class='ocrx_word' id='word_1_291' title='bbox 2714 3766 2762 3819; x_wconf 87' lang='grc'>9.</span> <span class='ocrx_word' id='word_1_292' title='bbox 2799 3777 2988 3827; x_wconf 86' lang='grc' dir='ltr'>κυριου</span> <span class='ocrx_word' id='word_1_293' title='bbox 3027 3764 3090 3826; x_wconf 90' lang='grc' dir='ltr'>Α,</span> 
     </span>
     <span class='ocr_line' id='line_1_35' title="bbox 513 3837 3095 3913; baseline -0 -16"><span class='ocrx_word' id='word_1_294' title='bbox 513 3845 707 3912; x_wconf 83' lang='grc' dir='ltr'>κύριον</span> <span class='ocrx_word' id='word_1_295' title='bbox 744 3845 779 3899; x_wconf 93' lang='lat' dir='ltr'>b</span> <span class='ocrx_word' id='word_1_296' title='bbox 832 3848 843 3908; x_wconf 89' lang='grc' dir='ltr'>Ι</span> <span class='ocrx_word' id='word_1_297' title='bbox 895 3850 1080 3902; x_wconf 82' lang='grc'>9-10,</span> <span class='ocrx_word' id='word_1_298' title='bbox 1114 3845 1373 3911; x_wconf 84' lang='grc' dir='ltr'>τέςςαρες</span> <span class='ocrx_word' id='word_1_299' title='bbox 1409 3845 1445 3910; x_wconf 83' lang='grc' dir='ltr'>ἢ</span> <span class='ocrx_word' id='word_1_300' title='bbox 1481 3848 1633 3911; x_wconf 83' lang='grc' dir='ltr'>τρεῖς</span> <span class='ocrx_word' id='word_1_301' title='bbox 1669 3843 1740 3896; x_wconf 79' lang='grc' dir='ltr'>όν</span> <span class='ocrx_word' id='word_1_302' title='bbox 1774 3842 2119 3912; x_wconf 79' lang='lat' dir='ltr'>scripserunt</span> <span class='ocrx_word' id='word_1_303' title='bbox 2152 3837 2507 3898; x_wconf 73' lang='lat' dir='ltr'>RSchneider</span> <span class='ocrx_word' id='word_1_304' title='bbox 2545 3846 2605 3899; x_wconf 74' lang='lat' dir='ltr'>et</span> <span class='ocrx_word' id='word_1_305' title='bbox 2637 3843 2991 3913; x_wconf 77' lang='lat' dir='ltr'>JGuttentag</span> <span class='ocrx_word' id='word_1_306' title='bbox 3026 3860 3095 3897; x_wconf 87' lang='lat' dir='ltr'>ex</span> 
     </span>
     <span class='ocr_line' id='line_1_36' title="bbox 512 3925 3094 3999; baseline 0 -17"><span class='ocrx_word' id='word_1_307' title='bbox 512 3929 582 3994; x_wconf 88' lang='grc' dir='ltr'>Α,</span> <span class='ocrx_word' id='word_1_308' title='bbox 633 3930 731 3998; x_wconf 90' lang='lat' dir='ltr'>qui</span> <span class='ocrx_word' id='word_1_309' title='bbox 774 3929 915 3983; x_wconf 85' lang='lat' dir='ltr'>haec</span> <span class='ocrx_word' id='word_1_310' title='bbox 958 3928 1133 3982; x_wconf 74' lang='lat' dir='ltr'>habet</span> <span class='ocrx_word' id='word_1_311' title='bbox 1183 3929 1231 3984; x_wconf 88' lang='grc' dir='ltr'>δ.</span> <span class='ocrx_word' id='word_1_312' title='bbox 1271 3944 1439 3996; x_wconf 84' lang='grc' dir='ltr'>ηγον,</span> <span class='ocrx_word' id='word_1_313' title='bbox 1487 3931 1661 3996; x_wconf 84' lang='grc' dir='ltr'>δηγον</span> <span class='ocrx_word' id='word_1_314' title='bbox 1703 3925 1742 3980; x_wconf 92' lang='lat' dir='ltr'>b</span> <span class='ocrx_word' id='word_1_315' title='bbox 1786 3927 1845 3981; x_wconf 89' lang='lat' dir='ltr'>in</span> <span class='ocrx_word' id='word_1_316' title='bbox 1882 3928 2082 3995; x_wconf 65' lang='lat' dir='ltr'>textu,</span> <span class='ocrx_word' id='word_1_317' title='bbox 2119 3927 2361 3998; x_wconf 77' lang='lat' dir='ltr'>‘corrige</span> <span class='ocrx_word' id='word_1_318' title='bbox 2407 3931 2601 3993; x_wconf 87' lang='grc' dir='ltr'>ὅμοιον</span> <span class='ocrx_word' id='word_1_319' title='bbox 2642 3934 2728 3999; x_wconf 82' lang='grc' dir='ltr'>τῷ</span> <span class='ocrx_word' id='word_1_320' title='bbox 2766 3930 3023 3995; x_wconf 86' lang='grc' dir='ltr'>τέςςαρες</span> <span class='ocrx_word' id='word_1_321' title='bbox 3058 3929 3094 3994; x_wconf 83' lang='grc' dir='ltr'>ἢ</span> 
     </span>
     <span class='ocr_line' id='line_1_37' title="bbox 511 4010 3097 4081; baseline 0 -16"><span class='ocrx_word' id='word_1_322' title='bbox 511 4018 688 4081; x_wconf 82' lang='grc' dir='ltr'>τρεῖς,</span> <span class='ocrx_word' id='word_1_323' title='bbox 726 4011 990 4067; x_wconf 88' lang='lat' dir='ltr'>nimirum</span> <span class='ocrx_word' id='word_1_324' title='bbox 1028 4029 1096 4067; x_wconf 87' lang='lat' dir='ltr'>ex</span> <span class='ocrx_word' id='word_1_325' title='bbox 1131 4014 1182 4067; x_wconf 88' lang='grc' dir='ltr'>δ.</span> <span class='ocrx_word' id='word_1_326' title='bbox 1221 4019 1385 4079; x_wconf 83' lang='grc' dir='ltr'>ηγον’</span> <span class='ocrx_word' id='word_1_327' title='bbox 1421 4013 1459 4067; x_wconf 91' lang='lat' dir='ltr'>b</span> <span class='ocrx_word' id='word_1_328' title='bbox 1493 4010 1554 4066; x_wconf 88' lang='lat' dir='ltr'>in</span> <span class='ocrx_word' id='word_1_329' title='bbox 1588 4028 1700 4071; x_wconf 83' lang='lat' dir='ltr'>var.</span> <span class='ocrx_word' id='word_1_330' title='bbox 1738 4012 1866 4067; x_wconf 76' lang='lat' dir='ltr'>lect.</span> <span class='ocrx_word' id='word_1_331' title='bbox 1917 4012 1926 4079; x_wconf 83' lang='grc' dir='ltr'>Ι</span> <span class='ocrx_word' id='word_1_332' title='bbox 1975 4015 2057 4065; x_wconf 81' lang='lat'>12.</span> <span class='ocrx_word' id='word_1_333' title='bbox 2095 4010 2386 4081; x_wconf 79' lang='lat' dir='ltr'>inscriptio</span> <span class='ocrx_word' id='word_1_334' title='bbox 2421 4029 2561 4080; x_wconf 83' lang='grc' dir='ltr'>αρχη</span> <span class='ocrx_word' id='word_1_335' title='bbox 2598 4029 2702 4067; x_wconf 91' lang='grc' dir='ltr'>του</span> <span class='ocrx_word' id='word_1_336' title='bbox 2740 4016 2929 4067; x_wconf 87' lang='grc' dir='ltr'>δυικου</span> <span class='ocrx_word' id='word_1_337' title='bbox 2965 4029 3097 4079; x_wconf 89' lang='grc' dir='ltr'>περι</span> 
     </span>
     <span class='ocr_line' id='line_1_38' title="bbox 510 4094 3097 4166; baseline -0.001 -13"><span class='ocrx_word' id='word_1_338' title='bbox 510 4115 613 4166; x_wconf 90' lang='grc' dir='ltr'>της</span> <span class='ocrx_word' id='word_1_339' title='bbox 661 4103 771 4152; x_wconf 85' lang='grc' dir='ltr'>νωῑ</span> <span class='ocrx_word' id='word_1_340' title='bbox 813 4114 909 4152; x_wconf 87' lang='grc' dir='ltr'>και</span> <span class='ocrx_word' id='word_1_341' title='bbox 952 4102 1103 4165; x_wconf 86' lang='grc' dir='ltr'>ςφωῑ</span> <span class='ocrx_word' id='word_1_342' title='bbox 1147 4096 1375 4151; x_wconf 82' lang='lat' dir='ltr'>maiusc.</span> <span class='ocrx_word' id='word_1_343' title='bbox 1422 4099 1465 4152; x_wconf 89' lang='grc' dir='ltr'>Α</span> <span class='ocrx_word' id='word_1_344' title='bbox 1516 4096 1646 4151; x_wconf 80' lang='lat' dir='ltr'>‘Hic</span> <span class='ocrx_word' id='word_1_345' title='bbox 1689 4100 1884 4151; x_wconf 84' lang='grc' dir='ltr'>δυῖκοῦ</span> <span class='ocrx_word' id='word_1_346' title='bbox 1929 4094 2204 4165; x_wconf 83' lang='lat' dir='ltr'>originem</span> <span class='ocrx_word' id='word_1_347' title='bbox 2247 4097 2480 4150; x_wconf 78' lang='lat' dir='ltr'>traxisse</span> <span class='ocrx_word' id='word_1_348' title='bbox 2518 4113 2585 4150; x_wconf 85' lang='lat' dir='ltr'>ex</span> <span class='ocrx_word' id='word_1_349' title='bbox 2622 4096 2771 4150; x_wconf 84' lang='lat' dir='ltr'>male</span> <span class='ocrx_word' id='word_1_350' title='bbox 2806 4095 3097 4150; x_wconf 74' lang='lat' dir='ltr'>intellecto</span> 
     </span>
     <span class='ocr_line' id='line_1_39' title="bbox 513 4179 3094 4251; baseline -0 -14"><span class='ocrx_word' id='word_1_351' title='bbox 513 4184 580 4237; x_wconf 88' lang='grc' dir='ltr'>Δ.</span> <span class='ocrx_word' id='word_1_352' title='bbox 614 4182 634 4235; x_wconf 91' lang='lat' dir='ltr'>i</span> <span class='ocrx_word' id='word_1_353' title='bbox 690 4198 739 4236; x_wconf 90' lang='lat' dir='ltr'>e.</span> <span class='ocrx_word' id='word_1_354' title='bbox 779 4183 1085 4250; x_wconf 84' lang='grc' dir='ltr'>τετάρτου,</span> <span class='ocrx_word' id='word_1_355' title='bbox 1120 4181 1480 4236; x_wconf 75' lang='lat' dir='ltr'>manifestum</span> <span class='ocrx_word' id='word_1_356' title='bbox 1518 4183 1604 4236; x_wconf 77' lang='lat' dir='ltr'>est</span> <span class='ocrx_word' id='word_1_357' title='bbox 1627 4196 1696 4236; x_wconf 87' lang='lat' dir='ltr'>ex</span> <span class='ocrx_word' id='word_1_358' title='bbox 1719 4180 1821 4248; x_wconf 88' lang='lat' dir='ltr'>iis,</span> <span class='ocrx_word' id='word_1_359' title='bbox 1860 4182 1958 4251; x_wconf 90' lang='lat' dir='ltr'>qui</span> <span class='ocrx_word' id='word_1_360' title='bbox 1984 4180 2359 4251; x_wconf 80' lang='lat' dir='ltr'>praecedunt,</span> <span class='ocrx_word' id='word_1_361' title='bbox 2395 4180 2598 4235; x_wconf 79' lang='lat' dir='ltr'>titulis:</span> <span class='ocrx_word' id='word_1_362' title='bbox 2637 4197 2768 4234; x_wconf 87' lang='lat' dir='ltr'>nam</span> <span class='ocrx_word' id='word_1_363' title='bbox 2792 4179 3094 4237; x_wconf 78' lang='lat' dir='ltr'><strong>F01.157v.</strong></span> 
     </span>
     <span class='ocr_line' id='line_1_40' title="bbox 514 4264 3097 4336; baseline 0 -16"><span class='ocrx_word' id='word_1_364' title='bbox 514 4270 643 4321; x_wconf 76' lang='lat' dir='ltr'>ante</span> <span class='ocrx_word' id='word_1_365' title='bbox 688 4283 886 4322; x_wconf 83' lang='lat' dir='ltr'>vocem</span> <span class='ocrx_word' id='word_1_366' title='bbox 923 4268 1239 4336; x_wconf 67' lang='grc' dir='ltr'>ξυμβέβηκε</span> <span class='ocrx_word' id='word_1_367' title='bbox 1284 4266 1497 4336; x_wconf 74' lang='lat' dir='ltr'>legitur</span> <span class='ocrx_word' id='word_1_368' title='bbox 1543 4265 1671 4336; x_wconf 83' lang='lat' dir='ltr'>[vid.</span> <span class='ocrx_word' id='word_1_369' title='bbox 1728 4266 1801 4320; x_wconf 85' lang='lat' dir='ltr'>ad</span> <span class='ocrx_word' id='word_1_370' title='bbox 1853 4272 1946 4334; x_wconf 81' lang='lat'>35,</span> <span class='ocrx_word' id='word_1_371' title='bbox 1982 4266 2038 4334; x_wconf 77' lang='grc' dir='ltr'>ὁ]</span> <span class='ocrx_word' id='word_1_372' title='bbox 2089 4266 2149 4319; x_wconf 73' lang='lat' dir='ltr'>et</span> <span class='ocrx_word' id='word_1_373' title='bbox 2190 4264 2305 4320; x_wconf 87' lang='lat' dir='ltr'>Fol.</span> <span class='ocrx_word' id='word_1_374' title='bbox 2353 4270 2449 4320; x_wconf 87' lang='grc'>166</span> <span class='ocrx_word' id='word_1_375' title='bbox 2474 4284 2524 4319; x_wconf 83' lang='lat' dir='ltr'>v.</span> <span class='ocrx_word' id='word_1_376' title='bbox 2541 4305 2559 4332; x_wconf 91' lang='lat'><em>,</em></span> <span class='ocrx_word' id='word_1_377' title='bbox 2611 4267 2742 4335; x_wconf 75' lang='lat' dir='ltr'>post</span> <span class='ocrx_word' id='word_1_378' title='bbox 2791 4281 2953 4320; x_wconf 81' lang='lat' dir='ltr'>voces</span> <span class='ocrx_word' id='word_1_379' title='bbox 2994 4267 3097 4320; x_wconf 85' lang='grc' dir='ltr'>δύο</span> 
     </span>
     <span class='ocr_line' id='line_1_41' title="bbox 515 4348 3098 4421; baseline -0.001 -16"><span class='ocrx_word' id='word_1_380' title='bbox 515 4352 750 4408; x_wconf 82' lang='grc' dir='ltr'>κλίςεων</span> <span class='ocrx_word' id='word_1_381' title='bbox 793 4352 1139 4419; x_wconf 79' lang='grc' dir='ltr'>γινομένων,</span> <span class='ocrx_word' id='word_1_382' title='bbox 1186 4368 1328 4419; x_wconf 87' lang='grc' dir='ltr'>αρχη</span> <span class='ocrx_word' id='word_1_383' title='bbox 1374 4368 1479 4406; x_wconf 88' lang='grc' dir='ltr'>του</span> <span class='ocrx_word' id='word_1_384' title='bbox 1522 4367 1720 4420; x_wconf 90' lang='grc' dir='ltr'>τριτου</span> <span class='ocrx_word' id='word_1_385' title='bbox 1772 4351 1974 4420; x_wconf 79' lang='lat' dir='ltr'>[male‚</span> <span class='ocrx_word' id='word_1_386' title='bbox 2018 4349 2130 4405; x_wconf 82' lang='lat' dir='ltr'>vid.</span> <span class='ocrx_word' id='word_1_387' title='bbox 2170 4349 2241 4403; x_wconf 85' lang='lat' dir='ltr'>ad</span> <span class='ocrx_word' id='word_1_388' title='bbox 2277 4354 2368 4416; x_wconf 78' lang='lat'>60,</span> <span class='ocrx_word' id='word_1_389' title='bbox 2405 4350 2509 4418; x_wconf 84' lang='lat'><strong>20].</strong></span> <span class='ocrx_word' id='word_1_390' title='bbox 2589 4349 2709 4403; x_wconf 85' lang='lat' dir='ltr'>Hos</span> <span class='ocrx_word' id='word_1_391' title='bbox 2745 4366 2853 4421; x_wconf 83' lang='lat' dir='ltr'>ego</span> <span class='ocrx_word' id='word_1_392' title='bbox 2886 4348 3098 4415; x_wconf 78' lang='lat' dir='ltr'>titulos,</span> 
     </span>
     <span class='ocr_line' id='line_1_42' title="bbox 517 4433 3097 4505; baseline -0.001 -16"><span class='ocrx_word' id='word_1_393' title='bbox 517 4453 638 4490; x_wconf 87' lang='lat' dir='ltr'>cum</span> <span class='ocrx_word' id='word_1_394' title='bbox 673 4434 951 4490; x_wconf 76' lang='lat' dir='ltr'>similibus</span> <span class='ocrx_word' id='word_1_395' title='bbox 987 4436 1267 4505; x_wconf 85' lang='lat' dir='ltr'>pluribus,</span> <span class='ocrx_word' id='word_1_396' title='bbox 1305 4435 1646 4490; x_wconf 71' lang='lat' dir='ltr'>omittendos</span> <span class='ocrx_word' id='word_1_397' title='bbox 1681 4435 1840 4501; x_wconf 85' lang='lat' dir='ltr'>duxi,</span> <span class='ocrx_word' id='word_1_398' title='bbox 1879 4434 2144 4503; x_wconf 74' lang='lat' dir='ltr'>imperite</span> <span class='ocrx_word' id='word_1_399' title='bbox 2168 4449 2336 4503; x_wconf 87' lang='lat' dir='ltr'>saepe</span> <span class='ocrx_word' id='word_1_400' title='bbox 2360 4450 2466 4488; x_wconf 87' lang='lat' dir='ltr'>nec</span> <span class='ocrx_word' id='word_1_401' title='bbox 2489 4433 2602 4488; x_wconf 84' lang='lat' dir='ltr'>suis</span> <span class='ocrx_word' id='word_1_402' title='bbox 2627 4435 2764 4490; x_wconf 89' lang='lat' dir='ltr'>locis</span> <span class='ocrx_word' id='word_1_403' title='bbox 2788 4434 3097 4504; x_wconf 76' lang='lat' dir='ltr'>appositos’</span> 
     </span>
     <span class='ocr_line' id='line_1_43' title="bbox 516 4518 3095 4589; baseline -0.001 -15"><span class='ocrx_word' id='word_1_404' title='bbox 516 4520 550 4574; x_wconf 93' lang='lat' dir='ltr'>b</span> <span class='ocrx_word' id='word_1_405' title='bbox 592 4521 653 4574; x_wconf 88' lang='lat' dir='ltr'>in</span> <span class='ocrx_word' id='word_1_406' title='bbox 698 4525 814 4575; x_wconf 82' lang='lat' dir='ltr'>var.</span> <span class='ocrx_word' id='word_1_407' title='bbox 860 4521 992 4576; x_wconf 72' lang='lat' dir='ltr'>lect.</span> <span class='ocrx_word' id='word_1_408' title='bbox 1061 4520 1177 4575; x_wconf 87' lang='lat' dir='ltr'>Nos</span> <span class='ocrx_word' id='word_1_409' title='bbox 1223 4536 1417 4575; x_wconf 86' lang='lat' dir='ltr'>omnes</span> <span class='ocrx_word' id='word_1_410' title='bbox 1464 4519 1582 4574; x_wconf 83' lang='lat' dir='ltr'>eius</span> <span class='ocrx_word' id='word_1_411' title='bbox 1626 4521 1850 4589; x_wconf 83' lang='lat' dir='ltr'>generis</span> <span class='ocrx_word' id='word_1_412' title='bbox 1893 4519 2090 4575; x_wconf 74' lang='lat' dir='ltr'>titulos</span> <span class='ocrx_word' id='word_1_413' title='bbox 2135 4518 2500 4572; x_wconf 81' lang='lat' dir='ltr'>adscribimus</span> <span class='ocrx_word' id='word_1_414' title='bbox 2564 4524 2573 4586; x_wconf 88' lang='grc' dir='ltr'>Ι</span> <span class='ocrx_word' id='word_1_415' title='bbox 2640 4526 2717 4578; x_wconf 83' lang='lat'>14.</span> <span class='ocrx_word' id='word_1_416' title='bbox 2757 4521 3003 4575; x_wconf 79' lang='grc' dir='ltr'>Ἀττικαὶ</span> <span class='ocrx_word' id='word_1_417' title='bbox 3039 4519 3095 4587; x_wconf 86' lang='lat' dir='ltr'>b,</span> 
     </span>
     <span class='ocr_line' id='line_1_44' title="bbox 516 4603 3097 4675; baseline -0.002 -14"><span class='ocrx_word' id='word_1_418' title='bbox 516 4624 728 4662; x_wconf 82' lang='grc' dir='ltr'>αττικοι</span> <span class='ocrx_word' id='word_1_419' title='bbox 754 4608 797 4661; x_wconf 88' lang='grc' dir='ltr'>Α</span> <span class='ocrx_word' id='word_1_420' title='bbox 835 4608 951 4675; x_wconf 75' lang='lat'><strong>{18-</strong></span> <span class='ocrx_word' id='word_1_421' title='bbox 990 4609 1082 4660; x_wconf 77' lang='grc' dir='ltr'>καὶ</span> <span class='ocrx_word' id='word_1_422' title='bbox 1119 4605 1249 4661; x_wconf 85' lang='lat' dir='ltr'>add.</span> <span class='ocrx_word' id='word_1_423' title='bbox 1284 4604 1322 4658; x_wconf 91' lang='lat' dir='ltr'>b</span> <span class='ocrx_word' id='word_1_424' title='bbox 1353 4607 1364 4670; x_wconf 75' lang='grc' dir='ltr'>ί</span> <span class='ocrx_word' id='word_1_425' title='bbox 1392 4604 1569 4659; x_wconf 79' lang='lat' dir='ltr'>verba</span> <span class='ocrx_word' id='word_1_426' title='bbox 1603 4606 2058 4672; x_wconf 87' lang='grc' dir='ltr'>μονοςυλλάβως·</span> <span class='ocrx_word' id='word_1_427' title='bbox 2098 4605 2338 4660; x_wconf 84' lang='grc' dir='ltr'>Εὔπολις</span> <span class='ocrx_word' id='word_1_428' title='bbox 2374 4633 2439 4641; x_wconf 88' lang='grc'><strong>-</strong></span> <span class='ocrx_word' id='word_1_429' title='bbox 2474 4610 2540 4656; x_wconf 78' lang='lat'>22</span> <span class='ocrx_word' id='word_1_430' title='bbox 2576 4605 2847 4671; x_wconf 86' lang='grc' dir='ltr'>εὐφρανῶ</span> <span class='ocrx_word' id='word_1_431' title='bbox 2886 4605 2947 4657; x_wconf 82' lang='grc' dir='ltr'>δὲ</span> <span class='ocrx_word' id='word_1_432' title='bbox 2972 4603 3097 4669; x_wconf 87' lang='grc' dir='ltr'>ςφώ</span> 
     </span>
     <span class='ocr_line' id='line_1_45' title="bbox 518 4688 3101 4760; baseline -0.001 -16"><span class='ocrx_word' id='word_1_433' title='bbox 518 4691 595 4745; x_wconf 82' lang='lat' dir='ltr'>sic</span> <span class='ocrx_word' id='word_1_434' title='bbox 627 4690 988 4760; x_wconf 72' lang='lat' dir='ltr'>interpuncta</span> <span class='ocrx_word' id='word_1_435' title='bbox 1022 4690 1081 4744; x_wconf 69' lang='lat' dir='ltr'>et</span> <span class='ocrx_word' id='word_1_436' title='bbox 1113 4690 1326 4759; x_wconf 73' lang='lat' dir='ltr'>scripta</span> <span class='ocrx_word' id='word_1_437' title='bbox 1356 4689 1676 4759; x_wconf 72' lang='lat' dir='ltr'>transponit</span> <span class='ocrx_word' id='word_1_438' title='bbox 1710 4688 1936 4759; x_wconf 80' lang='lat' dir='ltr'>GUhlig</span> <span class='ocrx_word' id='word_1_439' title='bbox 1978 4706 2032 4743; x_wconf 83' lang='lat' dir='ltr'>v.</span> <span class='ocrx_word' id='word_1_440' title='bbox 2072 4693 2136 4742; x_wconf 83' lang='lat'>14</span> <span class='ocrx_word' id='word_1_441' title='bbox 2179 4690 2309 4758; x_wconf 73' lang='lat' dir='ltr'>post</span> <span class='ocrx_word' id='word_1_442' title='bbox 2351 4688 2500 4755; x_wconf 84' lang='grc' dir='ltr'>ςφώ;</span> <span class='ocrx_word' id='word_1_443' title='bbox 2535 4690 2668 4756; x_wconf 77' lang='lat' dir='ltr'>post</span> <span class='ocrx_word' id='word_1_444' title='bbox 2709 4705 2760 4743; x_wconf 87' lang='lat' dir='ltr'>v.</span> <span class='ocrx_word' id='word_1_445' title='bbox 2807 4693 2873 4742; x_wconf 81' lang='lat'>27</span> <span class='ocrx_word' id='word_1_446' title='bbox 2919 4692 3101 4754; x_wconf 88' lang='grc' dir='ltr'>ςφῶιν</span> 
     </span>
     <span class='ocr_line' id='line_1_46' title="bbox 517 4772 3097 4843; baseline -0.001 -16"><span class='ocrx_word' id='word_1_447' title='bbox 517 4775 811 4830; x_wconf 84' lang='lat' dir='ltr'>inserenda</span> <span class='ocrx_word' id='word_1_448' title='bbox 846 4790 965 4829; x_wconf 85' lang='lat' dir='ltr'>esse</span> <span class='ocrx_word' id='word_1_449' title='bbox 998 4774 1142 4828; x_wconf 78' lang='lat' dir='ltr'>talia</span> <span class='ocrx_word' id='word_1_450' title='bbox 1174 4775 1585 4843; x_wconf 84' lang='grc' dir='ltr'>(διςυλλάβως,</span> <span class='ocrx_word' id='word_1_451' title='bbox 1625 4776 1777 4843; x_wconf 84' lang='grc' dir='ltr'>παρὰ</span> <span class='ocrx_word' id='word_1_452' title='bbox 1810 4777 1861 4828; x_wconf 81' lang='grc' dir='ltr'>δ’</span> <span class='ocrx_word' id='word_1_453' title='bbox 1886 4775 2158 4830; x_wconf 81' lang='grc' dir='ltr'>Ἀττικοῖς</span> <span class='ocrx_word' id='word_1_454' title='bbox 2194 4772 2623 4840; x_wconf 83' lang='grc' dir='ltr'>μονοςυλλάβως</span> <span class='ocrx_word' id='word_1_455' title='bbox 2660 4778 2808 4842; x_wconf 84' lang='grc' dir='ltr'>νῷν,</span> <span class='ocrx_word' id='word_1_456' title='bbox 2846 4778 3025 4842; x_wconf 78' lang='grc' dir='ltr'>ςφῷν,</span> <span class='ocrx_word' id='word_1_457' title='bbox 3063 4775 3097 4842; x_wconf 78' lang='grc' dir='ltr'>ᾗ</span> 
     </span>
     <span class='ocr_line' id='line_1_47' title="bbox 522 4853 3101 4929; baseline -0.001 -16"><span class='ocrx_word' id='word_1_458' title='bbox 522 4860 688 4914; x_wconf 80' lang='grc' dir='ltr'>πάλιν</span> <span class='ocrx_word' id='word_1_459' title='bbox 707 4862 799 4914; x_wconf 85' lang='grc' dir='ltr'>καί</span> <span class='ocrx_word' id='word_1_460' title='bbox 821 4860 1075 4928; x_wconf 87' lang='grc' dir='ltr'>Ὅμηρος</span> <span class='ocrx_word' id='word_1_461' title='bbox 1094 4860 1475 4929; x_wconf 82' lang='grc' dir='ltr'>προςχρῆται)</span> <span class='ocrx_word' id='word_1_462' title='bbox 1494 4859 1687 4914; x_wconf 76' lang='lat' dir='ltr'>censet</span> <span class='ocrx_word' id='word_1_463' title='bbox 1704 4859 1855 4914; x_wconf 86' lang='lat' dir='ltr'>idem</span> <span class='ocrx_word' id='word_1_464' title='bbox 1872 4861 1974 4929; x_wconf 77' lang='grc'><strong>123.</strong></span> <span class='ocrx_word' id='word_1_465' title='bbox 1987 4859 2111 4925; x_wconf 82' lang='grc' dir='ltr'>δ’ἦν</span> <span class='ocrx_word' id='word_1_466' title='bbox 2128 4857 2186 4925; x_wconf 89' lang='lat' dir='ltr'>b,</span> <span class='ocrx_word' id='word_1_467' title='bbox 2206 4873 2313 4927; x_wconf 84' lang='grc' dir='ltr'>γαρ</span> <span class='ocrx_word' id='word_1_468' title='bbox 2330 4874 2403 4926; x_wconf 90' lang='grc' dir='ltr'>ην</span> <span class='ocrx_word' id='word_1_469' title='bbox 2415 4860 2479 4926; x_wconf 85' lang='grc' dir='ltr'>Α,</span> <span class='ocrx_word' id='word_1_470' title='bbox 2499 4856 2652 4927; x_wconf 86' lang='lat' dir='ltr'>quod</span> <span class='ocrx_word' id='word_1_471' title='bbox 2670 4856 2862 4912; x_wconf 76' lang='lat' dir='ltr'>servat</span> <span class='ocrx_word' id='word_1_472' title='bbox 2877 4853 3101 4924; x_wconf 86' lang='lat' dir='ltr'>GUhlig</span> 
     </span>
    </p>
   </div>
  </div>
 </body>
</html>
