3738 5530
642 369 768 436 198
844 368 1290 425 Commentarius
1316 367 1546 424 criticus
1574 369 1633 424 et
1659 365 1983 437 exegeticus
2009 367 2071 422 in
2099 365 2390 438 Apollonii
2417 366 2647 436 Dyscoli
2675 366 2888 437 scripta
2912 366 3146 421 minora.

820 541 1110 617 Quoniam
1153 540 1436 599 adverbia
1478 541 1546 598 in
1589 531 1703 598 θῖν
1750 554 1781 597 e
1819 538 2101 612 genetivi-s
2142 538 2307 611 faeta
2348 539 2436 596 ita
2478 538 2742 597 derivari
2783 538 2990 605 solent,
3034 541 3117 605 ut,
3161 538 3267 598 ubi

635 633 940 706 yenetivus
982 632 1050 690 in
1092 630 1508 703 diphthonqum
1552 629 1788 696 des-init,
1833 627 2054 687 vocabis
2095 628 2301 701 finalis
2345 628 2635 687 abiciatur
2680 622 2994 704 (οὐρανοῦ
3039 659 3114 668 -
3156 622 3266 687 οὐ·

641 714 973 796 ρανόθεν);
1010 713 1567 794 ἀμφοτέρωθεν
1597 713 2075 791 ἑκατέρωθεν
2105 712 2484 791 ἑτέρωθεν
2511 717 2588 775 ab
2617 711 3064 792 ἀμφοτέρου
3094 711 3262 777 ἑκα-

640 805 870 884 τέρου
928 804 1203 882 ἑτέρου
1259 808 1601 867 descendere
1643 824 1765 866 non
1806 810 2074 880 possunt.
2163 806 2402 879 Itaque,
2448 808 2592 880 quia
2637 808 2812 865 etiam
2856 807 2932 865 ab
2976 806 3269 865 adverbiis

640 901 706 958 in
741 896 792 971 E,
837 898 948 957 hac
991 898 1184 957 tittera
1220 898 1459 965 abiecta,
1507 897 1789 955 adverbia
1823 897 1892 955 in
1926 888 2039 956 θεῖν
2076 896 2437 964 derivantur,
2483 896 2854 955 statuendum
2893 898 2976 954 est
3018 889 3224 970 ἀμφο
3238 927 3263 937 -

641 984 976 1062 τέρωθεν
1014 982 1491 1061 ἑκατέρωθεν
1528 980 1908 1059 ἑτέρωθεν
1946 986 2021 1044 ab
2060 979 2523 1059 ἀμφοτέρως
2561 979 2941 1059 ἑκατέρω(
2986 980 3266 1059 ἑτέρως

642 1081 772 1137 orta
809 1093 928 1136 esse
969 1076 1371 1152 188,3-18.
1441 1073 1526 1133 cf.
1557 1074 1690 1134 adv.
1723 1075 2184 1150 207,2o-2⁷;
2233 1072 2338 1133 Ao
2365 1073 2397 1132 1
2436 1075 2673 1148 318,4;
2732 1072 2878 1132 Lob.
2905 1073 3021 1132 En„
3049 1074 3081 1132 1
3120 1075 3264 1132 613.

827 1167 969 1241 188,
994 1167 1030 1225 5
1078 1165 1172 1245 τῷ
1219 1160 1395 1245 αὐτῷ
1444 1156 1595 1246 (scil.
1627 1157 1982 1245 φωνήεντι)
2022 1158 2478 1237 παραλήγεται,
2524 1157 2605 1223 δι’
2645 1157 2725 1223 οὗ
2761 1159 2839 1223 τὸ
2877 1161 3079 1237 λῆγον
3118 1154 3183 1244 (i.
3216 1184 3263 1222 ο.

642 1252 717 1317 τὸ
778 1246 992 1336 τέλος)
1054 1253 1173 1314 τοῦ
1232 1249 1667 1329 πρωτοτύπου
1733 1253 1857 1313 scil.
1920 1248 2290 1329 ἐκφέρεται,
2354 1255 2424 1312 ut
2483 1255 2546 1311 in
2605 1247 2779 1312 κάτω
2825 1283 2914 1295 -—
2961 1247 3266 1323 κάτωθεν,

644 1339 782 1405 ἄνω
818 1375 907 1387 -
945 1338 1214 1415 ἄνωθεν,
1277 1343 1350 1402 ef.
1398 1343 1529 1403 adv.
1581 1344 1728 1417 186,
1751 1343 1850 1402 23.
1957 1340 2055 1401 Ad
2113 1341 2170 1399 h.
2219 1342 2256 1400 l.
2303 1341 2516 1401 Matth.
2562 1342 2595 1400 I
2642 1342 2725 1402 85
2788 1341 3040 1402 adnotat
3097 1343 3267 1401 haec:

643 1429 925 1494 ‘Etiamsi
970 1429 1047 1493 τὸ
1094 1431 1298 1507 λῆγον
1341 1451 1451 1510 pro
1497 1433 1872 1492 substantivo
1918 1427 1996 1491 τὸ
2041 1426 2229 1493 τέλος
2266 1434 2619 1508 usurpatum
2655 1430 3125 1507 Apolloniatium
3161 1433 3269 1505 est,

643 1528 843 1584 tamen
889 1524 1002 1582 hoc
1046 1523 1176 1582 loco
1221 1542 1340 1583 non
1389 1522 1671 1598 quadrat3
1716 1523 1842 1582 sive
1889 1522 2048 1581 enim
2094 1539 2164 1580 ex
2209 1521 2689 1580 antecedentibus
2735 1520 3017 1580 subaudis
3062 1536 3266 1596 παρα·

646 1609 907 1686 λήγεται
938 1604 1024 1693 (9)
1072 1614 1198 1672 sive
1245 1607 1506 1685 λήγεται
1552 1613 1677 1671 sive
1724 1606 1876 1682 ἑςτί,
1924 1628 2128 1671 sensus
2174 1609 2365 1670 bonus
2411 1629 2531 1670 non
2576 1609 2793 1670 evadit.
2887 1610 3082 1679 Quare
3128 1611 3267 1670 scri-

644 1702 904 1763 bendum
965 1720 1089 1761 esse
1149 1719 1383 1761 censeo:
1448 1696 1527 1760 δι’
1584 1694 1663 1761 οὗ
1724 1696 1825 1760 καὶ
1888 1698 2092 1773 λῆγον
2149 1696 2226 1760 τὸ
2287 1693 2765 1773 πρωτότυπον.’
2856 1698 3157 1774 Profecto,
3217 1702 3271 1758 si

645 1788 1083 1867 παραλήγεται
1129 1791 1438 1867 subaudis,
1495 1784 1723 1849 ‘sensus
1767 1789 1958 1849 bonus
2009 1808 2127 1849 non
2174 1783 2415 1849 evadit'.
2511 1787 2627 1848 Sed
2673 1789 2884 1865 quidni
2928 1789 3171 1861 evadat,
3217 1789 3271 1848 si

646 1901 714 1941 ex
745 1883 829 1941 eis
866 1900 1018 1958 quae
1053 1880 1419 1957 praecedunt
1456 1874 1792 1955 ἐκφέρεται
1829 1877 2242 1956 suppleveris?
2285 1877 2620 1937 Permirum
2655 1898 2795 1939 vero
2833 1881 2925 1939 est
2948 1878 3272 1938 Matthiam

647 1971 723 2030 ad
761 1963 1281 2030 ‘emendationem'
1312 1987 1482 2029 suam
1517 1968 1940 2027 illustrandam
1968 1961 2229 2045 ‘praeter
2255 1968 2573 2027 usitatiora
2610 1967 2786 2027 huius
2823 1985 2964 2027 usus
3002 1967 3271 2044 exempla

647 2057 860 2135 παρόν
908 2061 1089 2135 atque
1137 2054 1612 2120 ev6v=zfzecn
1651 2059 1712 2116 et
1748 2052 2150 2118 b40v=beY
2197 2058 2343 2116 haec
2389 2057 2597 2116 afferre
2642 2077 2808 2133 pron.
2851 2058 3060 2133 63,14
3107 2052 3268 2131 ὅπερ

650 2144 769 2209 οὐκ
814 2143 1244 2222 ἐνδεχόμενον
1300 2148 1423 2207 scil.
1473 2143 1624 2217 ἐςτί;
1680 2145 1759 2206 ib.
1802 2147 2010 2222 72‚23
2061 2141 2255 2208 οὐδὲν
2301 2140 2426 2220 γὰρ
2473 2144 2729 2207 κωλῦον
2776 2147 2898 2206 scil.
2949 2142 3115 2206 ἐςτίν
3154 2146 3272 2219 all„

646 2257 800 2316 quae
861 2237 935 2296 ab
994 2238 1117 2297 illis
1176 2239 1307 2298 toto
1366 2237 1529 2297 coelo
1590 2236 1824 2297 diversa
1885 2239 2040 2296 sunt.
2132 2236 2190 2294 N
2193 2255 2291 2294 am
2349 2254 2522 2295 nemo
2581 2235 2772 2295 nescit
2829 2235 3105 2295 absoluta
3163 2236 3274 2295 illa

647 2327 969 2405 participia
1014 2347 1133 2387 non
1177 2326 1334 2387 idem
1382 2343 1508 2387 esse
1555 2326 1712 2402 quod
1760 2321 1958 2388 ἔξεςτι
2003 2325 2100 2386 vel
2146 2324 2270 2397 δεῖ,
2330 2324 2433 2385 sed
2490 2324 2824 2404 significare
2872 2318 3030 2384 ‘cum
3076 2325 3274 2399 liceat,

649 2436 1009 2495 quamquam
1055 2435 1202 2494 opus
1249 2410 1362 2476 est'
1408 2416 1536 2476 sim.

829 2507 978 2581 188,
1001 2507 1078 2565 11
1122 2501 1467 2580 ἰδιαίτερον
1497 2500 1587 2565 ὡς
1612 2500 1723 2584 τά]
1745 2530 1829 2552 =
1852 2500 1942 2565 ὡς
1971 2498 2316 2579 ἰδιαίτερον
2345 2498 2450 2564 ra:
2498 2505 2778 2564 insolitae
2813 2502 3128 2563 verborum
3158 2503 3276 2562 col-

649 2595 963 2656 locationis
1001 2594 1273 2672 exempla
1310 2596 1577 2673 congessi
1621 2594 1697 2653 ad
1743 2613 1909 2671 pron.
1952 2595 2055 2669 42,
2079 2594 2181 2653 25.
2256 2591 2625 2653 GFSchoem.
2655 2593 2719 2652 H
2750 2595 2832 2653 14
2853 2618 2937 2640 =
2959 2611 3156 2670 opusc.
3187 2592 3276 2650 IV

651 2688 809 2745 259:
857 2678 1008 2744 ‘Aut
1040 2683 1488 2761 transponenda
1524 2683 1705 2744 verba
1742 2680 1833 2745 ὡς
1871 2678 2231 2757 ἰδιαίτερον,
2272 2685 2378 2742 aut
2410 2682 2785 2744 scribendum
2812 2676 3168 2757 ἰδιαιτέρως
3193 2715 3270 2723 -

648 2769 1042 2850 παράγεςθαι
1091 2769 1337 2854 [omisso
1385 2769 1520 2854 iiic}
1607 2774 1768 2833 Nam
1812 2774 1925 2833 hoc
1970 2773 2124 2832 dixit
2167 2773 2428 2861 Try-ppo,
2474 2774 2777 2852 singulare
2823 2791 2948 2833 esse
2994 2775 3064 2831 ut
3109 2775 3161 2832 si
3205 2791 3278 2832 ex

647 2864 954 2926 vocabulis
999 2866 1063 2923 in
1119 2862 1305 2939 ἷεβοῖ
1361 2864 1709 2924 exeuntibus
1765 2862 2050 2923 adverbia
2101 2882 2210 2939 per
2265 2865 2377 2923 θεν
2432 2861 2899 2939 deflecterentur,
2958 2862 3182 2921 vocalis
3238 2859 3276 2923 ὃ

647 2948 1111 3033 produceretur’.

832 3044 978 3118 188,
1002 3045 1083 3103 15
1135 3038 1389 3121 ἑκάθεν]
1436 3044 1705 3120 profecto
1751 3062 1872 3102 non
1917 3060 2051 3102 cum
2098 3042 2368 3102 Bekkero
2415 3044 2500 3102 sie
2546 3040 2920 3101 scribendum
2965 3043 3119 3116 erat,
3174 3041 3276 3100 sed

655 3129 883 3194 ἕκαθεν
929 3134 1061 3209 ipso
1108 3131 1430 3209 Apollonio
1478 3135 1719 3192 auctore
1765 3131 1899 3190 adv.
1942 3133 2088 3206 192,
2111 3133 2147 3190 5
2196 3127 2274 3191 τὸ
2321 3126 2548 3191 ἕκαθεν
2594 3125 3168 3206 προπαροξύνεται,
3218 3133 3278 3189 et

650 3221 994 3282 Herodiano
1041 3221 1073 3280 I
1121 3223 1268 3297 501,
1290 3224 1327 3282 9
1390 3219 1466 3282 τὸ
1529 3217 1756 3282 ἕκαθεν
1817 3217 1922 3281 καὶ
1981 3215 2293 3281 ἀνέκαθεν
2352 3215 2920 3297 προπαροξύτονα,
2981 3215 3100 3279 οὐκ
3158 3213 3277 3279 οὖν

651 3306 828 3385 παρὰ
874 3307 951 3372 τὸ
999 3305 1147 3371 ἑκάς
1203 3306 1598 3385 ὀξυνόμενον
1655 3307 1975 3386 γενόμενα
2030 3303 2400 3393 (ALudwich
2445 3312 2509 3369 in
2556 3309 2710 3369 Ann.
2759 3309 2875 3369 litt.
2921 3309 3053 3369 Jen.
3105 3310 3274 3369 1879

651 3421 706 3478 p.
751 3390 925 3481 223).
1008 3399 1095 3459 Of.
1135 3400 1266 3461 adv.
1311 3401 1456 3476 160,
1481 3402 1580 3460 20.

835 3491 980 3564 188,
1004 3491 1084 3549 16
1135 3486 1237 3549 καὶ
1283 3486 1599 3566 λήγοντος
1644 3488 1762 3551 τοῦ
1808 3484 2218 3567 φωνήεντος]
2269 3488 2385 3549 τοῦ
2431 3488 2591 3549 delet
2631 3488 2816 3548 Lehrs
2862 3490 2927 3547 in
2963 3488 3117 3548 Ann.
3156 3489 3272 3548 litt.

651 3579 782 3638 Jen.
828 3581 997 3640 1879
1043 3599 1101 3655 p.
1144 3581 1301 3655 2243
1349 3579 1506 3655 quod
1552 3598 1671 3639 non
1717 3577 1931 3656 probo:
1979 3572 2186 3638 ‘etiam
2225 3577 2329 3638 ubi
2376 3597 2447 3638 ea
2481 3579 2705 3639 vocalis
2743 3596 2895 3656 quae
2940 3581 3004 3637 in
3043 3577 3277 3654 syllaba

650 3668 820 3728 finali
866 3672 956 3728 est
1002 3670 1226 3728 exitum
1270 3668 1454 3728 efficit
1501 3660 1563 3750 (E
1608 3687 1726 3729 non
1773 3660 2058 3750 suffixa)'.

829 3759 1017 3817 Porro
1044 3759 1348 3818 dubitabat
1378 3758 1629 3832 Trypho,
1666 3759 1948 3832 quomodo
1982 3759 2206 3831 factum
2233 3762 2375 3818 esset
2411 3753 2734 3830 γειόθεν,
2772 3774 3009 3816 censens
3044 3755 3132 3830 γῆ
3147 3758 3279 3816 θεν

653 3866 786 3908 eum
839 3848 1118 3923 analoyia
1177 3850 1495 3908 convenire.
1585 3848 1757 3906 Idem
1811 3842 2324 3908 Δεκελειόθεν
2377 3864 2497 3905 non
2542 3865 2582 3906 a
2626 3842 3004 3908 Δεκέλεια
3050 3848 3279 3906 derit-a-

654 3939 778 4005 bat,
824 3938 926 3996 sed
970 3955 1011 3996 a
1056 3933 1439 3998 Δεκελεύς
1485 3931 1886 3998 Δεκελέος.
1972 3936 2249 3995 Praestat
2291 3939 2486 3995 autem
2529 3940 2798 4005 statuere,
2847 3933 2889 3995 ἇ
2932 3936 3173 4008 finalem
3216 3938 3283 3994 in

654 4028 1057 4100 compositione
1111 4030 1164 4084 et
1215 4028 1571 4086 derivatione
1622 4027 1785 4085 haud
1837 4042 1981 4084 raro
2033 4027 2101 4085 in
2146 4023 2185 4085 ὃ
2230 4027 2484 4085 transire
2495 4045 2517 4094 ‚·
2572 4028 2660 4084 ita
2705 4043 2735 4084 e
2767 4025 3035 4100 pleniore
3086 4026 3282 4098 forma

653 4115 834 4188 γαῖα
887 4112 1202 4186 γαιόθεν
1259 4119 1312 4174 et
1364 4111 1685 4186 γειόθεν,
1748 4134 1778 4173 e
1830 4110 2208 4175 Δεκέλεια
2261 4111 2791 4186 Δεκελειόθεν,
2855 4133 2884 4173 e
2938 4112 3280 4188 χαμᾶθεν

656 4201 999 4280 χαμόθεν
1047 4209 1237 4264 ortum
1283 4209 1366 4264 est
1413 4204 1859 4280 188‚19—34.
1948 4203 2033 4263 of.
2070 4203 2210 4263 Her.
2248 4204 2280 4263 I
2329 4204 2475 4279 500,
2499 4206 2946 4278 22-501,10.

842 4295 986 4369 188,
1010 4296 1094 4354 20
1140 4294 1336 4369 γῆθεν
1381 4312 1595 4372 parum
1642 4296 1781 4371 apte
1828 4311 1964 4354 cum
2010 4288 2291 4368 ἀρχῆθεν
2337 4296 2670 4370 comparari
2728 4296 2930 4354 monet
2974 4293 3115 4353 Lob.
3163 4293 3280 4352 ΕΠ.

656 4384 689 4443 Ι
736 4385 862 4443 283
896 4404 951 4442 n.
994 4386 1094 4444 10.

842 4474 988 4548 188,
1011 4475 1096 4532 30
1143 4468 1407 4544 γαιόθεν
1454 4469 1559 4533 καὶ
1602 4468 1885 4551 γειόθεν]
1933 4468 2198 4543 γαιόθεν
2243 4475 2334 4532 est
2386 4473 2581 4533 forma
2635 4471 2799 4547 ficta,
2856 4490 2925 4530 ex
2972 4491 3091 4547 qua
3136 4491 3284 4547 quo-

657 4561 834 4623 modo
871 4559 1126 4634 γειόθεν
1161 4562 1386 4621 factum
1432 4562 1513 4621 sit
1558 4563 1874 4639 appareat:
1922 4562 1998 4620 ad
2046 4560 2177 4622 adv.
2222 4562 2366 4637 189,
2391 4565 2501 4636 22;
2548 4559 2800 4633 γειόθεν
2845 4562 3073 4621 formae
3111 4560 3282 4620 Thes

660 4651 861 4729 Steph.
919 4672 1104 4711 unum
1164 4651 1497 4729 exemplum
1557 4651 1731 4711 affert
1792 4650 2144 4712 Callimachi
2203 4669 2296 4729 ap,
2354 4651 2532 4711 schol.
2580 4651 2778 4728 Apoll.
2827 4650 3014 4711 Rhod.
3066 4652 3123 4726 2,
3154 4651 3283 4709 375

659 4737 911 4812 γειόθεν
959 4735 1372 4801 ἀντέλλοντα.

845 4832 988 4905 188,
1011 4832 1088 4890 31
1142 4827 1259 4890 τὸν
1315 4830 1520 4905 δῆμον
1575 4829 1692 4891 τοῦ
1749 4826 2215 4905 ςημαινομένου
2272 4825 2656 4908 δηλοῦντος]
2715 4824 2873 4889 ‘cum
2927 4833 2980 4889 is
3035 4829 3109 4888 de
3164 4847 3284 4906 quo

663 4938 852 4980 sermo
901 4924 1014 4994 est,
1070 4919 1267 4981 dicens
1314 4917 1755 4992 Δεκελειόθεν,
1803 4921 2039 4978 demum
2095 4939 2267 4979 suum
2312 4914 2590 4995 indicat’3
2643 4919 2897 4978 Dronkii
2952 4920 3288 4978 mutatione

664 5027 784 5069 non
830 5011 923 5069 est
966 5027 1131 5087 opus.
