3738 5530
585 327 1030 384 Commentarius
1059 326 1287 382 criticus
1316 327 1375 382 et
1402 325 1722 396 exegeticus
1748 325 1811 380 in
1836 323 2125 396 Apollonii
2153 323 2382 394 Dyscoli
2411 322 2623 395 scripta
2647 323 2881 381 minora.
2971 324 3056 390 89

622 500 722 574 63,
748 500 826 558 16
886 491 975 559 εἰε
1034 492 1115 557 τὰ
1169 491 1460 571 ὀνόματα
1519 490 2052 574 μεταλαμβάνειν]
2110 496 2331 573 puncta
2396 513 2577 573 supra
2641 510 2799 570 μετα
2859 496 3059 573 posita

440 589 725 663 indicant,
772 588 1130 665 scripturam
1184 589 1474 647 incertam
1519 602 1660 647 esse.
1752 585 2028 646 Profecto
2073 585 2321 646 verbum
2365 585 2738 647 desideratur
2781 587 2878 645 cui
2922 585 3057 646 sub-

440 682 597 740 iecta
650 681 742 739 est
793 679 960 737 notio
1015 670 1201 754 ‘parti
1256 676 1491 736 cuidam
1546 677 1835 736 orationis
1882 669 2231 736 attribuere'
2278 701 2364 724 =
2413 670 2682 750 μερίζειν
2743 668 2832 736 εἰ(
2891 695 3056 753 pron.

445 771 546 845 67,
569 770 625 828 6.
676 769 868 843 70,4;
914 785 1047 826 eam
1092 785 1211 826 non
1258 766 1503 826 induere
1550 761 2057 841 μεταλαμβάνειν
2096 767 2369 843 exposuit
2402 765 2683 825 Hoersch.
2724 765 3060 839 385—883

442 860 689 937 corrigit
749 857 938 936 igitur
998 851 1525 932 παραλαμβάνειν
1580 855 1677 915 vel
1737 848 2102 930 λαμβάνειν.
2201 854 2339 914 Non
2401 856 2646 915 memini
2865 855 3061 934 legere

444 943 790 1024 λαμβάνειν
838 941 928 1007 εἰε
973 942 1055 1006 τὰ
1100 940 1392 1020 ὀνόματα
1436 947 1586 1020 sim,
1632 943 1736 1005 sed
1781 939 2335 1020 παραλαμβάνειν,
2401 946 2470 1004 ut
2515 946 2662 1004 coni.
2707 874 2860 1020 12:³32,
2883 946 2921 1005 3
2972 939 3061 1006 εἰ(

443 1035 596 1101 τοὺς
660 1031 1044 1110 ευνδέεμουε
1085 1029 1718 1110 -παραλαμβάνεεθαι,
1798 1036 1954 1110 synt.
2003 1036 2107 1109 47,
2130 1036 2212 1094 28
2269 1031 2372 1095 καὶ
2427 1029 2583 1109 μέρη
2641 1030 2844 1106 λόγου
2900 1028 3063 1095 ὄντα

444 1123 857 1189 ἀνακόλουθα
894 1172 908 1185 .
947 1173 960 1185 .
1001 1172 1014 1185 .
1054 1120 1182 1185 ὑπὸ
1247 1121 1364 1199 τὴν
1431 1119 1632 1198 αὐτὴν
1698 1119 1877 1185 ἰδέαν
1942 1122 2059 1185 τοῦ
2119 1122 2420 1199 μεριεμοῦ
2475 1118 3060 1199 παραλαμβάνεται.

442 1219 521 1278 ib.
575 1218 721 1293 109,
744 1218 825 1275 14
894 1210 958 1275 αἱ
1022 1210 1287 1289 μετοχαὶ
1351 1209 1440 1274 εἰ(
1503 1208 1848 1289 ὀνομάτων
1905 1209 2197 1275 εύνταξιν
2255 1208 2888 1289 παραλαμβάνονται.
2973 1209 3062 1275 εἰ(

445 1304 735 1368 εύνταξιν
781 1300 1105 1378 πτωτικήν
1150 1303 1228 1363 ib.
1282 1303 1427 1378 125,
1452 1305 1562 1379 133
1625 1297 1713 1364 eie
1759 1298 2052 1364 εύνταξιν
2100 1297 2502 1377 ἀντωνυμία(
2547 1302 2624 1362 ib.
2678 1304 2822 1379 136,
2847 1304 2957 1378 143
3003 1306 3065 1362 et

446 1354 955 1471 καταλαμβάνειν
1015 1396 1171 1470 synt.
1221 1394 1324 1467 48,
1348 1393 1384 1451 6
1433 1389 1515 1453 τὰ
1577 1387 1760 1454 ἐκτό(
1824 1388 2132 1468 γινόμενα
2194 1391 2306 1467 τῆς
2372 1386 2533 1453 ἰδία(
2597 1387 2877 1465 ἐννοίας,
2943 1388 3062 1453 κᾶν

446 1476 777 1560 πάνυ*τῆε
821 1478 1089 1557 δεούεηε
1135 1477 1520 1545 ἀκολουθία(
1566 1477 1787 1558 ἔχηται
1834 1479 1998 1542 κατὰ
2043 1478 2275 1557 φωνήν
2314 1528 2328 1542 .
2369 1529 2383 1542 .
2421 1478 2540 1543 οὐκ
2582 1476 2671 1544 εἰ(
2706 1478 2823 1544 τὸν
2862 1477 3063 1544 αὐτὸν

447 1571 747 1651 μεριεμὸν
793 1569 1249 1647 καταλήψεται.

626 1666 832 1740 63,17
883 1657 1108 1741 μόνος]
1156 1682 1321 1739 pron.
1373 1663 1475 1737 56,
1499 1662 1553 1721 6.
1646 1658 1756 1722 AO
1803 1662 1834 1721 I
1874 1663 2099 1737 53‚19.

628 1756 835 1830 63,19
884 1753 957 1813 cf.
1005 1755 1159 1830 synt.
1211 1753 1436 1827 58,21.

628 1845 731 1919 63,
753 1845 838 1903 20
865 1838 1156 1904 Ἁλκυόνι
1194 1843 1558 1919 scripserunt
1583 1841 1726 1900 Ahr.
1758 1844 1819 1901 et
1853 1841 2097 1915 Lorenz,
2133 1840 2331 1901 Leben
2368 1841 2489 1901 und
2529 1841 2825 1902 Schriften
2864 1841 2965 1901 des
2993 1841 3063 1900 K.

450 1935 837 2012 Epicharmos
879 1934 1023 1992 220.
1093 1930 1178 1992 cf.
1208 1931 1511 2008 Aristoph.
1550 1930 1711 1991 Plut.
1747 1933 1847 1991 83.
1916 1930 2109 1991 Schol.
2139 1931 2311 1991 Dion.
2345 1933 2492 2006 372,
2514 1933 2615 1990 24.
2666 1933 2872 2006 534,4
2900 1930 3064 2010 Hssg.

630 2025 793 2099 64‚3
842 2022 913 2082 cf.
959 2040 1127 2099 pron.
1181 2023 1326 2097 7,9;
1373 2024 1521 2081 coni.
1574 2023 1720 2096 222,
1744 2023 1798 2080 9.
1864 2020 2046 2080 Prisc.
2086 2020 2204 2080 XII
2243 2022 2328 2081 30
2373 2041 2429 2098 p.
2472 2022 2679 2096 596,3
2728 2015 2871 2080 ‘non
2909 2022 3066 2080 enim

448 2114 528 2189 id,
576 2113 734 2191 quod
780 2131 889 2190 pro
937 2112 1140 2188 aliquo
1188 2112 1496 2189 accipitur,
1543 2110 1883 2171 omnimodo
1930 2113 2112 2171 etiam
2160 2130 2229 2171 ex
2276 2110 2482 2171 eadem
2528 2113 2722 2188 specie
2778 2110 3066 2187 accipien-

449 2204 591 2264 dum
638 2197 770 2263 est'.
866 2200 988 2261 ska
1032 2201 1095 2260 H
1137 2202 1234 2259 15.

631 2292 793 2368 64‚5
843 2291 915 2351 cf.
961 2310 1129 2369 pron.
1181 2292 1360 2365 7‚13.

632 2384 735 2456 64,
759 2384 793 2441 7
845 2374 1113 2458 εἴρηται]
1161 2399 1329 2458 pron.
1378 2381 1436 2456 8,
1459 2381 1572 2456 25;
1628 2398 1992 2457 quamquam
2037 2379 2123 2440 ibi
2167 2379 2321 2439 nihil
2365 2381 2674 2459 praecepit
2716 2382 2954 2457 praeter
2999 2398 3071 2439 ea

452 2492 602 2549 quae
651 2474 754 2546 64,
778 2473 861 2531 10
915 2470 1258 2548 prolaturus
1304 2472 1424 2546 est3
1485 2469 1556 2529 cf.
1604 2471 1759 2547 synt.
1810 2461 2086 2551 59,8*);
2145 2465 2255 2529 AO
2291 2469 2324 2528 I
2363 2470 2465 2545 53,
2488 2471 2600 2543 303
2662 2467 2866 2528 Choer.
2905 2469 3067 2548 Hilg.

449 2564 511 2622 Π
550 2563 842 2636 318,11;
913 2559 1095 2620 Prisc.
1143 2559 1261 2618 XII
1300 2563 1337 2620 9
1386 2581 1443 2638 p.
1486 2560 1745 2635 581‚19
1812 2553 1885 2619 ’ὁ
1952 2553 2147 2620 αὐτό(
2211 2559 2449 2635 quando
2512 2559 2745 2633 dicunt,
2815 2558 3069 2618 relativo

451 2654 729 2727 utuntur,
792 2669 912 2710 non
976 2649 1462 2710 demonstrativo.
1534 2668 1668 2708 cum
1729 2650 1919 2727 igitur
1973 2651 2035 2708 et
2094 2649 2380 2708 articulus
2434 2650 2785 2708 relationem
2830 2652 2892 2708 et
2934 2667 3069 2725 pro-

450 2760 665 2803 nomen
709 2742 1062 2802 relationem
1106 2738 1306 2814 habet,
1352 2738 1444 2800 bis
1491 2737 1741 2800 eundem
1787 2738 1864 2798 ad
1910 2738 2311 2818 cognitionem
2354 2738 2566 2800 referri
2610 2732 2972 2800 ostendunt'.

632 2834 735 2908 64,
758 2835 835 2891 11
889 2825 1009 2889 ‘Ad
1053 2829 1208 2889 hanc
1259 2828 1528 2889 fabulam
1574 2824 1957 2908 (Δαναίδεε)
2009 2829 2384 2890 referendum
2428 2828 2665 2889 videtur
2710 2824 3069 2890 Δαναώτα-

452 2916 588 2985 ‘roc'
635 2920 951 2982 GDindorf
988 2919 1152 2980 Poet.
1199 2938 1352 2980 scen.
1400 2911 1517 2998 gr.⁶
1563 2920 1708 2979 203.
1800 2919 1894 2978 Ex
1938 2920 1994 2978 h.
2042 2938 2163 2979 uno
2208 2919 2247 2977 1.
2294 2922 2439 2979 nota
2502 2921 2592 2979 est
2654 2918 2800 2978 haec
2861 2919 3069 2978 forma.

634 3013 736 3087 64,
760 3012 840 3071 13
889 3005 1177 3071 “Φιλῖνοε
1222 3011 1380 3070 enim
1428 3028 1561 3069 cum
1607 3010 1867 3087 primum
1915 3008 2160 3070 abiisset
2202 3011 2266 3069 in
2303 3004 2601 3081 Φιλᾶνοε,
2647 3027 2786 3068 mox
2821 3007 2974 3068 abiit
3008 3011 3072 3068 in

454 3098 737 3164 Φιλᾶνοε
780 3103 819 3159 i.
860 3119 907 3160 e.
955 3093 1443 3175 φιλάνθρωποε’
1489 3099 1528 3158 b
1573 3100 1637 3158 in
1683 3118 1807 3159 var.
1854 3100 1987 3159 lect.

630 3202 871 3268 Αὐτός
907 3223 1232 3281 pronomen
1277 3211 1389 3279 est‚·
1458 3224 1603 3266 nam
1673 3205 1741 3280 a)
1786 3208 2090 3266 nominum
2133 3206 2254 3267 loeo
2297 3209 2639 3281 usurpancr.
2732 3204 2794 3279 b)
2845 3205 3075 3265 Tertiae

444 3315 602 3373 pers.
656 3298 1014 3372 pronomina
1079 3298 1204 3357 eius
1264 3297 1453 3356 locum
1505 3300 1811 3371 occupant,
1878 3299 2164 3370 quatenus
2225 3297 2379 3355 idem
2431 3296 2626 3354 valent
2682 3298 2855 3369 atque
2906 3295 3071 3354 ahod.

456 3387 513 3462 c)
558 3387 818 3447 Nomina
882 3404 1013 3446 oum
1074 3387 1265 3446 verbis
1316 3388 1553 3460 primae
1614 3390 1719 3445 aut
1779 3387 2071 3446 secundae
2121 3403 2280 3460 pers.
2347 3387 2602 3445 construi
2657 3402 2778 3444 non
2825 3388 3077 3459 possunt

446 3481 686 3552 praeter
739 3476 887 3536 talia
939 3477 1118 3536 verba
1171 3477 1376 3550 quala’a
1427 3479 1565 3535 sunt
1618 3469 1790 3535 ‘dici'
1836 3476 1927 3535 vel
1973 3469 2175 3545 ‘esse',·
2240 3470 2470 3536 αὐτό(
2525 3492 2658 3534 vero
2704 3492 2837 3535 owm
2869 3477 3075 3548 prima

454 3568 822 3642 secundaque
874 3568 1134 3626 onmium
1182 3567 1488 3626 verborum
1533 3567 1917 3639 coniunqitur.
2008 3564 2075 3639 d)
2122 3564 2189 3624 Si
2236 3560 2567 3639 ἐμαυτοῦ
2604 3581 2931 3639 pronomen
2976 3568 3072 3632 est,

455 3659 715 3731 sequitur
757 3659 825 3716 ut
868 3658 1043 3716 etiam
1086 3650 1317 3716 αὐτό(
1351 3671 1676 3729 pronomen
1709 3656 1801 3722 eit,
1851 3672 1921 3715 ex
1954 3656 2174 3728 finibus
2211 3656 2364 3715 enim
2398 3672 2617 3724 vocum,
2665 3656 2761 3714 οιαὶ
2795 3656 3076 3714 orationis

446 3749 616 3822 porti
658 3746 999 3806 mouendae
1040 3746 1175 3814 sint,
1223 3745 1508 3820 eolliyitur
1556 3745 1657 3821 64,
1682 3745 1959 3804 15-24,

639 3854 742 3929 64,
765 3853 845 3912 15
887 3847 1166 3931 ἐδείχθη]
1205 3872 1370 3929 pron.
1405 3853 1506 3928 60,
1530 3853 1611 3912 23
1643 3871 1728 3929 sq.
1803 3850 1890 3910 Cf.
1921 3850 2102 3911 Prisc.
2132 3851 2250 3911 XII
2289 3854 2325 3910 6
2365 3872 2422 3929 p.
2457 3853 2602 3926 580,
2626 3853 2662 3910 9
2711 3844 2916 3910 ‘verba
2955 3854 3073 3928 pri·

455 3963 590 4003 mae
628 3943 690 4002 et
724 3941 1016 4002 secundae
1043 3960 1330 4019 personae
1369 3941 1652 4001 adiuncta
1687 3939 2136 4019 pronominibus
2172 3942 2594 4019 perfectionem
2622 3939 2878 3999 faciunt:
2915 3934 3075 4018 “ego

458 4025 736 4110 scripsi'',
783 4025 901 4091 “tu
946 4025 1267 4106 docuisti''‚
1314 4030 1651 4091 nominibus
1699 4033 1900 4090 autem
1946 4050 2095 4106 non,
2142 4033 2257 4090 nisi
2306 4033 2429 4091 sint
2472 4029 2654 4091 verba
2699 4029 3076 4090 substantiva

456 4123 553 4184 vel
607 4122 919 4197 vocativa,
982 4122 1053 4180 ut
1106 4114 1399 4198 “Trypho
1455 4114 1684 4196 dicor'',
1751 4114 2007 4180 “Cicero
2063 4114 2270 4194 sum'';
2334 4114 2558 4198 “ipse’'
2613 4139 2754 4179 vero
2801 4119 3074 4180 omnibus

458 4212 657 4274 verbis
713 4210 1060 4271 adiunctum
1113 4211 1536 4287 perfectionem
1591 4209 1798 4270 habet:
1863 4203 2040 4288 “ipse
2085 4204 2289 4286 dedi'’‚
2336 4204 2513 4287 “ipse
2558 4204 2841 4269 dedisti''.
2935 4229 3074 4288 ergo

456 4304 571 4362 hoc
603 4321 932 4379 pronomen
971 4295 1480 4374 ἐπιταγματικόν,
1525 4299 1638 4359 hoc
1676 4302 1766 4359 est
1792 4301 2202 4377 impositivum
2230 4299 2326 4359 vel
2355 4299 2814 4376 subiunctivum,
2859 4302 3077 4360 vocant

461 4391 688 4466 Graeci,
737 4390 894 4467 quod
941 4391 1038 4450 vel
1084 4389 1393 4468 subiungit
1436 4390 1532 4449 vel
1581 4388 1962 4467 subiungitur
2006 4390 2181 4449 alteri
2227 4383 2605 4466 pronomini’.

640 4482 741 4555 64,
767 4481 846 4539 16
899 4475 962 4540 αἱ
1010 4474 1195 4540 αὐταὶ
1242 4473 1404 4557 ἀντ.]
1452 4479 1489 4536 i.
1531 4499 1577 4538 e.
1626 4472 2032 4553 ἀναφορικαί.

461 4659 524 4718 Π
616 4570 1024 4718 564,21-22
1083 4564 1164 4628 τὰ
1218 4564 1368 4642 τέλη
1415 4599 1504 4610 -
1551 4562 1899 4646 ἐπικρατεῖ]
1953 4570 2106 4645 synt.
2158 4569 2351 4643 97,2;
2398 4567 2528 4627 adv.
2583 4568 2729 4644 132,
2761 4569 2860 4626 24.
2955 4567 3076 4626 Ska

572 4663 601 4717 1
659 4706 670 4717 .

640 4919 688 4989 ‘)
725 4920 869 4989 synt.
900 4924 987 4987 69,
1006 4922 1040 4972 8
1079 4917 1380 4974 articulum
1417 4916 1718 4972 delendum
1755 4933 1877 4971 esse
1914 4919 2329 4986 εὐπαράδεκτον
2366 4920 2427 4972 δὲ
2456 4919 2535 4987 [ὁ]
2564 4918 2912 4984 Πτολεμαῖος
2940 4921 3075 4984 κτλ.,

467 4989 652 5045 elucet
685 5006 753 5046 ex
789 4990 869 5046 eis
907 5006 1053 5060 quae
1090 4990 1507 5060 subsequuntur
1542 4992 1648 5059 οὐχ
1683 4991 1867 5045 οὕτως
1905 4991 2178 5045 ἀπαιτοῠν
2213 4991 2282 5044 τὸ
2320 4991 2547 5058 ἄρθρον.
