3738 5530
1404 357 1922 411 PsssssonAmvm
1957 359 2245 414 DvALls.
3034 359 3113 423 87

446 577 495 629 Β
532 601 614 611 --
659 565 825 643 πρὸς
870 562 969 628 οἷς
1013 563 1110 625 καὶ
1157 563 1364 640 βίαιον
1409 562 1925 640 ὁλοκληρότερον
1966 565 2043 627 τὸ
2089 564 2372 629 Ἀττικὸν
2418 544 2771 643 ἐκδέχεςθᾳι
2817 568 2927 641 τῆς
2956 563 3116 629 πάν-

528 687 662 731 των
724 665 1024 743 χρήςεως.
1096 665 1173 708 ⁶-—
1242 663 1383 727 ἀλλ’
1450 663 1506 729 εἰ
1572 665 1893 742 διαίρεςις,
1961 664 2108 730 ἑνὸς
2173 664 2367 729 ὄντος
2433 669 2549 730 τοῦ
2616 670 2698 730 ὤ·
2767 666 2867 729 καὶ
2919 670 3114 734 τοῦτο

530 766 903 831 ἀςύςτατον.
1011 765 1139 844 πρὸ
1205 766 1328 844 γὰρ
1394 768 1510 830 τοῦ
1578 770 1631 829 ὦ
1695 766 1775 829 τὰ
1839 771 2128 843 τοιαῦτα,
2197 768 2298 831 καὶ
2364 767 2680 832 οὐδέποτε
2747 766 2850 831 διὰ
2899 771 3017 831 τοῦ
3072 770 3111 839 i,

530 869 942 951 νυμφέων,
996 868 1379 948 μουςέων,
1435 864 1712 944 ὀρέων.
1764 903 1839 913 --
1900 868 2071 932 «ἀλλ’
2129 868 2279 933 ἴςως
2335 869 2405 933 ἑν
2459 876 2533 951 τῇ
2588 869 2747 932 κατὰ
2800 868 3114 933 διάςταςιν

532 970 825 1048 διαιρέςει
882 969 1077 1049 ἐςτίν,
1137 969 1226 1031 ὡς
1282 969 1588 1053 κόῖλον,
1654 967 1864 1033 πάϊς·
1924 969 2023 1032 καὶ
2077 969 2364 1045 εὐλόγως
2422 970 3113 1049 προπεριςπαςθήςεται
3151 981 3182 1029 5

529 1072 604 1136 τὸ
657 1074 777 1135 νῶι
836 1071 940 1134 διὰ
994 1073 1109 1148 τὴν
1166 1074 1275 1152 τῆς
1322 1069 1615 1149 βραχείας
1662 1071 2034 1150 ἐπιφοράν».
2132 1071 2300 1135 ἀλλὰ
2343 1073 2514 1135 πολὺ
2559 1071 2878 1150 πρότερον
2924 1072 3114 1148 δοθή-

454 1185 498 1240 C
538 1192 704 1238 ςεται
748 1173 853 1236 διὰ
897 1176 1013 1235 τοῦ
1056 1174 1079 1235 ἶ
1121 1171 1319 1236 αὐτὰς
1361 1172 1744 1254 γράφεςθαι,
1801 1170 1963 1250 ὅπερ
2022 1170 2142 1250 οὐχ
2187 1172 2434 1251 εὑρέθη.
2524 1172 3003 1252 τεκμηριοῦνταί
3045 1193 3114 1237 τε

530 1274 600 1337 ἑκ
643 1277 760 1339 τοῦ
806 1275 1231 1353 Βοιωτιακοῡ,
1278 1273 1416 1338 ἐπεὶ
1462 1273 1773 1338 οὐδέποτε
1819 1276 1995 1351 παρὰ
2038 1273 2257 1338 αὐτοῖς
2302 1274 2404 1338 νοί
2450 1275 2552 1338 διὰ
2595 1279 2710 1338 τοῦ
2741 1278 2822 1337 δῖ.
2874 1308 2949 1319 .-
2997 1272 3115 1337 οὐκ

529 1375 672 1440 ἐπεὶ
729 1376 801 1440 δὲ
855 1376 1015 1453 παρ’
1060 1376 1363 1439 Ἀττικοῖς
1410 1374 1534 1440 ἔςτι
1579 1376 1888 1453 νωίτερος
1934 1376 2034 1438 καὶ
2078 1375 2467 1458 ςφωίτερος,
2528 1374 2765 1439 εὐθέως
2810 1373 2911 1440 καὶ
2954 1374 3112 1438 κατὰ

528 1478 645 1554 τὴν
691 1476 942 1541 εὐθεῖαν
986 1477 1062 1541 τὸ
1106 1478 1129 1540 ἰ
1171 1478 1753 1557 προςγεγράψεται·
1798 1475 1930 1540 ἀπὸ
1974 1476 2099 1554 γὰρ
2141 1483 2411 1552 γενικῶν
2451 1476 2512 1539 αἱ
2541 1477 2835 1558 κτητικαί,
2879 1475 3114 1541 αἵτινες
3149 1491 3214 1537 10

529 1579 645 1643 ςὺν
690 1583 781 1661 τῷ
826 1581 849 1642 ῑ
890 1578 1270 1657 γράφονται.

698 1680 894 1743 «Ἀλλ’
939 1680 1006 1743 ἐκ
1050 1686 1181 1745 τῶν
1226 1679 1539 1745 ἐναντίων
1584 1679 1716 1745 ἀπὸ
1762 1684 1872 1759 τῆς
1919 1685 2038 1745 νῶι
2081 1681 2156 1745 τὸ
2203 1680 2527 1745 Ἀττικόν.»
2587 1716 2662 1727 -
2723 1678 2788 1743 Εἰ
2831 1680 2945 1756 μὲν
2991 1679 3112 1742 οὖν

522 1781 686 1846 κατὰ
750 1783 866 1860 τὴν
935 1780 1298 1859 πρόςληψιν
1363 1784 1483 1845 τοῦ
1546 1784 1599 1866 ῐ,
1666 1783 1823 1847 καθὸ
1890 1784 2211 1866 Καδμῇδες
2277 1782 2377 1846 καὶ
2438 1782 2755 1865 Νηρῇδες,
2823 1781 3016 1845 πάλιν
3072 1782 3109 1859 ἡ

298 1895 489 1947 -112A
527 1884 746 1963 γραφὴ
790 1883 866 1947 τὸ
910 1886 933 1947 ῑ
975 1882 1126 1957 ἕξει,
1174 1882 1212 1948 ὅ
1256 1903 1323 1947 τε
1368 1882 1562 1947 τόνος
1607 1884 2198 1962 περιςπαςθήςεται,
2248 1883 2517 1948 οὐδενὸς
2549 1882 2859 1961 ἐμποδίου
2889 1880 3110 1946 ὄντος·

521 1984 578 2049 εἰ
623 1986 692 2049 δὲ
737 1984 1059 2062 ἀπεκόπη,
1118 1984 1193 2046 τὸ
1241 1986 1354 2061 μὲν
1398 1987 1419 2048 i
1465 1984 1586 2064 οὐχ
1632 1985 1789 2066 ἕξει,
1844 1985 1962 2049 τὸν
2009 1987 2079 2049 δὲ
2123 1984 2320 2050 τόνον
2365 1984 2762 2063 περιςπάςει,
2808 1986 2963 2049 καθὸ
3011 1985 3112 2049 καὶ
3155 1999 3211 2046 15

525 2085 660 2150 ἀπὸ
704 2090 820 2150 τοῦ
867 2091 1048 2163 δῶμα
1092 2089 1185 2149 δῶ
1232 2087 1331 2148 καὶ
1375 2085 1506 2150 ἀπὸ
1550 2090 1668 2149 τοῦ
1711 2085 1874 2163 ἧλος
1917 2085 2013 2162 ἧλ.

692 2187 838 2251 Ἀπ’
878 2186 1226 2264 οὐδετέρας
1271 2185 1389 2251 οὖν
1435 2190 1551 2251 τοῦ
1598 2185 1799 2262 λόγου
1842 2188 2332 2266 καθιςταμένου,
2378 2188 2708 2266 θεματικὰς
2740 2186 3110 2267 ἀμφοτέρας

520 2286 961 2367 εἰςηγήςαντο,
1027 2288 1159 2364 εἴγε
1217 2289 1254 2367 ἡ
1310 2290 1521 2367 χρῆςις
1579 2290 1753 2366 παρὰ
1808 2293 1904 2371 τῷ
1961 2288 2364 2371 ἀρχαιοτάτῳ
2419 2296 2652 2372 ποιητῇ
2716 2287 3108 2369 ἀμφοτέρων

520 2391 677 2455 ἐςτί·
724 2391 824 2454 καὶ
867 2390 1041 2468 παρὰ
1085 2391 1199 2469 μὲν
1244 2392 1382 2453 τοῖς
1426 2388 1737 2467 μετοίκοις
1779 2391 1944 2454 Ἴωςι
1986 2392 2102 2468 τὴν
2149 2391 2526 2470 διςύλλαβον
2572 2390 2889 2470 ἐμμεῖναι,
2934 2390 3110 2468 παρὰ

522 2494 597 2555 δὲ
642 2494 779 2555 τοῖς
824 2491 1261 2569 καταμείναςιν
1306 2491 1611 2556 Ἀττικοῖς
1652 2494 1768 2571 τὴν
1813 2489 2322 2570 μονοςύλλαβον.
2381 2528 2460 2536 -—
2519 2491 2584 2554 Εἰ
2628 2493 2698 2554 δὲ
2743 2491 2898 2555 δέον
2944 2490 3107 2555 ἐςτίν
3146 2507 3210 2553 -20

450 2603 495 2656 B
534 2593 668 2656 ἀπὸ
712 2595 823 2670 τῆς
869 2595 1083 2670 κοινῆς
1126 2594 1239 2670 τὴν
1285 2592 1564 2669 Ἀττικὴν
1610 2592 2028 2667 καθίςταςθαι,
2085 2594 2243 2656 καθὸ
2288 2593 2388 2655 καὶ
2430 2593 2578 2673 <αἱ>
2624 2592 2807 2655 ἄλλαι
2852 2591 3108 2670 ἔχονται

522 2693 824 2774 ἀφορμῆς
888 2699 1018 2759 τῶν
1084 2699 1351 2768 κοινῶν,
1421 2693 1684 2758 λεκτέον
1753 2693 1853 2768 ὡς,
1909 2694 1946 2772 ἡ
2011 2694 2104 2757 νώ
2160 2694 2259 2757 καὶ
2316 2695 2455 2774 ςφώ
2513 2694 2933 2757 ἀποκοπεῖςαι
2990 2692 3110 2756 οὐκ

521 2795 738 2874 ἀήθως
780 2799 919 2862 τοῖς
950 2797 1253 2860 Ἀττικοῖς
1285 2796 1669 2876 (Ποςειδῶ
1715 2796 1837 2874 γάρ
1886 2816 2037 2877 φαςι
2081 2796 2184 2860 καὶ
2214 2797 2315 2873 μὰ
2356 2797 2495 2860 τὸν
2541 2796 2893 2859 Ἀπόλλω
2936 2815 3108 2858 του-

520 2898 722 2978 τονί)
772 2897 981 2963 οὐκέτι
1029 2897 1603 2978 περιεςπάςθηςαν,
1659 2898 1995 2976 κατάληξιν
2049 2897 2270 2976 δυϊκὴν
2325 2897 2805 2976 ἀναδεξάμεναι.
2894 2896 3108 2961 ἄλλως

519 3018 590 3063 τε
631 3000 711 3063 τὰ
755 2998 840 3063 εἰς
884 3003 937 3063 ὦ
979 2999 1260 3076 λήγοντα
1291 2998 1596 3074 πτυιτικά,
1644 2999 1904 3062 κλίςεως
1932 2997 2368 3079 τυγχάνοντα,
2402 2998 2642 3062 οὔποτε
2673 3000 3105 3077 περιςπαςμὸν
3145 3007 3209 3056 25

520 3099 882 3164 ἀνεδέξατο.
981 3099 1193 3182 τούτῳ
1248 3101 1373 3178 γὰρ
1427 3106 1517 3183 τῷ
1578 3099 1752 3182 λόγῳ
1809 3101 1915 3164 καὶ
1965 3100 2002 3178 ἡ
2048 3102 2177 3165 νεώ
2231 3101 2445 3176 γενικὴ
2493 3099 2892 3178 ὠξυτονήθη,
2952 3101 3108 3186 μετὰ

439 3213 481 3270 C
519 3201 621 3265 καὶ
665 3199 882 3266 ἄλλων
927 3201 1144 3276 λόγων
1189 3204 1299 3278 τῆς
1344 3206 1596 3280 γενικῆς
1639 3202 1755 3265 τὸν
1801 3203 2232 3280 περιςπαςμὸν
2279 3200 2696 3278 ἀπαιτούςης·
2746 3202 2848 3264 καὶ
2891 3202 2965 3265 τὸ

773 3302 959 3380 Λητὼ
1001 3303 1124 3381 γὰρ
1167 3303 1393 3380 ἥλκηςε
1438 3302 1502 3383 (λ
1545 3301 1699 3384 580)

520 3387 626 3453 καὶ
666 3388 743 3452 τὸ
1032 3393 1045 3406 “

774 3471 972 3535 Πυθὼ
1018 3471 1076 3535 δ’
1118 3471 1471 3551 ἐρχομένην
1521 3473 1584 3551 (λ
1627 3469 1781 3556 581)
1836 3473 1840 3478 ’
3139 3481 3205 3528 3ο

524 3594 611 3601 ⁷—

658 3657 874 3710 Anovu.
946 3661 981 3713 2
1011 3659 1057 3724 a)
1095 3654 1215 3709 Neo
1251 3671 1320 3709 ea
1353 3654 1622 3709 diaeresis
1656 3656 1825 3710 statui
1866 3658 2080 3725 potest,
2118 3672 2231 3725 qua
2266 3672 2334 3710 ex
2370 3672 2482 3710 una
2515 3655 2699 3711 vocali
2736 3655 2879 3708 finni:
2913 3655 3106 3722 binae3

523 3758 627 3796 neo
664 3757 756 3806 ea,
796 3757 911 3809 qua
945 3739 1281 3812 diphthongi
1316 3739 1373 3793 in
1411 3755 1511 3794 sua.
1545 3738 1929 3794 dissolvuntur
1965 3739 2263 3795 elementa.
2300 3771 2365 3780 —-
2406 3748 2465 3793 12
2504 3739 2702 3809 Neque
2739 3756 2874 3795 vero
2912 3756 2978 3794 ex
3004 3746 3108 3794 νῶι

523 3830 671 3892 ςφῶι
706 3825 899 3879 formis
934 3826 1140 3879 atticae
1166 3827 1323 3879 ortae
1349 3825 1740 3899 essepossunt.
1803 3824 1945 3878 Nam
1975 3826 2076 3878 aut
2096 3827 2146 3891 ῐ,
2182 3824 2229 3878 si
2264 3827 2609 3891 servaretur,
2645 3824 3106 3880 subscribendum

524 3911 693 3970 esset.
740 3925 849 3963 nee
880 3909 1066 3978 gravis
1102 3908 1502 3979 imponendum
1551 3910 1653 3963 anfi
1685 3909 1733 3963 si
1767 3911 1790 3963 ἰ
1823 3908 2297 3978 supprimeretur,
2341 3912 2530 3965 tamen
2569 3908 2960 3963 circumflexus
2994 3925 3106 3963 non

524 3996 853 4048 mutaretur.
890 4023 958 4034 -
998 3998 1058 4047 18
1096 3992 1239 4047 Sunt.
1271 3993 1447 4063 igibur
1482 3993 1582 4062 qui
1615 3993 1887 4062 utraeque
1925 3993 2133 4047 formas
2167 3994 2463 4063 primariae
2500 4010 2618 4047 esse
2655 3995 2921 4048 statuant.
2993 3993 3105 4048 Sed

522 4095 797 4147 ponamus
830 4077 1246 4146 monosyllabas
1283 4094 1352 4131 ex
1387 4077 1641 4147 longiore
1676 4078 1858 4132 forma.
1893 4077 2072 4132 factas
2109 4093 2255 4132 esee:
2301 4096 2399 4132 our
2435 4079 2761 4143 formarum,
2799 4094 2867 4131 ex
2902 4077 3106 4146 quibus

524 4165 682 4217 ortae
718 4164 873 4229 sunt,
911 4164 1205 4217 accentum
1238 4178 1350 4217 non
1386 4163 1755 4227 servaverint,
1795 4162 1937 4217 haec
1972 4178 2144 4217 causa
2176 4164 2288 4231 est,
2324 4162 2476 4232 quod
2500 4161 2815 4232 analogiam
2840 4161 3022 4216 dualis
3048 4164 3108 4217 et

525 4246 752 4303 omnino
787 4246 1087 4301 atticarum
1121 4246 1179 4300 in
1215 4253 1265 4300 ’ὦ
1300 4262 1500 4301 vocum
1536 4247 1865 4315 sequuntur.

658 4416 844 4471 Dmcn.
879 4434 1078 4470 ecum.
1140 4422 1191 4469 2.
1226 4417 1352 4470 ἀλλ’
1386 4417 1433 4472 εἰ
1468 4417 1533 4482 b,
1569 4420 1676 4473 αλλ
1712 4436 1746 4485 η
1786 4421 1827 4473 Α
1861 4419 1869 4485 Ι
1901 4424 1949 4473 6.
1991 4435 2025 4471 τ
2061 4418 2211 4472 vocis
2245 4435 2315 4471 το
2352 4433 2421 4470 ex
2456 4416 2673 4472 efacta
2705 4417 2762 4469 in
2799 4420 2842 4471 Α
2874 4420 2886 4483 Ι
2915 4422 3024 4472 νῶϊ
3048 4417 3101 4484 b,

524 4489 609 4555 ῧῖἰῖ
643 4505 686 4556 Α
741 4503 751 4569 Ι
803 4508 852 4556 8.
890 4517 1043 4568 παρα
1079 4503 1153 4567 Α,
1190 4504 1333 4568 παρ’
1368 4501 1405 4555 b
1458 4503 1469 4570 Ι
1520 4503 1609 4557 vo(
1644 4504 1732 4556 διὰ
1768 4508 1874 4557 τοῦ
1909 4504 1984 4570 ςΤι]
2025 4501 2329 4568 *Εοτίῑειεεο,
2366 4503 2434 4556 νύ
2469 4503 2559 4556 διὰ
2591 4505 2697 4555 τοῦ
2731 4507 2799 4555 ῦ’
2827 4502 2863 4554 b
2897 4501 2956 4554 in
2981 4517 3101 4555 var.

526 4585 945 4640 leohABoeokh
974 4589 983 4651 Ι
1014 4591 1062 4641 9.
1089 4601 1234 4640 εςτιν
1259 4587 1300 4639 Α
1334 4587 1343 4653 Ι
1382 4592 1454 4641 10.
1483 4604 1591 4654 την
1617 4592 1839 4643 ευθειαν
1865 4589 1937 4656 Α,
1966 4589 2189 4643 εὐθεῖαν
2212 4586 2250 4640 b
2281 4589 2291 4652 Ι
2324 4592 2402 4640 13.
2429 4587 2703 4654 καδμηδες
2730 4602 2821 4640 και
2846 4588 3104 4654 νηρηιδες

527 4672 570 4725 Α
601 4672 611 4738 Ι
643 4676 723 4725 19.
762 4686 909 4725 εςτιν
938 4671 948 4737 Ι
979 4685 1136 4725 ιωςιν
1172 4699 1235 4708 -
1273 4673 1316 4725 Α
1350 4671 1358 4738 Ι
1388 4676 1469 4725 21.
1507 4673 1597 4725 καὶ
1628 4673 1686 4726 αἱ
1722 4671 1757 4724 b
1778 4713 1793 4738 ‚
1830 4688 1920 4726 και
1957 4674 2000 4727 Α
2033 4677 2042 4738 1
2072 4677 2152 4726 25.
2192 4686 2419 4725 ουπωτε
2457 4672 2500 4724 Α
2531 4674 2541 4737 Ι
2570 4675 2652 4727 26.
2675 4687 2884 4725 τωυτω
2922 4671 2964 4726 Α
3002 4686 3104 4738 pro

527 4753 719 4823 τούτῳ
784 4754 793 4821 Ι
856 4760 940 4811 28.
980 4757 1220 4823 ηλκηςεν
1256 4756 1298 4808 Α
1358 4756 1369 4823 Ι
1415 4762 1496 4811 30.
1533 4757 1711 4812 Πυθὼ
1747 4758 1798 4809 δ’
1830 4755 2215 4823 RSohneider,
2252 4755 2484 4811 Πυθώδ’
2514 4756 2554 4808 b
2590 4754 2865 4810 Homerus
2900 4755 3053 4827 vulg.
3097 4758 3102 4823 Ι

531 4839 839 4907 ἐρχομένην
871 4837 1145 4894 Homerus
1177 4839 1241 4906 b,
1282 4855 1555 4908 ερχομενη
1591 4842 1634 4895 Α
