3738 5530
711 313 796 379 58
885 313 1326 370 Commentarius
1357 316 1582 371 criticus
1612 318 1670 371 et
1697 316 2017 386 exegeticus
2044 317 2105 371 in
2134 317 2419 388 Apollonii
2447 317 2675 386 Dyscoli
2703 318 2913 388 scripta
2940 319 3172 373 minora

710 484 955 544 dianum
1001 503 1134 544 cum
1179 488 1349 562 pain-e
1397 487 1726 546 consentire
1763 505 1833 546 ex
1869 486 2162 547 catholica
2199 489 2450 564 apparet
2484 487 2515 546 Ι
2553 489 2701 563 478,
2724 490 2833 564 273
2879 488 3098 549 falsum
3133 491 3321 567 igitur

711 591 836 634 esse
890 574 1050 651 quod
1106 595 1142 634 a
1196 575 1374 635 schol.
1423 575 1479 634 A
1534 575 1610 634 ad
1657 570 1710 635 Ω
1752 576 1880 635 657
1936 576 2279 636 Herodiano
2334 579 2703 655 impingatur
2756 596 2942 655 eaque
2995 598 3060 638 re
3113 580 3178 638 in
3232 598 3318 638 er-

710 683 905 723 rorem
947 664 1256 724 inductum
1303 682 1427 725 esse
1471 663 1832 725 Lobeckium
1881 665 1957 724 ad
2002 665 2097 725 Αἰ.
2101 658 2127 696 ⁸
2170 685 2227 742 p
2269 667 2396 726 333
2443 669 2601 727 recte
2646 670 2849 727 monet
2892 666 3076 727 Lentz
3113 668 3152 727 l.
3191 686 3236 728 s.
3275 687 3316 728 s.

710 785 798 794 —
847 752 931 814 Cf.
980 753 1161 814 Prisc.
1207 753 1383 813 XVII
1423 756 1549 814 142
1595 775 1652 831 p.
1696 756 2017 815 178—79.
2113 753 2483 816 GFSchoem.
2530 755 2672 816 Red.
2716 757 2860 816 115.

888 843 990 920 31,
1014 844 1093 903 15
1161 837 1438 920 ἄςτεφος
1494 838 1872 904 ‘vocabulum
1925 864 2045 904 non
2100 863 2403 922 graecum:
2467 845 2655 906 scribe
2711 840 2964 922 ἄξιφος,
3026 846 3183 923 quod
3231 850 3321 908 est

709 933 782 993 de
836 935 990 1009 synt.
1042 928 1318 1009 187,10’
1382 932 1505 993 ska
1550 934 1581 993 Ι
1621 936 1730 1009 11;
1794 935 1866 994 cf.
1924 934 2143 994 Theod.
2191 934 2353 1013 Hilg.
2401 934 2433 993 I
2474 936 2628 1011 166,
2660 937 2761 995 25.
2813 937 3099 1012 189,11;
3163 937 3319 1013 quod

709 1022 1022 1102 vulgatum
1067 1026 1159 1083 est
1203 1042 1321 1083 non
1366 1026 1564 1083 mutat
1608 1022 1750 1084 Lob.
1797 1023 2017 1084 Parall.
2060 1026 2203 1084 244.

889 1113 1096 1187 31,19
1146 1113 1216 1171 cf.
1265 1115 1420 1189 synt.
1473 1114 1740 1189 187,17.

885 1203 988 1277 31,
1011 1204 1096 1261 20
1142 1196 1469 1263 άντέκειτο
1514 1198 1682 1281 (ἂν)
1726 1203 1939 1264 Matth.
1978 1203 2010 1262 I
2050 1205 2149 1263 73.
2242 1202 2313 1260 V.
2361 1206 2672 1264 comment.
2716 1203 2789 1264 de
2824 1204 2938 1281 Ap.
2978 1205 3317 1267 consuetud.

885 1292 988 1366 31,
1009 1294 1093 1352 20
1141 1291 1264 1351 ska.
1308 1292 1339 1351 Ι
1380 1294 1456 1351 11
1508 1286 1742 1352 ‘Nonne
1784 1289 1914 1353 ἔδει
1950 1313 2060 1370 pro
2097 1289 2267 1354 θέλει
2304 1292 2720 1353 scribendum?
2764 1296 2904 1354 sunt
2940 1295 3098 1354 enim
3133 1296 3319 1354 trium

704 1400 1000 1461 generum.
1096 1379 1215 1440 Gur
1277 1401 1396 1442 non
1460 1381 1582 1442 sint
1645 1385 1998 1457 communia,
2062 1382 2135 1441 de
2190 1385 2346 1459 synt.
2407 1384 2554 1457 187,
2572 1385 2655 1444 20
2710 1383 2981 1459 docetur,
3043 1383 3149 1443 ubi
3203 1383 3317 1461 Ap.

705 1472 1105 1548 patrocinium
1169 1472 1398 1532 alienae
1463 1474 1790 1532 sententiae
1845 1466 2141 1549 suscepit'.
2207 1504 2296 1514 —
2360 1472 2451 1531 De
2510 1468 2726 1534 κοινός
2771 1475 2934 1533 vocis
2977 1473 3319 1534 notionibus
3378 1513 3383 1520 -

705 1562 776 1621 cf.
826 1560 958 1619 adn.
1008 1561 1084 1620 ad
1135 1563 1236 1637 ιι,
1259 1562 1356 1620 29.

886 1651 989 1727 32,
1013 1653 1046 1710 1
1083 1650 1555 1711 ·Wschsmuthii
1615 1652 2087 1712 emendationem
2150 1671 2270 1711 non
2334 1652 2724 1712 necessariam
2788 1655 2987 1713 censet
3049 1652 3327 1730 Egenolff

705 1740 736 1799 Ι
775 1741 923 1815 839,
968 1742 1162 1801 causis
1206 1760 1326 1800 non
1371 1741 1587 1801 allatis.

888 1831 989 1905 32,
1012 1832 1050 1889 2
1098 1826 1174 1890 τὸ
1221 1829 1425 1904 ςχῆμα
1472 1834 1562 1890 est
1605 1830 1797 1891 forms
1842 1830 2006 1891 vocis
2053 1833 2346 1907 quatenus
2394 1833 2500 1890 aut
2543 1830 2794 1907 simplex
2841 1834 2947 1890 aut
2992 1833 3321 1909 composita

708 1923 824 1995 est3
870 1939 923 1979 v.
967 1920 1158 1993 32‚6;
1202 1919 1322 1979 ind.

889 2010 992 2084 32,
1012 2010 1052 2067 4
1099 2005 1411 2071 δεικτικόν
1458 2008 1812 2070 servandum
1858 2012 1967 2084 est,
2012 2011 2083 2069 ut
2127 2009 2390 2070 servavit
2424 2010 2551 2087 ipse
2576 2009 2616 2068 b
2644 2028 2810 2086 pron.
2844 2011 2946 2084 28,
2968 2012 3023 2070 6.
3102 2008 3323 2070 Contra

706 2098 839 2157 adv.
892 2099 1038 2172 131,
1061 2100 1099 2158 8
1146 2098 1477 2159 infinitivus
1522 2095 1599 2158 τὸ
1645 2094 1921 2174 γράφειν
1969 2098 2190 2159 dicitur
2234 2095 2312 2161 οὐ
2359 2095 2713 2175 προςώπου
2758 2095 3064 2160 δεκτικόν.

886 2188 989 2263 32,
1011 2188 1047 2247 5
1097 2183 1177 2248 τὰ
1222 2185 1372 2262 τέλη
1419 2187 1551 2248 τῶν
1595 2183 1934 2263 ςχημάτων
1972 2183 2321 2268 ἐπικρατεῖ]
2361 2189 2430 2249 cf.
2469 2208 2636 2265 pron.
2678 2190 2780 2263 30,
2804 2191 2841 2247 2
2890 2184 2970 2248 τὰ
3006 2184 3130 2264 γὰρ
3168 2184 3319 2262 τέλη

705 2276 837 2338 τῶν
885 2274 1123 2340 λέξεων
1172 2273 1494 2352 ἐπικρατεῖ
1539 2273 1700 2338 κατὰ
1737 2273 1850 2337 τὰς
1889 2273 2218 2339 ςυνθέςεις.
2294 2281 2447 2355 synt
2492 2280 2594 2353 97,
2615 2279 2653 2338 3
2692 2273 2775 2338 τὰ
2809 2274 2960 2352 τέλη
2999 2274 3323 2353 ἐπικρατεῖ

706 2365 838 2426 τῶν
887 2366 1098 2442 μερῶν
1146 2366 1264 2428 τοῦ
1311 2363 1530 2439 λόγου.
1606 2367 1684 2426 ib.
1737 2368 1883 2442 188,
1906 2369 1941 2426 7
1993 2363 2065 2428 ἐν
2111 2367 2249 2428 ταῖς
2296 2364 2608 2429 ςυνθέςεςι
2654 2362 2736 2427 τὰ
2780 2362 2931 2441 τέλη
2980 2363 3319 2443 ἐπικρατεῖ.

886 2457 1046 2530 32,7
1095 2453 1135 2531 ἢ
1185 2453 1347 2530 μόνη
1393 2452 1433 2530 ἡ
1483 2452 1704 2536 αὐτός]
1754 2457 1824 2516 cf.
1873 2476 2040 2533 pron.
2092 2458 2271 2532 56,9.

886 2548 988 2620 32,
1014 2549 1049 2606 7
1099 2543 1485 2620 πληθυντικὴ
1532 2544 1605 2607 δὲ
1651 2543 1920 2622 οὐδεμία
1966 2542 2275 2625 καθόλου]
2323 2547 2394 2606 cf.
2444 2548 2597 2623 synt.
2651 2547 2798 2620 188,
2821 2549 2873 2605 1.

889 2635 1014 2696 Gur
1047 2638 1406 2711 pronomina
1444 2629 1606 2718 (cum
1632 2627 2001 2718 nominibus)
2038 2653 2157 2696 non
2194 2639 2629 2710 componantur,
2654 2637 2830 2710 plene
2864 2637 2931 2694 in
2967 2635 3113 2695 libro
3149 2630 3322 2708 περὶ

704 2721 1091 2788 ςυνθέτων
1139 2730 1480 2801 epponem-,-
1525 2744 1684 2787 mmo
1721 2727 1967 2787 breviter
2003 2726 2466 2787 adumbrabiom.
2558 2725 2625 2801 a)
2662 2724 2922 2785 Nomina
2956 2725 3325 2784 monstrandi

703 2819 824 2876 vim
865 2834 985 2875 non
1027 2816 1269 2886 habent,
1313 2817 1524 2876 habent
1557 2819 1933 2890 pronomina,
1981 2834 2131 2891 quae
2176 2819 2349 2876 etiam
2393 2817 2667 2889 definitas
2702 2832 3010 2889 personas,
3056 2817 3177 2874 sive
3221 2814 3323 2873 ab-

706 2906 927 2966 solutas
954 2908 1076 2965 sive
1104 2907 1414 2980 oppositas,
1460 2907 1737 2966 indicant.
1831 2904 2015 2980 Atqui
2041 2906 2326 2966 vocabula
2352 2907 2667 2979 composita
2689 2906 3003 2979 propriam
3037 2906 3324 2963 notionem

705 2987 809 3076 (sc.
860 3014 1062 3054 earum
1107 3014 1319 3055 vocum
1362 3014 1515 3073 quae
1553 2996 1979 3071 compositione
2016 2995 2366 3055 coniunctae
2403 2986 2571 3073 sunt)
2617 2998 2869 3062 servant,
2904 2997 3324 3067 praeterquam

705 3086 823 3154 ubi,
869 3087 1111 3143 nomina
1146 3087 1401 3159 propria
1444 3087 1624 3158 facta,
1669 3086 1976 3159 symbolice
2012 3085 2390 3154 adhib-<mcum
2435 3102 2568 3158 eryo
2601 3084 2959 3158 pronomina
2997 3086 3049 3141 et
3082 3084 3325 3142 nomina

706 3176 969 3248 componi
1011 3191 1151 3233 non-
1163 3179 1418 3248 possum
1453 3176 1558 3249 32,
1578 3176 1811 3234 9-15.
1907 3174 1968 3249 b)
2013 3175 2134 3233 Pro
2178 3175 2473 3234 vocabulis
2507 3174 2628 3233 illis
2670 3165 2761 3254 (in
2800 3163 3065 3254 -δαπός)
3101 3174 3324 3231 utimar

709 3254 1063 3344 (interdum)
1110 3265 1467 3332 nominibus,
1525 3265 1680 3323 velut
1730 3267 1796 3323 in
1849 3281 1898 3324 π
1916 3258 2352 3324 αντοδαπός
2406 3265 2563 3322 vocis
2608 3263 2793 3322 locum
2838 3263 3179 3321 substituere
3212 3278 3321 3334 po·

710 3355 851 3412 ter-is
912 3352 1307 3424 παντοῖος,
1373 3355 1541 3413 cuius
1605 3370 1675 3413 ea
1738 3357 1822 3413 est
1882 3355 2231 3428 siymfftcatio
2283 3355 2350 3411 in
2403 3369 2523 3427 qua
2575 3347 2862 3412 δάπεδον
2924 3352 3015 3410 vel
3078 3345 3324 3425 ἔδαφος

707 3459 1000 3516 nusquam
1053 3447 1373 3517 appareat;
1429 3443 1622 3503 inesse
1667 3442 1854 3522 igitur
1899 3437 2188 3503 δάπεδον
2232 3442 2329 3502 vel
2377 3436 2623 3517 ἔδαφος
2668 3441 2732 3499 in
2779 3459 2847 3501 eo
2893 3458 3013 3499 non
3056 3442 3326 3515 possunt,

702 3550 862 3606 nam,
897 3534 967 3591 ut
1003 3550 1184 3634 supra.
1212 3531 1455 3606 dictum,
1491 3532 1915 3593 vocabulorum
1945 3533 2215 3592 notiones
2244 3532 2674 3607 compositione
2710 3550 2828 3590 non
2866 3529 3325 3602 oblitterantur,
3308 3550 3324 3564 ·

706 3623 912 3698 itaque
966 3641 1041 3680 ne
1093 3624 1158 3681 in
1212 3616 1543 3695 ἡμεδαπός
1589 3617 1917 3695 υμεδαπός
1963 3621 2236 3699 quidem,
2299 3623 2369 3680 ut
2413 3638 2566 3696 quae
2610 3638 2851 3696 prorsus
2897 3618 3103 3679 eodem
3146 3617 3325 3678 modo

712 3729 829 3788 quo
876 3707 1297 3773 παντοδαπός
1343 3711 1505 3772 facta
1550 3712 1698 3785 sint,
1754 3706 2002 3788 ἔδαφος
2046 3710 2143 3770 vel
2189 3705 2477 3771 δάπεδον
2524 3727 2648 3770 esse
2692 3710 2905 3786 potest
2997 3708 3162 3782 Eryo
3202 3723 3325 3767 non

705 3804 846 3861 sunt
888 3802 1201 3875 composita
1249 3803 1353 3876 32,
1376 3801 1652 3861 15—17.
1719 3832 1809 3842 —
1881 3800 1937 3875 c)
1987 3800 2337 3875 Quaerentes
2378 3800 2719 3873 ignoramus
2764 3799 2917 3872 Quod
2961 3799 3323 3872 quaerimus.-

700 3894 924 3950 natura
974 3892 1157 3965 ἰριιιιν
1198 3891 1316 3964 fert
1355 3895 1423 3950 ut
1473 3893 1915 3965 mterroyativa,
1982 3889 2203 3966 quippe
2250 3907 2403 3964 quae
2447 3907 2555 3964 per
2598 3906 2661 3948 se
2706 3890 2865 3948 stare
2909 3905 3030 3947 non
3074 3887 3324 3963 possint,

701 3979 807 4040 sed
849 3998 1131 4056 responso
1180 3981 1464 4058 compleri
1509 3979 1781 4054 debeant,
1823 3997 1945 4039 non
1987 3982 2107 4039 sint
2150 3980 2479 4052 composita,
2526 3995 2658 4037 cum
2701 3979 3014 4050 composita
3057 3976 3323 4037 absoluta

705 4086 826 4129 csse
869 4071 1118 4130 soleant:
1182 4087 1314 4144 erqo
1373 4089 1473 4143 qm
1515 4074 1706 4144 potest
1759 4065 2058 4130 ποδαπός
2104 4069 2478 4142 compositam
2523 4067 2692 4127 esse?
2785 4067 3323 4141 32‚17—19.——

708 4158 775 4233 d)
821 4159 1260 4220 Der-ivauonem
1294 4162 1611 4233 patiamur
1644 4161 2019 4233 pronomina,
2066 4159 2221 4218 velat
2245 4158 2584 4231 possessiva
2618 4156 2941 4216 derivando
2974 4156 3138 4229 facta
3170 4158 3322 4215 sant.

706 4247 875 4308 Nihil
917 4250 1098 4324 ἐρίων
1139 4250 1381 4324 impedit
1422 4266 1534 4323 quo
1577 4250 1801 4316 minus,
1865 4252 1934 4308 ιιι
1974 4242 2398 4321 τηλεδαπός
2444 4230 2968 4317 παντοδαπός,
3014 4244 3104 4305 ita
3146 4240 3321 4319 ἡμε-

705 4334 948 4399 δαπός
994 4333 1383 4412 ὑμεδαπός
1429 4338 1696 4397 derivata
1739 4339 1860 4397 simt
1904 4338 2008 4411 32,
2031 4339 2199 4396 21-
2210 4337 2308 4395 22.

887 4428 990 4502 32,
1013 4429 1050 4487 9
1099 4423 1171 4488 ἐν
1218 4428 1311 4508 τῷ
1358 4423 1503 4502 περὶ
1548 4423 1898 4506 ςυνθέτων]
1946 4428 2072 4486 sive
2119 4421 2264 4500 περὶ
2310 4419 2658 4486 ςυνθέςεως
2706 4423 2868 4483 Suid.

892 4517 995 4590 32,
1018 4519 1102 4576 10
1148 4513 1228 4576 τὰ
1266 4510 1557 4590 ὀνόματα
1594 4548 1683 4559 -
1723 4519 1804 4576 12
1842 4510 2328 4593 διαςταλτικῶν]
2369 4515 2439 4575 cf.
2470 4534 2636 4590 pron.
2671 4516 2729 4589 9,
2752 4516 3033 4587 17-10,
3056 4515 3121 4589 7;
3166 4514 3323 4589 synt.

710 4606 813 4680 57,
836 4607 912 4664 21
948 4623 1032 4682 sq.
1102 4598 1232 4687 (ubi
1279 4606 1316 4664 l.
1360 4607 1441 4665 28
1505 4607 1758 4667 fortasse
1822 4604 2194 4666 scribendum
2259 4607 2351 4665 est
2412 4600 2493 4663 τὰ
2556 4603 2669 4678 τῆς
2732 4598 3088 4665 ςυντάξεως
3149 4596 3328 4680 (τῶν

710 4762 827 4822 186,
851 4762 1041 4812 8-23.
1082 4762 1309 4824 216,13.
1346 4790 1412 4798 -
1449 4756 1528 4812 Ib.
1572 4762 1691 4825 193,
1709 4762 1883 4811 7—-10
1922 4758 2043 4811 κατ’
2087 4758 2292 4812 οὐδένα
2338 4758 2507 4822 λόγον
2554 4759 2663 4824 ἄρα
2709 4754 2847 4826 (scil.
2884 4757 2953 4811 τὸ
2990 4754 3331 4824 ἀλλοδαπός)

705 4836 825 4885 τοῖς
862 4830 1265 4897 ἀντωνυμικοῖς
1303 4833 1519 4895 ςυζυγεῖ
1554 4832 1622 4884 τὸ
1662 4829 1842 4898 (scrib.
1882 4834 1983 4898 τῷ,
2021 4825 2174 4881 idem
2209 4826 2325 4882 iam
2360 4827 2529 4897 Dud.)
2576 4829 2862 4896 ἡμεδαπός
2898 4830 2987 4882 καὶ
3025 4827 3332 4895 ὑμεδαπός,

709 4903 902 5038 {gs-<32
897 4903 958 4956 δὲ
978 4902 1308 5026 Βάἔὲᾖίριεθςιίέθ
1308 4899 1510 5026 91ιὲοὲ
1513 4902 1581 5026 9}
1587 4918 1657 5013 c:
1656 4904 1740 5026 ἐξ
1755 4905 1874 4955 τῶν
1910 4901 2330 4968 προειρημένων
2367 4901 2574 4967 ἐθνῶν,
2631 4897 2697 4952 ol.
2736 4913 2896 4969 pron.
2936 4902 3137 4967 33,11,
3176 4898 3330 4965 synt.
