3738 5530
741 297 879 364 122
991 298 1436 354 Commentarius
1466 300 1693 354 criticus
1723 302 1781 354 et
1809 299 2131 369 exegeticus
2159 299 2218 354 in
2247 300 2535 370 Apollonii
2562 299 2791 369 Dyscoli
2820 301 3030 372 scripta
3056 301 3286 358 minora.

926 470 1028 544 96,
1052 471 1132 529 23
1178 464 1218 542 ἡ
1269 464 1415 544 ἆμίν
1461 465 1722 545 Δωρικὴ
1781 465 2196 544 ἐγκλινομένη
2254 465 2571 531 ευετέλλει
2616 466 2694 530 τὸ
2740 469 2787 542 i,
2846 466 2918 532 ἐν
2965 465 3062 532 οἷ(
3116 488 3354 547 προπε-

746 554 1066 638 ριεπᾶται]
1116 553 1206 618 ‘Si
1251 558 1570 635 Ahrensio‚
1625 560 1728 636 qui
1776 561 1841 619 Τ.
1882 560 1944 618 II
1988 580 2045 636 p.
2090 561 2213 621 259
2246 579 2330 637 sq.
2378 563 2626 637 propter
2677 561 2833 620 hunc
2878 562 3073 621 locum
3120 564 3182 621 et
3224 564 3356 623 aliis

747 648 929 708 etiam
976 648 1434 710 auctoritatibus
1490 652 1819 709 commotus
1875 648 2066 709 dativi
2111 649 2264 726 plur.
2311 650 2730 726 pronominum
2786 671 3018 728 person.
3066 652 3355 728 syllabam

745 740 1067 798 extremam
1116 759 1152 797 a
1197 738 1583 799 Doriensibus
1639 757 1873 817 semper
1936 742 2271 817 correptam
2326 758 2452 800 esse
2507 739 2840 816 contendit,
2892 740 3036 800 fides
3089 741 3357 801 habenda

746 831 867 887 est:
927 819 1145 907 (neque
1205 831 1412 887 contra
1470 829 1791 888 dixerimus
1850 830 2105 888 maxime
2164 832 2411 907 propter
2467 829 2651 889 verba
2709 825 3022 905 ὀξύνομέν
3082 847 3151 890 τε
3211 826 3355 906 ἁμὶν

746 912 801 977 δ’
849 950 937 959 —-
984 920 1045 977 et
1089 912 1323 979 οἰκεῖος
1370 913 1409 977 ὁ
1456 915 1692 993 χρόνοε
1728 910 1845 1000 -)
1894 938 1964 978 ea
2010 938 2163 996 quae
2210 938 2280 978 ex
2325 919 2363 978 l.
2402 919 2440 977 l.
2487 919 3028 996 transscripsimus,
3073 920 3356 980 mutanda

745 1024 870 1067 esse
913 1026 1263 1083 persuasum
1308 1008 1611 1067 habemus
1683 1008 1781 1067 Ita
1817 1008 1977 1068 enim
2011 1010 2132 1067 iam
2172 1009 2313 1069 ferri
2361 1028 2479 1068 non
2522 1011 2724 1086 potest
2761 1005 3173 1085 ἐγκλινομένη
3221 1013 3355 1071 ante

745 1091 1062 1157 ευετέλλει
1106 1097 1491 1157 collocatum:
1553 1097 1864 1158 scribimus
1909 1099 2098 1176 igitur
2140 1094 2180 1172 ἡ
2230 1093 2378 1172 ἁμίν
2414 1094 2676 1173 Δωρικὴ
2718 1095 3033 1160 ευετέλλει
3079 1096 3156 1160 τὸ
3201 1098 3239 1170 i,
3287 1095 3355 1161 ἐν

745 1179 842 1246 οἶ(
890 1182 1302 1260 ἐγκλινομένη
1350 1185 1859 1262 προπεριεπᾶται
1907 1182 2047 1247 κτὲ’
2095 1187 2216 1246 Sks
2253 1188 2284 1246 I
2326 1189 2601 1247 22—23.

923 1278 1082 1352 97,1
1132 1276 1503 1337 Valckenaer
1549 1277 1626 1336 ad
1673 1278 1915 1336 Theocr.
1963 1297 2018 1353 p.
2059 1279 2204 1337 237.

923 1367 1084 1439 97,4
1132 1364 1275 1425 Ahr.
1314 1366 1478 1424 diall.
1516 1366 1548 1425 I
1596 1368 1751 1442 1253
1795 1366 1932 1425 Mei.
1970 1366 2002 1425 I
2052 1367 2206 1442 1663
2263 1365 2638 1426 OHoffmann
2684 1367 2864 1426 Diall.
2904 1367 2967 1425 II
3016 1368 3162 1427 560.

919 1454 1071 1515 Sunt
1114 1457 1216 1528 qui
1259 1451 1299 1529 ἡ
1313 1455 1479 1529 μεῖν
1527 1458 1900 1531 primitivam
1945 1474 2070 1516 esse
2112 1456 2369 1530 formam
2402 1458 2717 1530 probaturi
2760 1458 2852 1515 his
2896 1460 3141 1516 utantur
3186 1476 3356 1531 arqu-

740 1548 976 1604 mentis:
1037 1539 1127 1604 ‘ut
1167 1564 1209 1604 a
1264 1545 1523 1620 ταχεῖ(
1579 1542 1915 1620 ταχέειν,
1971 1549 2058 1606 ita
2104 1546 2179 1607 ab
2232 1542 2445 1619 ἡμεῖς
2499 1541 2758 1620 ἡμέειν
2804 1547 3127 1616 descendit,-
3184 1565 3357 1620 quam

740 1635 994 1708 formam
1040 1636 1321 1695 exstitisse
1366 1654 1395 1694 e
1434 1638 1669 1710 yemina
1714 1637 1912 1709 forma
1957 1637 2177 1695 aeolica
2232 1629 2545 1710 ἄμμεειν
2602 1639 2862 1709 apparet.
2953 1636 3056 1695 Ex
3098 1630 3355 1710 ἡμέειν

742 1725 977 1784 sublata
1036 1721 1072 1783 ἱ
1138 1729 1190 1783 et
1247 1722 1356 1784 ἒ-ῑ
1419 1727 1726 1785 contractis
1789 1721 2011 1799 ἡμεῖν
2075 1729 2264 1784 ortum
2325 1719 2446 1783 est'.
2540 1722 2623 1783 At
2668 1727 2934 1798 primum
3001 1726 3232 1799 madent
3292 1743 3359 1784 ea

740 1816 1037 1888 scriptura
1094 1832 1389 1888 nusquam
1447 1816 1669 1889 legitur.
1769 1815 2001 1874 Deinde
2048 1816 2395 1889 personalia
2449 1815 2759 1888 analoyiae
2815 1815 2964 1888 leyes
3021 1831 3141 1873 non
3198 1816 3359 1889 sequi

741 1904 1197 1963 demonstratwm
1250 1908 1345 1963 est.
1449 1901 1686 1964 Accedit
1738 1905 1893 1978 quod
1947 1906 2149 1964 aeolici
2202 1905 2387 1963 dativi
2442 1921 2573 1962 cum
2628 1905 2800 1962 attico
2855 1907 3189 1978 comparari
3239 1922 3359 1963 non

731 1997 1016 2067 possenn-
1068 1995 1136 2051 im
1189 1994 1424 2053 aeolicis
1478 1996 1631 2053 enim
1689 1991 1728 2053 ν
1787 1996 1853 2053 in
1898 1995 2018 2065 fine
2069 1995 2299 2053 mobilis
2355 1998 2463 2062 cst,
2527 2011 2646 2066 qua
2699 1993 2933 2053 sublata
2992 1995 3189 2067 forma
3240 2011 3359 2053 non

740 2083 1024 2152 laeditum
1067 2083 1222 2142 idem
1261 2084 1332 2142 cle
1375 2078 1551 2157 ἡμῖν
1599 2085 1768 2143 attico
1804 2084 1922 2143 dici
1948 2101 2084 2142 mon
2118 2087 2309 2157 potest
2355 2084 2716 2158 97,9—-27.

921 2173 1082 2245 97,9
1132 2172 1426 2248 scriptura
1471 2168 1692 2246 ἡμεῖν
1738 2174 1859 2231 iam
1908 2192 2087 2249 supra
2138 2174 2345 2247 94,13
2395 2173 2636 2249 explosa
2682 2173 2788 2231 est.

921 2262 1127 2335 97,13
1174 2261 1317 2321 Ahr.
1355 2262 1517 2320 diall.
1556 2262 1587 2320 I
1638 2262 1791 2335 1253
1836 2262 1972 2320 Mei.
2011 2262 2042 2320 I
2092 2263 2235 2320 164.
2287 2262 2430 2321 166.
2506 2260 2880 2321 OHoffmann
2926 2261 2990 2319 Π
3037 2262 3182 2322 560.

920 2352 1022 2424 97,
1047 2352 1128 2410 14
1177 2345 1351 2411 οὕτω
1398 2347 1700 2427 φέρεεθαι
1749 2345 1882 2411 ἀπὸ
1928 2350 2045 2411 τοῦ
2092 2345 2336 2429 ἡμὲειν]
2385 2345 2499 2409 ‘ita
2543 2351 2606 2408 in
2653 2369 2764 2409 usu
2813 2368 2964 2424 esse,
3022 2350 3097 2409 ab
3141 2346 3360 2425 ἡμέειν

739 2431 927 2521 (quod
974 2441 1270 2500 exstitisse
1315 2460 1428 2516 par
1472 2432 1591 2521 est)
1638 2441 2025 2517 repetendum
2082 2435 2211 2499 est'.
2303 2441 2505 2498 Aliam
2552 2440 2987 2515 interpretandi
3032 2441 3193 2499 viam
3240 2459 3359 2500 non

739 2528 1003 2606 expedio,
1050 2549 1412 2606 quamquam
1457 2526 1895 2605 τεκμαίρεεθαι
1942 2529 2040 2589 δεῖ
2086 2529 2181 2588 vel
2229 2528 2456 2606 aliquid
2495 2528 2621 2588 eius
2666 2530 2899 2607 generis
2939 2528 3145 2589 durius
3183 2530 3360 2588 omis-

740 2638 869 2679 sum
917 2638 1043 2679 esse
1089 2638 1184 2678 me
1231 2639 1349 2679 non
1397 2620 1582 2698 fugit3
1628 2621 1699 2679 cf.
1743 2621 1936 2694 94‚8;
1983 2618 2058 2678 ad
2111 2621 2166 2692 7,
2192 2619 2291 2677 28.

922 2711 1024 2785 97,
1048 2711 1127 2768 17
1178 2704 1257 2770 τὰ
1301 2708 1415 2784 τῆς
1461 2708 1716 2785 γραφῆς
1763 2703 2166 2788 διαφέρεται]
2215 2702 2535 2786 ‘scriptura
2581 2702 2948 2786 obloquitur-⁹
2995 2709 3032 2767 i.
3065 2727 3111 2768 e.
3153 2702 3362 2783 ‘fiueiv

737 2801 801 2857 in
847 2799 1017 2859 libris
1064 2818 1358 2876 nusquam
1404 2801 1694 2878 scriptum
1741 2793 1873 2859 est’.

920 2890 1023 2963 97,
1047 2890 1128 2947 18
1167 2887 1359 2949 πᾶεαι
1400 2881 1552 2968 (scil.
1586 2878 2006 2969 ἀντωνυμίαι)
2045 2883 2443 2966 ἐδείχθηεαν]
2481 2908 2648 2965 pron.
2674 2890 2844 2962 9,12.
2884 2889 3098 2964 11,21.
3143 2889 3362 2963 21,28.

740 2979 844 3053 81,
868 2979 967 3037 17.
1010 2980 1111 3052 94,
1134 2979 1201 3053 83
1248 2978 1370 3037 ska
1406 2978 1437 3036 1
1478 2979 1560 3038 23
1599 2980 1854 3038 conferri
1893 2997 2025 3036 cum
2063 2974 2227 3053 πρὸ(
2264 2979 2357 3058 τῷ
2395 2978 2562 3037 iubet
2598 2979 2751 3054 synt.
2787 2978 2931 3053 228,
2956 2976 3036 3037 14
3077 2979 3141 3037 et
3174 2978 3363 3037 Bekk.

737 3069 801 3126 in
837 3067 977 3126 Var.
1025 3067 1184 3126 Lect.
1235 3067 1311 3126 ad
1356 3071 1512 3144 synt.
1556 3069 1658 3141 77,
1682 3070 1780 3127 12.

919 3158 1022 3231 97,
1046 3159 1126 3215 19
1176 3151 1499 3231 εαἴρεεθαι,
1547 3157 1704 3234 quod
1753 3158 1905 3217 alias
1955 3151 2376 3232 βαετάζεεθαι.
2450 3156 2722 3216 Ammon.
2762 3177 2818 3233 p.
2853 3158 2979 3216 105
3019 3154 3190 3216 πᾶεα
3236 3152 3365 3230 γὰρ

736 3242 776 3317 ἡ
817 3244 934 3307 τοῦ
981 3241 1218 3320 κόεμου
1257 3242 1443 3321 φύει(
1487 3241 1856 3322 βαετάζεται
1893 3248 1931 3305 i.
1963 3266 2009 3306 e.
2050 3245 2247 3307 τοῦτο
2286 3243 2408 3322 γὰρ
2447 3242 2803 3322 φάεκοντε(
2840 3244 3051 3306 πᾶεαν
3087 3242 3206 3319 τὴν
3242 3245 3371 3305 τοῦ

739 3334 931 3395 κενοῦ
978 3329 1170 3409 φύειν
1218 3329 1499 3410 αἴρομεν,
1548 3331 1955 3410 ἀναιροῦμεν,
2012 3330 2492 3411 ἀποφάεκομεν.
2577 3334 2918 3413 opponitur
2964 3329 3364 3405 ἀπολείπειν,

739 3443 810 3483 ea
867 3427 1196 3499 potestate,
1261 3445 1382 3501 qua
1442 3424 1653 3484 Sextus
1715 3425 1885 3503 Emp.
1951 3419 2216 3485 αἰώνιον
2278 3425 2427 3485 dicit
2485 3421 2602 3485 τὸν
2666 3420 2903 3498 κόεμον
2965 3418 3367 3495 ἀπολείπειν,

737 3513 944 3589 Pyrrh.
984 3514 1288 3592 Hypotyp.
1328 3514 1389 3572 11
1430 3516 1542 3590 433
1587 3510 1680 3573 III
1720 3516 1801 3575 33
1842 3519 1905 3576 et
1943 3517 2087 3574 329.
2162 3513 2313 3573 Adv.
2352 3512 2775 3574 Mathemvn
2814 3515 2895 3574 15
2936 3516 2998 3573 et
3034 3516 3117 3573 47
3159 3516 3221 3572 et
3258 3516 3371 3587 55,

737 3603 839 3663 ubi
885 3624 938 3661 v.
980 3603 1236 3662 Fabric.:
1295 3604 1507 3664 deinde
1544 3604 1664 3663 VH
1705 3604 1829 3664 163
1881 3607 1941 3664 et
1984 3606 2114 3664 260
2160 3607 2221 3663 et
2268 3606 2424 3678 4403
2469 3603 2621 3662 VIII
2662 3605 2790 3663 130
2838 3606 2899 3662 et
2949 3605 3104 3678 1373
3150 3602 3236 3661 IX
3276 3602 3366 3661 58

737 3694 798 3753 et
844 3693 927 3751 64
975 3697 1036 3753 et
1084 3694 1239 3769 3653
1295 3693 1350 3752 X
1388 3695 1469 3753 38
1519 3697 1580 3754 et
1628 3695 1772 3753 254.
1849 3693 1936 3753 Of.
1978 3692 2275 3753 Plutarch.
2315 3694 2460 3753 Mor.
2498 3714 2556 3771 p.
2592 3696 2672 3753 75
2698 3688 2784 3753 O?
2830 3693 2869 3751 b
2914 3694 2977 3751 in
3014 3692 3157 3752 Var.
3197 3691 3365 3752 Lect

917 3784 1021 3857 97,
1044 3784 1127 3842 10
1174 3774 1363 3843 ἕνεκα
1407 3783 1520 3856 τῆς
1567 3779 1923 3845 ευντάξεω(
1967 3784 2005 3840 i.
2047 3802 2094 3841 e.
2141 3777 2409 3858 ‘propter
2455 3783 2721 3843 ordinem
2765 3784 2860 3841 vel
2908 3783 3369 3843 collocationem

735 3865 1074 3933 verborum'
1119 3874 1190 3931 ut
1237 3873 1340 3947 98,
1362 3874 1417 3932 6.
1495 3871 1582 3932 Of.
1622 3872 1752 3932 adv.
1796 3874 2033 3946 164‚1;
2078 3871 2221 3932 Lob.
2262 3872 2375 3931 ΕΠ.
2414 3872 2475 3930 Π
2526 3875 2652 3932 279
2675 3891 2759 3949 sq.

749 3964 756 3971 ’
917 3952 983 4039 β)
1029 3962 1240 4021 Dativi
1283 3961 1537 4038 pluralis
1584 3962 1877 4022 secundae
1923 3980 2226 4038 personae.

914 4046 1119 4125 Ὑμῖν
1147 4054 1326 4111 amca
1360 4054 1556 4125 foma
1593 4056 1688 4111 est.
1735 4045 1955 4126 Ὑμιν
1993 4053 2157 4125 apud
2182 4052 2359 4112 Iones
2394 4069 2609 4111 rursus
2639 4053 3222 4126 properispomenwm
3258 4055 3373 4117 est,

736 4144 879 4215 quia
923 4139 945 4199 ῐ
991 4144 1262 4215 corripit‚·
1308 4143 1508 4201 eadem
1550 4143 1747 4215 forma
1794 4143 1967 4200 etiam
2003 4142 2320 4201 Dorienses
2364 4145 2627 4209 utvmtzm
2675 4158 2921 4215 quorum
2968 4142 3143 4201 etiam
3187 4135 3375 4214 ὑμίν

738 4234 836 4300 est,
881 4234 1032 4290 recto
1078 4234 1209 4290 tono
1243 4232 1560 4305 prolatum.
1644 4226 1865 4304 ’Ύμμι
1913 4232 2194 4290 aeolicum
2230 4233 2463 4305 pariter
2500 4235 2671 4303 atque
2718 4224 2895 4304 ἄμμι
2942 4231 3185 4303 finalem
3224 4227 3260 4289 V
3319 4234 3379 4288 ct

737 4323 986 4379 assumit
1030 4324 1082 4378 et
1126 4322 1302 4380 abicit
1333 4325 1577 4394 propter
1622 4322 2046 4380 collocationem
2090 4322 2396 4379 verborum
2444 4322 2547 4395 97,
2571 4321 2852 4393 28-98,
2874 4321 2929 4377 6.

919 4411 1124 4483 97,29
1176 4406 1534 4469 GHermann
1581 4410 1654 4469 de
1701 4409 1927 4469 emend.
1966 4413 2076 4469 rat.
2116 4430 2201 4488 gr.
2242 4430 2326 4488 gr.
2366 4411 2467 4469 80.
2542 4408 2685 4468 Ahr.
2726 4408 2889 4468 diall.
2929 4409 2990 4467 H
3033 4410 3374 4468 260—61.

918 4499 1078 4571 98,2
1126 4498 1269 4557 Ahr.
1309 4498 1473 4557 diall.
1508 4499 1540 4558 I
1590 4500 1743 4573 1253
1806 4500 1938 4559 Mei.
1977 4499 2008 4557 I
2058 4500 2202 4558 167.
2291 4498 2665 4558 OHoffmann
2710 4498 2774 4556 Π
2824 4499 3148 4558 260-61.

918 4588 1079 4663 98,5
1129 4582 1368 4662 ὁμοίως
1404 4620 1493 4630 -
1532 4590 1569 4647 6
1618 4584 1910 4649 εύνταξιν
1966 4582 2419 4667 ἀναδέχονται]
2467 4608 2586 4648 non
2646 4588 2870 4648 formas
2918 4588 3176 4647 aeolicae
3222 4607 3376 4647 cum

738 4678 875 4737 aliis
921 4679 1282 4754 comparari,
1338 4677 1440 4737 sed
1496 4673 1735 4752 ὁμοίως
1791 4678 1868 4737 ad
1913 4678 2237 4755 participia
2279 4678 2487 4738 referri
2538 4672 2766 4756 [potius
2826 4679 3052 4737 formae
3101 4677 3382 4737 aeolicae

740 4759 892 4839 ἄμμι
947 4768 1008 4825 et
1054 4761 1201 4841 ὔμμι
1257 4767 1415 4827 inter
1469 4787 1530 4827 se
1586 4762 2035 4847 comparantur]
2086 4769 2147 4826 et
2191 4762 2478 4828 εύνταξι(
2526 4786 2726 4827 vocem
2774 4770 2843 4825 ut
2891 4768 2992 4841 97,
3017 4768 3102 4827 20
3150 4767 3246 4825 all.
3307 4767 3379 4826 ll.

739 4853 812 4913 de
857 4855 1246 4916 collocatione
1291 4856 1607 4916 verborum
1653 4857 2057 4933 accipiendam
2105 4875 2230 4917 esse
2277 4860 2480 4916 monet
2525 4856 2649 4916 Ska
2685 4856 2714 4914 I
2758 4859 2810 4915 7.
2896 4856 3109 4916 Matth.
3138 4856 3201 4915 Π
3229 4857 3381 4916 627

739 4938 979 5017 ὁμοίω(
1023 4940 1159 5025 (τῷ
1217 4940 1365 5019 ἄμμι
1423 4943 1526 5006 καὶ
1574 4940 1837 5026 ἄμμιν>;
1898 4966 2138 5023 prorsus
2185 4946 2548 5024 superfluum
2595 4946 3085 5006 additamentum.
3136 4978 3222 4987 —
3276 4944 3383 5006 Cf.
