3738 5530
632 335 1073 391 Commentarius
1103 334 1329 390 criticus
1358 337 1416 390 et
1444 333 1762 404 exegeticus
1790 332 1851 388 in
1878 332 2166 403 Apollonii
2194 331 2424 402 Dyscoli
2452 332 2661 403 scripta
2688 332 2921 388 minora.
3008 332 3096 397 33

484 506 707 566 sessivo
761 508 822 565 et
873 504 961 565 rei
1016 504 1111 564 vel
1162 504 1389 564 homini
1432 521 1701 582 possesso
1750 502 2116 579 attribuisse,
2177 503 2241 562 in
2288 504 2442 580 synt.
2491 494 2627 585 (60,
2651 495 2761 584 12)
2809 503 2913 562 uni
2957 522 3095 579 pos-

486 613 724 655 sessuro.

669 684 872 758 15,16
922 678 1089 762 ἐπεὶ]
1138 679 1358 743 ἔπειτα
1401 682 1682 744 Hoerseh.
1730 684 1889 758 3743
1932 701 2052 743 non
2096 683 2281 742 recte:
2327 701 2379 740 v.
2429 700 2473 741 s.
2522 681 2598 740 ad
2648 684 2872 756 14‚12.

664 772 828 843 Quae
875 772 1311 851 argumentatio
1356 774 1420 831 in
1466 774 1614 833 duas
1659 774 1860 849 partes
1907 771 2215 846 dividitur,
2267 790 2518 847 quarum
2562 773 2858 847 posterior
2901 771 3097 847 priore

489 865 619 923 loco
665 862 977 922 refutatur.
1447 905 1468 930 .

666 952 918 1012 Muttine
954 956 1147 1012 autem
1181 953 1376 1012 valent
1411 969 1561 1025 quae
1593 953 1923 1025 proferimt.
2014 949 2177 1011 Nam
2210 952 2277 1009 in
2309 950 2402 1009 his
2438 945 2478 1010 6
2516 949 2652 1010 νῦν
2692 944 3097 1024 ἄνθρωπος

487 1044 616 1102 sim.
665 1042 978 1102 articulum
1019 1043 1274 1100 nominis
1321 1058 1470 1111 esse,
1515 1058 1636 1100 non
1670 1041 1935 1101 adverbii
1970 1040 2319 1114 temporalis,
2365 1057 2563 1100 onmes
2600 1042 2975 1109 consentiunt,
3021 1041 3099 1098 si-

494 1132 724 1206 quidem
770 1121 1115 1213 (articulus)
1159 1148 1286 1191 wna
1330 1148 1461 1190 eum
1505 1132 1734 1189 nomine
1777 1147 1893 1204 per
1934 1147 2206 1188 numeros
2253 1133 2305 1188 et
2349 1146 2521 1189 casus
2564 1131 2825 1202 flectitur.
2917 1125 3101 1203 Atqui

487 1222 629 1281 haec
673 1238 894 1295 quoque
939 1211 1227 1301 (nomina,
1262 1221 1332 1278 ut
1366 1211 1746 1300 pronomina)
1793 1221 2153 1293 tranfflosita
2196 1221 2508 1279 immutant
2543 1220 2916 1290 sententiam;
2958 1236 3102 1278 nam

490 1309 627 1370 νῦν
673 1305 712 1369 ὁ
761 1303 1163 1383 ἄνθρωπος
1207 1327 1328 1369 non
1370 1311 1494 1370 iam
1539 1313 1713 1369 totam
1753 1309 2179 1368 multitudinem
2227 1299 2561 1389 (hominum
2598 1309 2703 1385 qui
2738 1327 2896 1367 nunc
2932 1298 3098 1388 sunt)

489 1400 892 1474 coniplectitur,
938 1400 1039 1458 sed
1083 1417 1270 1458 unum
1315 1399 1667 1473 eundemque
1709 1399 1995 1457 hominem
2039 1399 2334 1472 siqniftcat
2378 1389 2596 1479 (neque
2635 1398 2951 1473 quisquam
2987 1395 3103 1456 sibi

489 1488 870 1566 persuadebit
928 1488 1392 1565 transpositione
1455 1488 1564 1546 illa
1625 1488 1788 1547 facta
1860 1487 2176 1547 articulum
2250 1506 2368 1546 non
2432 1487 2555 1546 iam
2617 1487 2694 1546 ad
2760 1479 3103 1560 ἄνθρωπος

494 1568 836 1658 pertinere).
928 1576 1092 1651 Eryo
1134 1579 1353 1637 mirum
1395 1593 1515 1636 non
1561 1581 1643 1636 est
1688 1578 1861 1637 etiam
1905 1577 2046 1637 haec
2089 1571 2128 1635 6
2177 1570 2354 1650 ἐμὸς
2399 1572 2642 1650 πατήρ
2691 1581 2742 1636 et
2781 1571 2820 1635 6
2857 1572 3101 1649 πατὴρ

492 1662 530 1727 ὁ
579 1662 756 1742 ἐμόε
800 1669 952 1726 inter
994 1685 1057 1725 se
1101 1667 1336 1740 differre
1381 1659 1598 1748 (neque
1643 1665 1971 1743 quidquam
2017 1685 2087 1725 ea
2132 1685 2201 1724 ex
2247 1683 2311 1725 re
2358 1665 2435 1724 ad
2481 1667 2888 1742 quaestionem
2933 1665 3101 1724 illam

493 1756 840 1817 solvendam
885 1746 1145 1836 elicitur)
1198 1756 1298 1830 15,
1321 1758 1597 1815 20—-29,

676 1847 871 1919 15‚24
918 1840 1086 1924 <οὐ>
1129 1861 1294 1919 ευεχ.
1341 1846 1462 1904 scil.
1510 1841 1591 1904 τὰ
1638 1841 1903 1919 χρονικὰ
1951 1840 2346 1920 ἐπίρρηματα
2390 1843 2670 1923 Egenolff
2701 1844 2732 1902 I
2762 1845 2907 1904 840.
2974 1842 3104 1913 Qua

493 1937 556 1994 in
603 1955 664 1995 re
708 1935 968 2008 fallitur3
1013 1952 1205 1994 sermo
1250 1937 1341 1994 est
1385 1934 1459 1993 de
1503 1934 1799 1993 articulis:
1844 1954 1899 1993 v.
1947 1953 1991 1994 3.

672 2018 809 2083 ‘Sed
855 2026 1029 2084 etiam
1065 2024 1180 2083 duo
1215 2025 1305 2084 illi
1345 2018 1621 2093 articuli’,
1669 2015 1758 2106 (in
1795 2023 1888 2082 his
1925 2019 1964 2083 6
2001 2019 2211 2097 πατὴρ
2250 2018 2288 2082 6
2326 2014 2523 2103 ἑμόε,)
2569 2025 2859 2097 inquiunt,
2907 2017 3106 2098 ‘arqw

493 2117 681 2174 mento
726 2118 880 2182 smu,
917 2115 1287 2187 pronominis
1330 2130 1551 2187 quoque
1587 2131 1708 2173 esse
1757 2107 2110 2173 aniculum’.
2198 2112 2361 2187 Quae
2404 2113 2578 2186 facile
2622 2114 2984 2185 refelluntur,
3029 2114 3106 2172 si·

495 2203 728 2278 quidem
750 2205 1001 2262 cent-iens
1027 2204 1108 2262 ad
1133 2221 1319 2262 unum
1345 2205 1769 2262 nominativum
1794 2204 1910 2261 duo
1934 2203 2168 2276 articuli
2184 2204 2508 2276 pertinent;
2528 2202 2681 2261 velut
2708 2221 2838 2262 cum
2859 2204 3108 2261 dicimus

503 2287 541 2352 6
588 2290 764 2352 παῖ(
811 2287 850 2351 6
895 2291 1031 2352 τοῦ
1091 2287 1479 2366 βάειλέωε,
1541 2293 1718 2351 elucet
1767 2296 2075 2365 utriunque
2120 2286 2158 2351 6
2206 2292 2518 2351 articulum
2562 2293 2643 2352 ad
2685 2293 3109 2352 nominativum

488 2384 799 2456 pertinere,
844 2399 1027 2455 neque
1071 2399 1205 2440 vero
1242 2382 1490 2441 alterum
1526 2383 1607 2441 ad
1645 2377 2034 2456 βάειλέωε,
2082 2383 2292 2454 quippe
2326 2382 2482 2455 quod
2515 2399 2621 2440 suo
2647 2383 2892 2454 proprio
2932 2376 3105 2458 (τοῦ)

485 2471 825 2545 praedium
877 2472 969 2530 sit.
1057 2470 1312 2530 Rlorwm
1373 2471 1753 2530 articulorum
1802 2473 1979 2545 prior
2036 2469 2113 2528 ad
2174 2488 2427 2546 puerum
2488 2471 2611 2528 iam
2669 2472 2847 2530 antea
2900 2473 3109 2530 notum

495 2562 748 2635 respicit,
795 2560 944 2619 alter
985 2559 1090 2619 hoc
1122 2561 1340 2634 premit
1383 2576 1508 2620 esse
1553 2560 1711 2638 regis
1755 2559 1963 2634 filium,
2007 2577 2127 2618 non
2172 2560 2328 2620 alius
2377 2560 2478 2634 16,
2502 2561 2689 2619 1—6.

681 2650 838 2724 16,1
891 2644 993 2708 καὶ
1039 2648 1150 2724 τῆ(
1197 2642 1456 2727 άντων]
1504 2649 1577 2708 cf.
1629 2650 1855 2725 15,13‚
1901 2648 2005 2707 ubi
2052 2648 2167 2707 vid.
2218 2668 2369 2724 quae
2413 2650 2633 2708 monui.

685 2740 787 2813 16,
806 2739 846 2798 4
912 2734 1072 2798 κατὰ
1127 2737 1441 2800 delendum
1496 2757 1621 2799 esse
1677 2739 1858 2799 etiam
1919 2756 2074 2798 nunc
2132 2737 2421 2799 contendo
2485 2731 2793 2821 (dissentit
2838 2738 3116 2819 Egenolff

500 2829 529 2887 I
570 2820 757 2910 840);
802 2827 875 2887 cf.
920 2847 1087 2904 pron.
1141 2829 1240 2904 15,
1265 2831 1345 2888 23
1394 2824 1475 2888 τὰ
1522 2823 1726 2903 ἄρθρα
1771 2828 1905 2888 τῶν
1951 2822 2294 2903 ὀνομάτων
2339 2825 2441 2888 καὶ
2488 2824 2566 2889 οὐ
2613 2829 2746 2889 τῶν
2793 2829 3109 2905 χρονικῶν

502 2912 966 2993 ἐπιρρημάτων.
1050 2918 1127 2978 ib.
1179 2919 1281 2993 16,
1304 2921 1336 2977 1
1406 2917 1518 2991 τῆς
1583 2912 1814 2977 ἀντων.
1873 2914 1998 2978 ἐετὶ
2042 2913 2119 2977 τὸ
2176 2911 2434 2992 ἄρθρον.
2524 2920 2677 2994 synt.
2728 2920 2832 2993 60,
2854 2921 2932 2978 11
2993 2915 3111 2980 οὐκ

508 3001 670 3067 εἶναι
716 3002 797 3066 τὰ
844 3001 1050 3082 ἄρθρα
1096 3006 1227 3067 τῶν
1272 3002 1797 3081 ὑπάκουομένων.
1862 3006 1940 3066 ib.
1983 3009 2085 3081 61,
2108 3009 2143 3066 9
2193 3001 2292 3067 ὅτι
2340 3003 2418 3067 οὐ
2465 3003 2540 3067 τὸ
2588 3003 2651 3067 οἱ
2696 3006 2813 3068 τοῦ
2862 3001 3109 3083 ἄνθρω-

501 3092 612 3156 ποί
660 3092 825 3156 ἐςτιν
873 3090 1132 3170 ἄρθρον.
1213 3095 1289 3155 ib.
1341 3099 1444 3171 61,
1467 3100 1542 3155 11
1596 3093 1741 3170 οὐχὶ
1786 3096 1904 3157 τοῦ
1950 3092 2267 3171 κτήματόε
2314 3092 2439 3156 ἐετι
2485 3092 2561 3156 τὸ
2610 3091 2869 3171 ἄρθρον.
2964 3096 3112 3158 Cum

503 3185 638 3245 aliis
686 3184 878 3244 verbis
926 3188 986 3244 et
1032 3181 1193 3245 κατά
1239 3186 1603 3245 construitur
1645 3205 1813 3261 pron.
1857 3187 1959 3260 16,
1982 3188 2018 3244 2
2068 3182 2227 3245 κατὰ
2274 3184 2414 3260 μιᾶ(
2462 3181 2710 3246 εὐθείας
2747 3181 2867 3247 δύο
2907 3182 3114 3262 ἄρθρα

505 3269 1087 3349 παραλαμβάνεται.
1171 3278 1323 3351 synt.
1375 3277 1477 3349 61,
1500 3276 1579 3333 15
1629 3271 1750 3335 δύο
1799 3268 2005 3349 ἄρθρα
2052 3271 2211 3334 κατὰ
2258 3273 2400 3349 μιᾶε
2446 3271 2748 3336 πτώεεωε
2793 3272 3112 3351 φέρεεθαι,

505 3367 566 3425 et
612 3359 715 3424 ἐπί
762 3363 840 3422 ib.
891 3364 994 3439 61,
1018 3366 1095 3423 26
1155 3359 1230 3424 τὸ
1278 3359 1502 3438 ἕτερον
1547 3363 1680 3424 τῶν
1725 3353 1987 3438 ἄρθρων
2034 3360 2138 3424 ἐπὶ
2183 3360 2300 3437 τὴν
2348 3359 2482 3424 ἀντ.
2531 3361 2851 3440 φέρεεθαι.
2943 3385 3110 3441 pron.

507 3454 666 3527 16,8
714 3451 831 3513 τοῦ
878 3447 916 3512 6
957 3500 968 3512 .
1010 3500 1021 3511 .
1061 3448 1554 3528 ἀναφερομένου
1613 3450 1716 3513 ἐπὶ
1770 3451 1846 3513 τὸ
1893 3449 1932 3512 6
1979 3449 2214 3528 πατήρ,
2277 3456 2337 3512 et
2393 3449 2481 3514 εἰ(
2526 3457 2681 3530 synt.
2724 3456 2828 3530 61,
2850 3457 2931 3514 24
2992 3450 3113 3516 δύο

507 3536 713 3617 ἄρθρα
760 3537 849 3602 εἰ(
898 3538 1043 3616 μίαν
1090 3539 1207 3616 τὴν
1253 3538 1506 3603 εὐθεῖαν
1554 3536 1964 3618 ἀναφέρεται.

611 3628 614 3631 ‘
683 3632 911 3691 Deinde
967 3634 1032 3691 in
1079 3634 1397 3706 possessivi
1451 3632 1637 3691 locum
1689 3634 1754 3691 in
1818 3634 1990 3692 tertia
2041 3650 2303 3707 persona
2355 3633 2699 3692 substituere
2760 3634 2890 3692 lieet
2945 3652 3113 3708 yene-

506 3723 705 3790 tivwm,
750 3725 818 3780 ut
861 3716 1188 3792 ἐκείνου,
1250 3739 1492 3794 quocum
1538 3722 1822 3781 articulus
1867 3724 2126 3781 construi
2168 3740 2288 3781 non
2320 3726 2535 3796 potest,
2599 3725 2876 3796 quoniam
2923 3719 3112 3783 ἐκεί-

507 3825 644 3870 νου
690 3806 969 3870 τούτου
1018 3814 1068 3869 et
1112 3812 1424 3870 articulum
1467 3814 1752 3884 respuunt
1798 3815 1849 3869 et
1888 3812 2136 3885 yenetivi
2180 3815 2317 3870 sient
2366 3812 2678 3886 16,6—9.

688 3900 838 3974 16,ss
862 3894 1117 3973 ἐςτινΑ,
1146 3894 1311 3960 ἔετιν
1334 3893 1819 3978 <ἀντωνυμίάε>
1837 3900 2282 3959 Matth.11633.
2331 3900 2460 3961 Hoc
2479 3920 2715 3978 quoque
2735 3901 3112 3978 superfluum.

689 3989 849 4062 16,8
912 3982 1010 4048 ὅτι
1057 3988 1110 4047 Α
1136 3988 1203 4064 b,
1267 3984 1342 4048 τὸ
1389 3982 1428 4048 ὅ
1475 3984 1794 4068 GDronke]
1863 3983 2044 4067 ‘Lege
2084 4035 2096 4046 .
2138 4035 2149 4047 .
2189 3984 2280 4049 ἔτι
2319 4035 2332 4048 .
2373 4036 2386 4049 .
2438 3985 2569 4050 Ἔτι
2626 3993 2687 4050 et
2731 3986 2943 4052 οὐκέτι
2989 4010 3114 4052 sex·

509 4078 730 4137 centies
794 4077 880 4136 ita
943 4078 1248 4155 leguntur:
1312 4078 1413 4137 sed
1476 4078 1728 4137 fortasse
1791 4073 1891 4137 ὅτι
1957 4078 2030 4137 ab
2085 4080 2217 4155 ipso
2274 4080 2560 4156 scriptore
2619 4080 2952 4156 profectum
3011 4085 3118 4156 est,

508 4186 870 4243 quamquam
925 4168 1044 4226 alia
1100 4169 1224 4226 eius
1282 4168 1614 4227 omissionis
1671 4169 1939 4244 exempla
1995 4168 2154 4245 apud
2199 4167 2311 4244 Ap.
2361 4168 2616 4228 inveniri
2670 4189 2788 4229 non
2848 4171 3118 4230 memini:

504 4274 642 4315 nam
699 4256 812 4316 loci
873 4259 979 4332 qui
1023 4260 1114 4315 est
1157 4259 1309 4332 synt.
1363 4258 1508 4330 124,
1532 4259 1613 4315 24
1670 4257 1905 4317 diversa
1961 4260 2053 4316 est
2104 4259 2287 4317 ratio:
2350 4253 2389 4330 ἢ
2438 4254 2527 4318 ὼε
2573 4253 2982 4334 Ἀρίεταρχοε
3029 4255 3118 4320 ὡ(

506 4342 583 4405 οὐ
621 4341 913 4420 κείμενον
948 4341 1065 4405 τὸν
1102 4340 1450 4420 (ύνοεεμον
1487 4345 1903 4421 παραιτεῖται,
1949 4366 2083 4407 cum
2129 4367 2199 4406 ex
2245 4346 2441 4407 verbis
2489 4342 2577 4407 ὡς
2623 4342 2844 4422 Ἀρίετ.
2882 4349 3118 4408 facilius

506 4437 696 4511 repeti
748 4436 1012 4511 potuerit
1065 4433 1297 4494 dicendi
1349 4436 1542 4508 notio,
1605 4435 1760 4495 unde
1816 4437 2068 4496 alterum
2116 4431 2205 4497 ὡ(
2251 4455 2599 4513 suspensum
2646 4431 2760 4496 est'
2822 4436 2946 4497 Ska
2990 4437 3022 4496 I
3060 4440 3115 4498 6.

511 4522 680 4583 Certe
728 4518 825 4583 ὅτι
872 4525 1014 4583 ferri
1059 4543 1177 4584 non
1224 4526 1436 4600 potest.

687 4613 1000 4674 Praeterea
1062 4614 1516 4674 demonstratum
1580 4618 1662 4673 est
1723 4607 1786 4696 (1
1800 4616 1857 4689 4,
1879 4606 1974 4696 3),
2038 4617 2315 4677 articulos
2371 4634 2491 4674 non
2544 4617 2882 4676 ostendendi
2936 4635 3121 4677 causa

505 4704 665 4774 poni.
759 4702 873 4776 Qui
914 4705 1096 4778 iyitur
1138 4704 1271 4775 sieri
1304 4706 1494 4776 potest
1536 4707 1602 4761 ut
1646 4705 1727 4763 ad
1760 4708 2115 4777 possessoris
2150 4723 2496 4779 personam,
2557 4724 2708 4780 quae
2750 4708 3118 4780 pronomine,

512 4794 579 4847 ut
638 4792 789 4865 quod
850 4793 1286 4852 demonstrandi
1348 4794 1466 4852 vim
1526 4792 1764 4861 habeat,
1829 4796 2179 4863 ostenditur,
2244 4796 2397 4853 ultro
2457 4796 2742 4854 artimilus
2788 4796 3123 4855 adiciatur?

521 4881 985 4955 quandoquidem
1028 4899 1103 4940 ne
1146 4883 1227 4941 ad
1259 4898 1596 4955 possessam
1640 4882 1871 4955 quidem
1905 4901 2242 4957 personam,
2286 4884 2389 4943 ubi
2432 4901 2501 4944 ea
2536 4885 2980 4955 demonstratur,
3028 4903 3124 4945 ar-

517 4970 728 5029 ticulus
772 4971 1023 5030 adicitur
1072 4971 1172 5045 16,
1195 4972 1426 5030 9-13,

622 5077 900 5145 Apolloni-un
927 5080 1152 5131 Dyscolns
1179 5080 1214 5119 Ι.
1245 5090 1295 5120 11.
2668 5078 2699 5126 3
