3738 5530
1495 369 1866 423 ADVBRBIA
1903 370 1980 421 m
2019 358 2133 422 οἳ.
2984 369 3105 434 183

511 572 710 656 οἴκῳ
768 574 987 651 μένει
1042 594 1161 657 με,
1221 572 1305 638 ἐν
1362 574 1444 638 δὲ
1499 581 1601 658 τῷ
1660 572 1849 657 οἴκῳ
1908 574 2127 653 μένει
2185 595 2291 656 με.
2343 574 2430 640 *εἰ
2482 577 2554 640 δὲ
2604 578 2800 665 τρῡτο
2855 574 3109 658 ἀληθές,

412 693 463 731 20
510 674 709 756 ςαφὲς
753 674 851 739 ὅτι
898 678 997 740 δεῖ
1041 676 1364 755 πρότερον
1408 675 1768 740 έπικαλέςαι
1811 676 1888 740 τὸ
1933 675 2177 754 ἄρθρον
2209 679 2326 757 τὴν
2356 676 2677 756 πρόθεςιν,
2725 674 2862 742 εἶτα
2898 677 3107 741 οὕτως

508 775 872 852 ἐγγενέςθαι
938 777 1054 855 τήν
1126 778 1355 856 ςχέςιν.
1451 777 1687 841 τούτου
1752 779 1825 842 δὲ
1890 780 1972 858 μὴ
2040 779 2432 861 γενομένου,
2498 778 2655 843 οὐδὲ
2721 779 2796 844 τὸ
2863 777 3107 860 ἄρθρον

510 879 1016 956 προςελεύςεται.
1072 914 1143 926 -
1191 879 1486 944 Τοςαῡτα
1527 880 1673 958 περὶ
1714 884 1845 946 τῶν
1891 881 2334 961 προκειμένων
2379 880 2732 961 ςχημάτων.

408 1102 460 1141 25
679 1082 776 1146 Τὰ
818 1080 906 1147 εἰς
953 1086 1027 1146 δί
1073 1083 1357 1160 λήγοντα
1402 1083 1798 1163 ἑπιρρήματά
1841 1082 1969 1148 ἐςτι
2015 1083 2128 1163 μὲν
2177 1083 2440 1167 ςπάνια,
2498 1083 2788 1159 ὀξύνεται
2833 1086 2904 1149 δὲ
2948 1086 3106 1150 κατὰ

509 1186 585 1250 τὸ
630 1188 964 1267 πλεῖςτον,
1010 1184 1273 1267 ἐντός,
1321 1184 1579 1263 ἐκτός,
1625 1184 1856 1250 εἰκός.
1936 1185 2028 1251 Τό
2073 1185 2327 1264 πάρος
2372 1188 2780 1264 ςημειωτέον.
2846 1186 2937 1250 Τὸ
2982 1189 3105 1265 γὰρ

506 1290 748 1368 τῆμος
803 1293 880 1371 τῇ
936 1286 1102 1364 πρὸς
1157 1287 1277 1365 τὴν
1342 1289 1562 1351 πεῦςιν
1634 1287 1852 1371 βαρείᾳ
1910 1287 2162 1370 ἐκφορᾷ
2229 1287 2594 1363 ἀναγκαίως
2651 1286 2932 1367 ἀπέβαλε
2987 1290 3105 1367 τὴν

514 1386 752 1471 ὀξεῖαν,
799 1388 935 1452 ἐπεὶ
981 1388 1284 1468 ὁμοτονεῑ
1325 1388 1405 1452 τὰ
1455 1388 1744 1466 πύςματα
1792 1392 1931 1454 τοῖς
1983 1387 2549 1465 ἀνταποδοτικοῖς,
2600 1393 2782 1455 τοῖος
2835 1393 3102 1472 ποῖος,

404 1508 457 1550 so
506 1491 692 1556 τόςος
764 1489 1046 1571 πόςος,
1117 1491 1372 1568 τηλίκος
1455 1490 1809 1569 πηλίκος.
1929 1488 2172 1569 ἀνάγκη
2240 1491 2313 1555 δὲ
2377 1491 2635 1556 πάντως
2698 1493 2779 1557 τὰ
2842 1496 3105 1557 τοιαῦτα

510 1592 699 1671 μόρια
757 1590 1055 1672 βαρύνειν
1114 1593 1217 1657 καὶ
1269 1594 1350 1656 τὰ
1411 1592 1668 1657 τούτοις
1729 1592 1995 1675 ςύζυγα,
2062 1592 2231 1669 λέγω
2295 1591 2724 1676 ὁπηλίκος,
2790 1593 3103 1660 ὀπόςος.

513 1692 875 1770 ἀναγκαίως
921 1692 1043 1756 οὖν
1087 1694 1163 1757 τό
1208 1696 1450 1771 τῆμος
1493 1693 1828 1774 ἐβαρύνθη,
1876 1694 2036 1759 καθὸ
2068 1695 2170 1758 καὶ
2197 1694 2273 1758 τὸ
2305 1692 2501 1774 ἦμος
2531 1696 2634 1760 καὶ
2665 1695 2740 1759 τὸ
2777 1694 3107 1775 ὸπῆμος.

375 1811 475 1861 590
513 1795 567 1878 ᾧ
622 1794 800 1877 λόγῳ
869 1795 968 1857 καὶ
1021 1794 1101 1859 τὰ
1157 1792 1245 1859 εἰς
1303 1798 1385 1859 δῦ
1438 1796 1721 1874 λήγοντα
1788 1795 2114 1860 ἁπάντοτε
2172 1797 2287 1876 μὲν
2343 1800 2748 1876 περιςπᾶται,
2817 1800 3103 1879 τηλοῦ,

508 1894 788 1974 ἀγχοῦ,
848 1894 1127 1979 αὐτοῦ,
1182 1896 1258 1960 τὸ
1316 1898 1389 1961 δὲ
1447 1894 1652 1962 ὅπου
1706 1897 1811 1961 διὰ
1866 1898 1983 1977 τὴν
2040 1897 2444 1978 ἀναφορικὴν
2501 1898 2696 1965 πάλιν
2752 1900 3104 1979 προφορὰν

508 1996 853 2076 ἐβαρύνθη.
897 2034 981 2044 -
1047 1996 1345 2077 φαίνεται
1401 1999 1474 2062 δὲ
1530 1997 1630 2063 ὅτι
1686 1999 1762 2063 τὸ
1817 2004 1947 2063 ποῦ
2004 2001 2110 2064 διὰ
2167 1999 2677 2080 μονοςυλλαβίαν
2740 2000 3103 2077 ἀναγκαίως

510 2101 847 2175 ςυνεξῆλθε
891 2105 982 2182 τῷ
1025 2101 1227 2177 τηλοῦ
1274 2101 1376 2163 καὶ
1421 2099 1644 2178 ἀγχοῦ.
2278 2086 2294 2106 ’

431 2229 457 2267 ε.
676 2200 875 2264 Ἔνιοι
918 2201 993 2265 τὸ
1039 2200 1380 2279 ἐναγχός
1425 2201 1777 2286 έβὰρυναν,
1836 2202 2125 2282 οἰόμενοι
2166 2203 2281 2281 τήν
2338 2202 2906 2283 ἑπιςυμβαίνουςαν
2964 2203 3102 2269 ςύν-

507 2305 675 2365 θεςιν
721 2300 926 2366 αἰτίαν
971 2300 1137 2367 εἶναι
1193 2306 1304 2381 τῆς
1367 2303 1738 2383 βαρύτητος.
1788 2340 1869 2350 —
1924 2303 2104 2382 Πρὸς
2151 2304 2189 2369 ὃ
2236 2305 2363 2369 ἔςτι
2405 2305 2639 2387 φάναι,
2695 2304 2793 2370 ὅτι
2838 2312 3101 2384 πρῶτον

507 2404 546 2483 ἡ
604 2403 683 2471 ἐκ
731 2403 1078 2469 ςυνθέςεως
1136 2404 1450 2484 προφορὰ
1503 2406 1674 2469 πολὺ
1732 2404 2054 2484 πρότερον
2114 2403 2255 2471 οἶδε
2308 2406 2424 2485 τὴν
2480 2405 2551 2471 ἐν
2607 2404 2947 2484 ἁπλότητι·
3020 2405 3100 2470 ού

508 2505 757 2581 λέγεται
825 2506 897 2570 δὲ
960 2504 1106 2568 κατ’
1172 2503 1335 2570 ἰδίαν
1397 2507 1473 2570 τό
1540 2504 1758 2585 ἀγχός.
1874 2506 2037 2585 πρὸς
2103 2506 2200 2571 οἷς
2267 2505 2420 2571 οὐδὲ
2484 2507 2737 2585 ἔχουςιν
2807 2505 3101 2584 ἄντικρυς

410 2633 458 2672 ιο
509 2605 823 2683 ἐπιςτῆςαι
865 2605 1168 2684 τοιαύτην
1228 2606 1511 2672 ςύνθεςιν
1568 2606 2035 2688 ἐπιρρημάτων.
2082 2644 2162 2654 -
2222 2608 2527 2687 δεύτερον
2580 2614 2657 2692 τῇ
2703 2612 3097 2692 ςυνεκδρομῇ

505 2710 638 2772 τῶν
684 2707 1010 2774 ὀξυτόνων
1057 2705 1306 2789 ὀφείλει
1353 2707 1701 2777 ὀξύνεςθαι.
1750 2745 1825 2755 -
1883 2710 2052 2790 Ἔχει
2109 2711 2182 2776 δὲ
2226 2711 2329 2776 καὶ
2372 2710 2409 2776 ὁ
2457 2710 2877 2792 ςχηματιςμός
2926 2714 3099 2795 τῇδε.

507 2810 587 2875 ὃν
630 2809 879 2889 τρόπον
924 2811 1029 2874 καὶ
1074 2810 1185 2875 ἐπ’
1232 2809 1576 2892 ὀνομάτων
1621 2813 2054 2892 μεταπλαςμοὶ
2095 2811 2415 2890 γίνονται,
2472 2812 2757 2893 καθάπερ
2801 2814 2877 2878 τὸ
2923 2813 3100 2892 ἐρυ-

506 2911 926 2991 ςὰρματες,
996 2912 1072 2976 τό
1132 2914 1344 2990 λῖτα,
1412 2914 1487 2978 τὸ
1545 2916 1722 2994 παρὰ
1782 2914 2044 2994 (απφοῑ
2110 2913 2257 2979 αὔα
2315 2913 2417 2992 (fr.
2480 2912 2601 2978 152
2660 2911 2968 2999 Bergk³)‚
3023 2915 3098 2980 τὸ

412 3037 459 3078 ιι
506 3033 609 3077 πυ
624 3013 1069 3092 ργοκέρατα
1112 3015 1288 3094 παρὰ
1335 3015 1689 3099 Βακχυλίδῃ
1733 3014 1843 3102 (fr.
1888 3016 1968 3080 51
2004 3014 2314 3101 Bergk³)‚
2344 3009 2642 3082 ’δυνατὸν
2687 3018 2790 3082 καὶ
2833 3017 2939 3081 ἐπὶ
2979 3021 3099 3082 τοῦ

506 3114 928 3193 προκειμένου
970 3120 1121 3199 τῇδε
1165 3120 1537 3195 γεγενῆςθαι
1579 3117 1695 3182 τὸν
1741 3117 2182 3198 ςχηματιςμόν.
2249 3117 2426 3197 παρὰ
2453 3118 2528 3182 τὸ
2574 3116 2780 3196 ἀγχοῦ
2826 3118 3095 3184 δύναται

504 3219 877 3295 γεγενῆςθαι
921 3217 996 3282 τὸ
1042 3216 1273 3301 ἀγχός,
1329 3219 1697 3299 προςλαβόν
1743 3220 1858 3298 τὴν
1916 3218 1989 3284 ἔν
2034 3220 2333 3298 πρόθεςιν
2378 3219 2537 3284 κατὰ
2580 3219 2947 3304 παρολκήν,
3004 3219 3097 3285 ὡς

506 3316 635 3396 ἔχει
679 3318 756 3383 τὸ
802 3318 1295 3395 ἐναλίγκιος,
1344 3318 1742 3403 ἐναντίος,
1787 3320 2131 3387 ἐνέπειν.
2207 3320 2271 3386 αἱ
2314 3325 2392 3402 δὴ
2437 3324 2723 3386 τοιαῦται
2765 3326 2899 3386 τῶν
2939 3341 3096 3402 προ-

641 3505 861 3557 Anovu.
929 3508 962 3556 5
997 3502 1289 3557 Adverbia
1321 3502 1381 3557 in
1416 3510 1483 3560 ’ὄί
1519 3504 1636 3558 fere
1672 3504 1863 3558 omnia
1897 3506 2147 3574 oxytona
2188 3507 2331 3562 sunt.
2406 3506 2599 3574 Πάρος
2633 3505 2810 3575 igitur
2841 3506 3095 3562 notabile

508 3587 615 3651 θεὶς
643 3588 826 3641 minua
848 3587 1103 3642 notabile
1125 3592 1330 3656 τῆμοςε
1357 3587 1612 3656 sequitur
1635 3588 1785 3642 enim
1810 3588 2130 3659 analogiam
2154 3589 2632 3645 col-relativorum.
2659 3620 2722 3629 —
2750 3595 2813 3644 16
2835 3590 3095 3659 Ἑναγχός

507 3674 654 3726 recte
703 3674 991 3741 oxytonon
1027 3673 1128 3728 est.
1205 3671 1443 3727 Factum
1488 3674 1637 3727 enim
1675 3674 1761 3728 est
1795 3689 1866 3728 ex
1901 3674 2108 3741 ἀγχοῦ,
2150 3675 2213 3729 ἐν
2257 3674 2673 3745 praepositione
2717 3674 3095 3744 redundante3

509 3788 570 3798 —
607 3763 668 3813 27
708 3761 807 3828 qui
841 3760 1201 3829 pleonasmus
1237 3773 1349 3811 non
1387 3757 1541 3812 valet
1572 3757 1646 3811 ad
1682 3758 1978 3813 accentum
2012 3759 2429 3815 retrahendum.

634 3929 862 3985 'lterum
919 3933 1004 3984 23.
1027 3927 1130 3982 Et.
1168 3925 1243 3982 M.
1285 3934 1406 3995 174,
1442 3933 1509 3984 38
1546 3928 1791 3996 Εἴρηται
1827 3928 1968 3995 (scil.
2004 3921 2129 3983 αῧω
2162 3952 2230 3974 ·--
2265 3926 2566 3997 καθεύδω)
2602 3925 2760 3998 παρὰ
2797 3924 2903 3998 τὴν
2940 3921 3092 3984 αῧαν

508 4015 781 4078 Αἰολικῶς
816 4011 924 4085 τὴν
961 4010 1212 4085 ἡμέραν·
1259 4008 1367 4081 τὴν
1403 4010 1511 4082 γὰρ
1546 4010 1632 4082 ἠῶ
1668 4010 1729 4068 οἱ
1761 4012 1988 4076 Αἰολεῖς
2033 4002 2182 4069 αὖον
2225 4008 2401 4079 (αὕαν
2438 4012 2488 4067 V
2525 4016 2583 4068 et
2617 4012 2782 4080 Gud„
2828 4000 2981 4066 αὖαν
3018 4013 3092 4082 1))

508 4103 668 4170 φασί.
738 4099 820 4156 Cf.
854 4098 931 4156 ib.
972 4104 1092 4166 171,
1132 4104 1157 4152 1
1195 4092 1437 4167 Αὔριον·
1484 4094 1643 4167 παρὰ
1689 4092 1754 4153 τὸ
1790 4093 1917 4153 αὖῶ
1964 4098 2042 4164 (in
2081 4097 2238 4156 Sorb.
2276 4099 2363 4152 est
2396 4091 2548 4165 αὕως
2596 4097 2708 4156 vid.
2746 4097 2840 4153 Or.
2879 4104 2967 4163 14,
3005 4100 3094 4167 24)

506 4181 805 4254 Αἰολικόν,
843 4175 875 4240 ὃ
913 4186 1184 4254 σημαίνει
1220 4180 1328 4251 τὴν
1364 4175 1606 4251 ἡμέραν.
1664 4182 1742 4238 ib.
1782 4188 1905 4248 174,
1930 4188 1997 4236 44
2022 4176 2207 4246 Αὕως·
2247 4177 2285 4252 ἡ
2309 4175 2452 4252 ἠώς,
2489 4182 2784 4240 τουτέστιν
2818 4177 3087 4253 ἡὴμέρα.

510 4265 674 4325 Οὕτω
713 4269 945 4339 λέγεται
981 4264 1139 4336 παρὰ
1178 4273 1301 4329 τοῖς
1335 4265 1618 4322 Αἰολεῦσι.
1694 4263 1951 4336 Σαπφώ·
1985 4262 2236 4323 ‘mma
2273 4260 2471 4330 αῧως’.

639 4440 842 4495 Βιιιοιι.
880 4457 1078 4494 nomm.
1151 4443 1199 4491 2.
1236 4437 1557 4492 ἑπικαλέςαι
1592 4435 1897 4498 GDronke.
1938 4437 2286 4505 ἑπικαλύψαι
2321 4438 2413 4492 Ab
2443 4438 2454 4505 Ι
2493 4443 2544 4492 6.
2586 4438 2939 4506 ἑπιρρήματά
2974 4440 3092 4495 ἑςτι

507 4524 545 4577 b
578 4526 634 4578 in
668 4525 852 4591 textu,
891 4521 1031 4578 ‘Son
1066 4522 1421 4590 ἐπιρρήματα
1456 4522 1595 4576 ἔςτι’
1632 4520 1704 4573 id.
1742 4522 1802 4574 in
1837 4537 1955 4578 var.
1992 4519 2121 4576 leet.
2158 4524 2241 4589 18.
2278 4525 2758 4579 ανταποδωτικοις
2792 4525 2836 4579 Α
2868 4525 2878 4592 Ι
2916 4529 2967 4583 9.
3002 4522 3088 4580 ‘R

508 4610 577 4663 τά
608 4609 754 4680 (τε)
788 4613 1045 4665 ‘remora’
1080 4607 1119 4661 b
1156 4605 1216 4660 in
1250 4621 1366 4660 var.
1402 4605 1529 4659 leot.
1589 4609 1598 4672 Ι
1670 4611 1749 4659 11.
1785 4607 1890 4661 οὖν
1924 4606 2021 4677 τὸ]
2059 4606 2156 4661 fol.
2193 4611 2286 4661 141
2313 4624 2356 4662 r.
2410 4609 2420 4674 Ι
2472 4612 2650 4675 τῆμος
2684 4607 2751 4675 b,
2788 4626 2955 4676 τημοι
2992 4611 3036 4665 Α
3076 4610 3085 4679 Ι

514 4700 587 4750 18.
621 4713 687 4750 ου
722 4710 895 4764 supra
929 4693 1028 4746 lin.
1066 4692 1131 4746 Αί
1199 4692 1209 4759 Ι
1272 4696 1356 4745 23.
1392 4691 1503 4744 αὔα
1536 4689 1835 4761 ThBergk,
1874 4692 1986 4745 αὐα
2021 4691 2114 4747 Ab
2137 4731 2151 4758 ,
2201 4689 2593 4746 ‘Scribendum
2627 4692 2855 4748 videtur
2888 4695 3087 4762 αὐόαν,

510 4787 784 4834 auroram’
812 4775 1170 4833 chALobeok
1200 4777 1209 4841 Ι
1239 4780 1322 4833 24.
1349 4776 1742 4844 πυργοκέρατα
1765 4775 1881 4841 ΑΙ),
1910 4775 1968 4833 ‘fi
1994 4777 2405 4844 πυρςοκέρατα’
2434 4776 2811 4846 ChALobeck,
2850 4778 3090 4834 ‘conieci
3119 4833 3126 4837 .

512 4865 721 4933 πύργον
755 4863 1088 4932 ὑψικέρατα’
1124 4858 1399 4931 ThBergk

3143 1608 3207 1656 10

3144 2118 3201 2166 15

3137 2626 3203 2675 20

3134 3132 3200 3181 25
