3738 5530
654 359 774 423 172
1569 360 1753 413 ΠΕΡΙ
1790 359 2340 413 ΕΠῙΡΡΗΜΑΤῼΝ.

1310 456 1323 471 ’
1654 483 1700 520 p.
1729 470 1819 520 583,
1850 468 2091 518 13-5s5‚
2120 470 2224 510 131»

646 564 1001 646 ἑρωτύλος,
1057 563 1225 630 ἀλλὰ
1268 566 1372 630 καὶ
1413 566 1589 644 παρὰ
1633 566 1886 630 εὐθεῖαν
1930 566 2047 644 τὴν
2092 565 2247 644 ἡδύς
2287 566 2364 630 τὸ
2421 566 2676 644 ἡδύλος.
2752 565 2946 632 οὐδὲν
2995 566 3116 631 οὐν
3161 568 3237 631 τὸ

645 666 948 744 ἐμποδὼν
990 669 1067 732 τὸ
1113 667 1325 731 πάντα
1370 669 1484 746 μὲν
1526 669 1604 732 τὰ
1648 668 2042 748 ἐπιρρήματα
2085 669 2261 745 παρὰ
2303 669 2557 743 γενικὰς
2602 668 3106 749 ςχηματίζεςθαι,
3164 669 3239 731 τό
3295 676 3342 716 1⁶

550 783 558 789 “
644 788 717 843 γε
764 771 885 848 μὴν
931 768 1019 833 ὥς
1063 770 1166 833 καὶ
1207 770 1283 833 τὸ
1329 768 1536 833 οὕτως
1581 769 1740 848 παρ’
1785 769 2053 834 εὐθείας.
2102 805 2183 815 -
2236 770 2400 849 Ἤδη
2459 769 2801 850 ἀπεδείχθη
2859 771 2938 834 τὰ
2984 770 3236 848 προκεί-

647 890 805 948 μενα
847 874 979 934 τῶν
1037 869 1483 949 ἐπιρρημάτων
1540 869 1677 954 ἰδίῳ
1736 873 1851 950 μὲν
1896 872 2070 954 τόνῳ
2128 872 2209 951 μὴ
2266 872 2651 955 κεχρημένα,
2711 872 3117 950 ἀναμένοντα
3170 871 3240 934 δὲ

578 982 610 1030 5
645 971 761 1049 τὴν
806 971 983 1050 τάςιν
1026 971 1144 1049 τὴν
1191 972 1261 1037 ἐν
1305 975 1664 1036 πτωτικοῖς.
1727 975 1926 1053 ςαφὲς
1971 971 2091 1055 ὅτι,
2137 972 2192 1037 εἰ
2235 974 2310 1037 τὸ
2357 973 2446 1038 ὥς
2488 977 2894 1057 περιεςπᾶτο,
2938 972 3238 1049 ἠλογεῖτο
3292 981 3345 1020 2⁰

650 1071 769 1155 ἄν,
813 1076 931 1136 τοῦ
977 1072 1050 1136 ὅς
1094 1072 1512 1150 ὀξυνομένου.
1591 1074 1780 1153 βίαιοι
1824 1074 1950 1153 ἄρα
1995 1074 2057 1138 οἱ
2102 1073 2670 1154 ὑπολαμβάνοντες
2715 1074 2874 1139 αὐτὸ
2904 1073 3238 1152 Δωρικόν·

653 1174 763 1238 καὶ
799 1175 923 1252 γὰρ
967 1178 1098 1239 τῶν
1144 1175 1461 1254 Δωρικῶν
1507 1175 1834 1253 πρόκειταί
1875 1197 2018 1242 τινα
2063 1176 2529 1255 περιςπώμενα.

818 1275 1079 1351 (υζυγεῖ
1118 1280 1212 1359 τῷ
1256 1276 1658 1360 προκειμένῳ
1704 1278 1907 1362 μορίῳ
1954 1276 2465 1342 ἀνταποδοτικὸν
2511 1280 2625 1356 μὲν
2670 1276 2745 1342 τὸ
2790 1277 2947 1359 τώς,
3004 1297 3240 1354 πυςμα·

646 1377 823 1441 τικὸν
892 1377 963 1440 δὲ
1027 1377 1103 1441 τὸ
1160 1381 1328 1458 πῶς,
1395 1378 1499 1441 καὶ
1565 1378 1655 1443 ἔτι
1726 1379 2128 1459 ἀναφορικόν
2194 1379 2269 1443 τὸ
2339 1378 2551 1461 ὅπως,
2618 1379 2773 1469 καθὸ
2851 1378 2951 1442 καὶ
3017 1376 3240 1441 ἄλλοις
3291 1388 3343 1427 2⁵

548 1491 613 1540 10
649 1478 689 1555 ἡ
761 1479 1023 1555 τοιαύτη
1096 1476 1264 1544 τάξις
1335 1480 1724 1557 παρέπεται,
1810 1482 1848 1563 ᾗ
1923 1487 1998 1565 τῇ
2074 1487 2161 1564 πῇ
2235 1480 2410 1563 ὅπῃ,
2493 1478 2572 1543 οὗ
2646 1483 2763 1545 τοῦ
2837 1483 2967 1543 ποῦ
3044 1478 3235 1561 ὅπου,

646 1579 833 1658 ἡνίκα
918 1578 1138 1658 τηνίκα
1224 1579 1456 1659 πηνίκα
1543 1580 1836 1660 ὁπηνίκα.
1919 1620 1999 1629 -
2072 1582 2245 1646 Ἴςως
2313 1581 2433 1647 οὖν
2504 1601 2597 1645 τις
2670 1581 2854 1661 φήςει
2928 1580 3009 1645 τὰ
3080 1580 3239 1644 κατὰ

646 1685 867 1746 πεῦςιν
943 1679 1284 1759 ὁμοτονεῖν
1355 1685 1493 1747 τοῖς
1565 1683 1723 1746 κατὰ
1798 1681 2132 1747 ἀπόλυςιν.
2225 1682 2340 1746 «τὸ
2401 1687 2528 1747 ποῦ
2588 1684 2987 1761 περιςπᾶται,
3073 1680 3238 1746 ἀλλὰ

647 1783 749 1846 καὶ
804 1783 880 1847 τὸ
940 1780 1020 1845 οὗ
1074 1786 1185 1860 τῆς
1243 1781 1439 1861 αὐτῆς
1490 1784 1731 1848 τάςεως
1786 1784 2018 1863 ἔχεται.
2117 1783 2330 1867 ἡνίκα,
2408 1786 2512 1848 καὶ
2575 1786 2650 1849 τὸ
2715 1785 2968 1862 πηνίκα.
3067 1784 3142 1847 τὸ
3197 1783 3235 1865 ᾗ
3288 1793 3341 1833 ³⁰

646 1887 1048 1963 περιςπᾶται,
1117 1881 1282 1948 ἀλλὰ
1343 1885 1444 1947 καὶ
1506 1887 1582 1948 τὸ
1645 1892 1752 1969 πῇ.
1847 1886 1903 1951 εἰ
1964 1888 2041 1963 δὴ
2107 1886 2209 1950 καὶ
2274 1886 2350 1950 τὸ
2415 1891 2554 1949 πῶς
2620 1889 3024 1963 περιςπᾶται,
3088 1883 3237 1962 ὁμό-

550 1999 613 2046 15
650 1972 854 2062 λογον
922 1983 1021 2049 ὅτι
1074 1987 1180 2049 καὶ
1232 1988 1308 2051 τὸ
1372 1986 1461 2051 ὥς
1517 1988 2128 2066 περιςπαςθήςεται.»
2206 1987 2400 2051 Ἀλλὰ
2452 1986 2616 2065 πρός
2677 2006 2751 2062 γε
2806 1988 2882 2051 τὸ
2938 1990 3238 2051 τοιοῦτον

649 2086 773 2150 ἔςτι
818 2086 1041 2167 φάναι.
1114 2088 1173 2152 τί
1215 2087 1339 2165 γὰρ
1384 2090 1650 2170 μᾶλλον,
1696 2087 1750 2153 εἰ
1793 2089 1869 2152 τὸ
1906 2088 1996 2153 ὥς
2027 2087 2468 2153 ἀποδέδεικται
2500 2089 2788 2164 εὐλόγως
2820 2086 3238 2168 ὀξυνόμενον,

651 2188 796 2266 οὐχὶ
851 2189 926 2253 τὸ
983 2193 1123 2254 πῶς
1179 2191 1666 2269 περιςπώμενον
1722 2191 2107 2269 ἡμαρτῆςθαι
2165 2190 2630 2269 ὁμολογήςουςι
2683 2192 2801 2253 τοῦ
2859 2189 2992 2253 ἀπὸ
3042 2193 3162 2253 τοῦ
3205 2193 3241 2252 ῐ
3277 2197 3379 2245 684

652 2290 1020 2369 ἀρχομένου
1066 2291 1211 2355 κατ’
1256 2290 1474 2356 ὀξεῖαν
1520 2291 1871 2372 προφορὰν
1884 2340 1903 2374 ,
1948 2291 2119 2366 λέγω
2163 2294 2279 2355 τοῦ
2323 2292 2477 2370 τώς;
2525 2328 2606 2338 -
2659 2291 2864 2356 ’Έςτιν
2911 2290 3031 2355 οὐν
3076 2289 3237 2368 ὑπὲρ

651 2389 1041 2471 ἀμφοτέρων
1097 2390 1506 2473 ἀναλαβόντα
1558 2394 1674 2459 τὸν
1732 2392 1935 2467 λόγον
1980 2391 2190 2458 ἐκεῖνο
2245 2392 2479 2476 φάναι,
2534 2392 2624 2457 ὡς
2680 2391 2967 2470 εὐλόγως
3016 2393 3119 2455 καὶ
3160 2392 3238 2455 τὸ

548 2504 617 2551 20
651 2497 793 2557 πῶς
847 2497 1264 2577 περιεςπᾶτο,
1321 2493 2000 2574 προαποδεδειγμένου
2053 2497 2172 2559 τοῦ
2228 2494 2326 2559 ὅτι
2381 2494 2456 2558 τὸ
2517 2492 2606 2557 ὥς
2656 2492 2970 2563 ὀξύνεται.
3028 2529 3102 2538 -
3161 2491 3241 2556 τὰ
3292 2510 3317 2549 5

651 2593 939 2672 πύςματα
983 2596 1022 2673 ἢ
1068 2594 1256 2675 φύςει
1299 2597 1468 2660 θέλει
1513 2596 1892 2675 βαρύνεςθαι
1933 2596 1972 2673 ἢ
2017 2596 2299 2675 δυνάμει.
2367 2595 2447 2660 τὰ
2492 2598 2653 2672 γοῦν
2698 2593 2858 2673 ὑπὲρ
2905 2595 3052 2672 μίαν
3098 2596 3239 2658 ςυλ-

654 2696 877 2780 λαβήν,
921 2696 1157 2776 ἔχοντα
1186 2697 1392 2762 τόπον
1422 2701 1532 2776 τῆς
1574 2696 1850 2777 βαρείας,
1898 2696 2107 2762 πάντα
2141 2697 2507 2779 βαρύνεται·
2552 2697 2632 2761 τὰ
2673 2697 2743 2760 δὲ
2775 2696 3239 2777 μονοςύλλαβα,

653 2798 733 2862 οὐ
782 2798 1105 2876 δυνάμενα
1135 2799 1316 2864 ἐκτὸς
1345 2803 1457 2878 τῆς
1488 2798 1694 2865 ὀξείας
1723 2800 2032 2882 γενέςθαι,
2077 2799 2341 2879 δυνάμει
2372 2798 2687 2879 ἐβαρύνθη
2718 2798 3237 2877 περιςπαςθέντα.

788 2981 1005 3038 Anava.
1067 2991 1099 3039 3
1136 2983 1296 3049 Quod
1321 3001 1449 3038 cum
1472 2985 1555 3037 ita
1577 2985 1675 3048 sit,
1714 2982 1912 3037 acutus
1935 2986 2087 3037 recte
2112 2983 2423 3053 imponitur
2456 2986 2534 3038 ὥς
2560 2982 2848 3036 adverbio.
2883 3011 2948 3021 —
2988 2988 3052 3036 10
3077 2981 3243 3035 Dicat

660 3067 899 3121 sortasse
936 3067 1248 3137 quispiam,
1289 3069 1367 3123 ὧς
1403 3066 1759 3122 scribendum
1798 3084 1947 3136 esse,
1985 3069 2050 3121 ut
2084 3084 2209 3121 cum
2248 3072 2374 3124 πῶς
2409 3068 2699 3137 congruat.
2735 3097 2801 3106 -
2839 3073 2901 3119 15
2939 3065 3046 3120 Sed
3074 3066 3138 3119 ut
3162 3067 3239 3119 ὥς

653 3152 913 3219 acutum,
949 3152 1033 3206 ita
1066 3157 1193 3208 πῶς
1229 3152 1649 3227 circumflqxum
1687 3168 1786 3206 suo
1822 3152 1943 3206 iure
1979 3151 2169 3210 habet.

784 3309 1007 3375 ⁵'Pas-rm.
1077 3328 1145 3376 20
1180 3321 1363 3392 Epim,
1401 3321 1484 3376 Cr.
1522 3328 1648 3386 324,
1686 3327 1752 3375 32
1791 3319 1860 3374 τὰ
1900 3317 2304 3391 μονοσύλλαβα
2343 3321 2462 3390 εἶχε
2502 3318 2602 3374 τὸν
2639 3314 2810 3374 τόνον
2847 3315 3121 3387 φυσικόν·
3171 3315 3241 3373 τὰ

654 3402 765 3474 γὰρ
799 3403 1071 3475 πύσματα
1108 3402 1469 3477 βαρύνεσθαι
1514 3404 1710 3473 θέλει,
1760 3407 2119 3474 χαρακτῆρος
2163 3403 2240 3474 μὴ
2288 3399 2692 3473 ἀντικειμένου
2730 3398 2827 3467 (ὥς
2865 3405 3102 3473 εἴπομεν
3138 3399 3240 3457 διὰ

654 3483 719 3544 τὸ
764 3491 1004 3559 ποδαπῆ
1051 3494 1150 3546 καὶ
1197 3492 1509 3559 avocati-9·
1557 3484 1762 3557 πόσος,
1817 3492 2068 3558 πηνίκα·
2127 3487 2198 3543 τὰ
2256 3487 2325 3545 δὲ
2370 3483 2772 3556 μονοσύλλαβα
2827 3481 2932 3543 οὐκ
2979 3482 3240 3556 ἠδύνατο

656 3567 1045 3643 βαρύνεσθαι,
1092 3570 1305 3630 ἐκώλυε
1348 3570 1458 3643 γὰρ
1502 3569 1538 3641 ἦ
1591 3575 2020 3643 μονοσυλλαβία
2058 3614 2069 3626 .
2107 3565 2247 3630 ὅταν
2286 3563 2393 3628 οὖν
2436 3568 2813 3642 προ<σ>λάβῃ
2850 3572 2915 3626 τὸ
2949 3574 3066 3641 (ὃ)
3102 3566 3239 3627 ἀνα-

660 3654 909 3726 φορικὸν
945 3660 1044 3714 καὶ
1081 3658 1320 3729 γένηται
1355 3656 1503 3724 ὑπὲρ
1539 3661 1682 3727 μίαν
1720 3653 2035 3729 συλλαβήν,
2071 3651 2474 3728 ἀναλαμβάνει
2514 3652 2615 3711 τὸν
2652 3653 3035 3728 ὀφειλόμενον
3071 3653 3242 3712 τόνον

658 3742 760 3796 καὶ
798 3737 1131 3812 βαρύνεται.
1201 3742 1326 3798 οἷον
1362 3745 1505 3810 πού,
1544 3762 1574 3796 ο
1611 3741 1711 3796 καὶ
1746 3740 1826 3814 πῇ
1866 3740 2122 3811 λέγεται,
2172 3742 2272 3796 καὶ
2307 3741 2443 3804 πῶς.
2517 3745 2705 3798 ταῦτα
2744 3734 2811 3797 ού
2850 3743 3109 3810 φυσικῶς
3142 3761 3236 3796 πε-

656 3827 1015 3897 ριεσπάσθη,
1072 3825 1219 3883 ἀλλὰ
1272 3821 1403 3883 κατ’
1452 3821 1731 3895 ἀνάγκην.
1820 3821 1888 3881 ού
1946 3823 2053 3895 γὰρ
2105 3821 2368 3896 ἠδύνατο
2421 3826 2784 3896 βαρύνεσθαι
2838 3820 3240 3896 μονοσύλλαβα

657 3905 816 3965 ὄντα.
878 3907 1208 3981 ἀναγκαίως
1243 3907 1356 3982 ἄρα
1378 3913 1755 3981 περισπᾶται,
1795 3910 1896 3964 καὶ
1923 3909 2168 3980 δυνάμει
2197 3909 2297 3965 διὰ
2325 3910 2424 3979 τῆς
2447 3909 2881 3980 περισπωμένης
2906 3906 3234 3982 βαρύνεται.

657 3991 762 4050 ἐὰν
805 3988 910 4050 οὖν
957 3994 1253 4068 προσέλθῃ
1298 3993 1361 4052 τὸ
1409 4005 1441 4050 ὃ
1485 3998 1583 4052 καὶ
1629 3996 1737 4070 σχῇ
1783 3993 1889 4063 τὴν
1925 3992 2217 4066 ποσότητα
2253 3997 2355 4065 τῆς
2390 3997 2655 4066 βαρείας,
2707 3990 3105 4066 ἀναλαμβάνει
3142 3995 3240 4049 καὶ

657 4075 763 4147 τὴν
799 4081 1066 4150 βαρεῖαν,
1102 4071 1254 4143 ὅπως
1289 4087 1408 4140 κτλ.

696 4189 839 4194 -—·--
870 4191 883 4194 -
914 4189 959 4194 ἡ.
982 4191 1060 4198 -ἦ-

791 4232 976 4291 stcn.
1012 4251 1212 4294 scnnvr.
1284 4243 1328 4287 1.
1377 4236 1661 4303 ἐρωτύλος
1696 4236 1762 4301 b,
1809 4252 2080 4303 ερωτικος
2117 4237 2159 4290 Α
2192 4239 2202 4303 Ι
2241 4237 2392 4302 παρὰ
2430 4236 2654 4289 εὐθεῖαν
2688 4236 2801 4302 τὴν
2836 4233 2903 4301 b,
2943 4250 3098 4301 παρα
3132 4251 3241 4301 την

658 4319 880 4370 ευθειαν
917 4336 1073 4386 παρα
1107 4335 1216 4388 την
1254 4323 1296 4375 Α
1327 4322 1337 4384 Ι
1367 4326 1414 4373 2.
1451 4321 1718 4386 ἐμποδὼν
1754 4319 2143 4386 RSkrzeczka,
2182 4320 2471 4386 ὲμποδοθν
2508 4320 2600 4374 ΑΙ)
2641 4322 2650 4386 Ι
2688 4324 2737 4373 8.
2774 4321 3240 4373 ανταποδωτικον

659 4420 701 4472 Α
734 4421 743 4486 Ι
785 4424 865 4475 13.
903 4420 1095 4488 ἡνίκα]
1135 4420 1230 4474 fol.
1268 4426 1365 4475 136
1388 4423 1472 4484 τ.Ι
1519 4428 1592 4474 14.
1631 4424 1695 4476 ΑΙ
1733 4403 1909 4489 marg.
1946 4421 2086 4474 haec
2124 4420 2420 4490 adscripsit
2454 4440 2502 4475 ει
2536 4423 2604 4488 δη
2641 4439 2703 4516 '‘1„
2736 4438 2804 4475 το
2849 4413 2891 4474 'ff
2952 4403 3242 4474 ῼουτεςτιν

660 4519 708 4555 ει
743 4504 805 4557 δε
845 4520 939 4558 και
974 4519 1043 4558 το
1066 4521 1193 4558 πως
1225 4511 1233 4568 Ι
1269 4510 1346 4562 17.
1382 4510 1487 4559 τοῦ
1526 4505 1588 4570 b,
1623 4500 1768 4560 του·ιΞ
1796 4509 1859 4569 Α,
1897 4504 1934 4557 i.
1973 4521 2020 4558 e.
2055 4522 2159 4559 του
2192 4522 2256 4560 τε
2293 4508 2360 4559 ut
2381 4524 2435 4576 p.
2469 4513 2577 4570 124,
2610 4513 2685 4573 16,
2714 4506 2801 4559 vel
2823 4522 2926 4559 του
2949 4522 3054 4574 της
3079 4505 3144 4557 ut
3171 4503 3239 4556 de

660 4586 803 4641 coni.
839 4595 959 4654 512,
992 4595 1050 4642 13
1074 4588 1111 4641 b
1161 4591 1169 4654 Ι
1221 4594 1434 4644 17-18.
1474 4591 1602 4659 post
1635 4591 2037 4657 όμολογήςουςι
2074 4604 2294 4642 comma
2326 4590 2650 4658 ponendum
2687 4592 2748 4644 et
2779 4591 2909 4659 post
2942 4589 3243 4656 προφορὰν

658 4671 1018 4725 inserendum
1045 4689 1165 4727 esse
1192 4676 1359 4729 ὄντος
1396 4675 1591 4728 censet
1613 4673 1997 4736 RSkrzeczka,
2035 4673 2185 4726 idem
2221 4675 2463 4728 coniecit
2487 4674 2762 4728 GDronke
2793 4678 2804 4741 Ι
2837 4679 2914 4727 18.
2943 4689 3053 4727 non
3091 4673 3242 4727 recte

660 4755 697 4807 b
744 4754 884 4809 dicit
924 4773 1027 4824 pro
1071 4763 1177 4811 τοῦ
1219 4761 1365 4823 τώς,
1412 4758 1565 4825 quod
1609 4759 1696 4812 est
1736 4758 1791 4811 in
1828 4760 1871 4813 Α
1918 4756 2181 4826 quodque
2230 4758 2351 4826 ipse
2388 4758 2634 4827 scripsiss,
2683 4758 2740 4812 in
2779 4759 2828 4813 A
2865 4774 2985 4812 ease
3020 4776 3124 4812 του
3156 4773 3192 4811 τ
3229 4756 3239 4826 Ι

665 4845 744 4897 19.
781 4856 859 4893 ως
897 4841 967 4904 Α,
1004 4843 1093 4895 ὅτι
1131 4842 1164 4894 b
1197 4844 1205 4910 Ι
1237 4849 1316 4897 20.
1356 4845 1970 4909 προςαποδεδειγμενου
2009 4846 2051 4898 Α
2085 4846 2095 4911 Ι
2125 4850 2205 4896 23.
2247 4861 2278 4895 κ
2313 4843 2370 4896 in
2408 4859 2571 4898 εκτος
2606 4842 2664 4896 in
2699 4859 2894 4897 rasura
2925 4843 2985 4897 in
3021 4843 3063 4896 Α
