3738 5530
1103 390 1627 446 PERSONALIVM
1659 393 2099 446 NomNA‘r1v1
2133 380 2513 446 PLvssAms,
3019 393 3103 458 93

514 595 842 673 Ἀττικῶν,
893 595 1156 680 ἡμεῖς,
1214 598 1462 678 ὑμεῖς,
1508 599 1760 676 ςφεῖς.
1845 596 1974 661 ἔςτι
2011 597 2432 662 πιςτώςαςθαι
2475 597 2579 660 καὶ
2620 597 2698 660 τὸ
2741 594 3102 678 ἀδιαίρετον

511 700 625 775 τῆς
667 697 912 763 εὐθείας
943 699 1102 776 παρ’
1141 700 1345 765 Ἴωςιν
1377 699 1448 763 ἐκ
1475 702 1609 763 τῶν
1641 699 1785 777 περὶ
1815 699 2256 780 Δημόκριτον,
2303 697 2702 780 Φερεκύδην,
2751 698 3100 764 Ἑκαταῖον.

510 798 588 863 τὸ
652 800 775 877 γὰρ
833 799 905 864 ἐν
962 799 1436 882 Εἰδωλοφανεῖ·
1495 799 1715 880 «ὑμέες
1742 799 2022 885 ,Αἰόλιον
2078 798 2473 878 περιχεύετε»
2532 802 2707 879 παρὰ
2761 802 3101 884 Παρθενίῳ

432 911 475 965 O
514 899 643 963 ὑπὸ
697 906 1022 980 ποιητικῆς
1078 894 1293 967 ἀδείας
1348 904 1770 984 παραληφθὲν
1827 900 1909 966 οὐ
1965 900 2422 980 καταψεύςεται
2468 901 2804 966 διαλέκτου
2848 921 3103 967 πιςτου-

514 1001 708 1081 μένης
738 1001 1100 1083 ἐλλογίμοις
1131 1008 1618 1084 ςυγγραφεῦςιν.
1680 1003 1894 1084 Ἁμές
1928 1002 2214 1081 Δώριον.
2262 1002 2533 1082 Ἀλκμάν
2564 1001 2667 1088 (fr.
2690 1002 2775 1067 65
2799 1001 3103 1089 Bergk³)·
3139 1024 3172 1072 5

768 1103 859 1168 ὡς
903 1104 1055 1185 ἁμὲς
1097 1106 1174 1170 τὸ
1218 1106 1421 1171 καλὸν
1466 1107 1781 1186 μελίςκον.
2997 1094 3002 1100 ’

516 1203 648 1268 Οὐκ
691 1205 1040 1284 ἐπίληπτος
1084 1208 1156 1271 δὲ
1198 1206 1238 1284 ἡ
1282 1207 1482 1283 τάςις,
1529 1209 1686 1273 καθὸ
1732 1209 1813 1272 τὰ
1857 1209 2141 1272 πτωτικὰ
2186 1205 2618 1284 ἀπέςτραπται
2672 1208 2791 1284 τὴν
2838 1207 2944 1271 ἐπὶ
2984 1212 3104 1272 τοῦ

512 1309 580 1369 ἐἰ
635 1305 848 1372 ὀξεῖαν
894 1309 1024 1393 (καὶ
1068 1311 1173 1373 διὰ
1216 1312 1410 1374 τοῦτο
1465 1309 1625 1373 ἔνιοι
1679 1309 1754 1373 τὸ
1813 1309 2158 1389 βιόπλανες
2202 1308 2586 1388 βαρύνουςιν
2632 1308 2766 1373 ἀπὸ
2808 1312 2926 1373 τοῦ
2972 1312 3103 1388 βιο-

509 1408 791 1486 πλανής,
839 1411 942 1474 καὶ
984 1409 1307 1490 ἐπίτηδες,
1352 1411 1477 1475 καὶ·
2315 1396 2324 1401 ’
3121 1412 3130 1421 “

763 1508 987 1575 ἄκλεες
1030 1508 1241 1576 αὔτως
1289 1511 1361 1590 (Η
1412 1510 1563 1594 100)
3145 1531 3204 1578 ιο

304 1625 401 1673 119
425 1621 475 1673 A
511 1610 643 1676 ἀπὸ
685 1613 805 1675 τοῦ
850 1612 1126 1693 ἀκλεής).
1225 1612 1504 1691 Πρῶτον
1562 1612 1625 1678 αἱ
1680 1612 2097 1692 πρωτότυποι
2158 1612 2546 1691 ἀντωνυμίαι
2594 1612 2711 1677 οὐκ
2756 1612 3106 1678 ἀκόλουθοι

511 1712 881 1792 ἐδείχθηςαν
925 1716 1069 1778 τοῖς
1111 1713 1332 1778 ἄλλοις
1377 1717 1733 1780 πτωτικοῖς.
1811 1713 2033 1779 ἔπειτα
2063 1715 2344 1794 Δωριεῖς
2374 1714 2482 1779 ἐπὶ
2523 1714 2601 1778 τὸ
2631 1715 2818 1780 τέλος
2849 1717 3106 1794 φιλοῦςι

511 1814 628 1891 τὴν
673 1814 891 1881 ὀξεῖαν
936 1814 1318 1894 προςάγειν,
1363 1816 1531 1895 παρ’
1573 1814 1670 1880 οἷς
1715 1816 1912 1881 πάλιν
1957 1816 1996 1895 ἡ
2044 1816 2374 1897 ἀφαίρεςις
2419 1818 2589 1881 τοῦῐ
2632 1814 2839 1881 ὀξείας
2868 1815 3105 1892 γίνεται

509 1915 909 1996 ἑμποιητική,
989 1916 1127 1981 ἐπεὶ
1170 1919 1433 1981 ποιεῖς
1498 1917 1755 2001 ποιές,
1833 1918 2028 1983 πάλιν
2093 1921 2205 1996 τῆς
2274 1918 2675 1995 καταλήξεως
2743 1917 3106 1996 ἑπιλήπτως

509 2015 928 2099 ὀξυνομένης,
976 2016 1107 2094 εἴγε
1150 2018 1230 2083 τὰ
1276 2019 1522 2099 ῥήματα
1564 2021 1679 2098 τὴν
1725 2019 1942 2085 ὀξεῖαν
1984 2018 2160 2084 τάςιν
2192 2017 2651 2098 ἀπέςτραπται·
2697 2019 2800 2083 καὶ
2842 2020 2919 2083 τὸ
2950 2019 3105 2083 νοέν
3144 2036 3209 2084 15

507 2117 610 2180 καὶ
650 2118 727 2182 τὸ
775 2120 1185 2199 δαςμηφορέν
1231 2119 1522 2186 ὀξύνεται
1568 2121 1761 2186 πάλιν
1804 2127 1881 2205 τῇ
1927 2120 2087 2203 αὐτῇ
2133 2119 2460 2200 ὑφαιρέςει
2503 2125 2622 2186 τοῦ
2667 2123 2709 2185 ῐ.
2799 2120 2963 2198 πρὸς
3011 2118 3106 2184 οῐς

424 2229 476 2283 Β
513 2220 616 2282 καὶ
670 2219 709 2295 ἡ
767 2221 1213 2301 περιςπωμένη
1260 2222 1717 2301 ςυςτελλομένη
1764 2221 1940 2288 ὀξεῖα
1982 2220 2254 2304 γίνεται,
2309 2222 2520 2287 τύπου
2562 2221 2739 2288 τινὸς
2782 2221 2864 2301 μὴ
2910 2221 3104 2302 ἐμπο-

511 2319 824 2386 δίζοντος.
911 2322 1161 2388 Αἰολεῖς
1205 2321 1480 2402 ἄμμες·

765 2422 959 2502 ἄμμες
1004 2423 1061 2487 δ’
1105 2423 1186 2489 ἀν
1228 2426 1305 2488 τὸ
1349 2425 1575 2502 μέςςον
1621 2423 1873 2509 (Alcaei
1917 2424 1996 2489 fr.
2047 2426 2127 2489 10
2170 2423 2458 2508 Ahren8‚
2509 2425 2586 2488 18
2633 2422 2935 2508 Bergk³).

508 2526 812 2590 τοιοῦτον
856 2526 959 2590 καὶ
999 2526 1074 2589 τὸ
3133 2545 3201 2593 20

1339 2626 1536 2707 ἄμμες
1580 2628 1867 2708 ἐῒςκομεν
1914 2628 1963 2711 (ι
2006 2627 2183 2708 321).

681 2727 814 2793 Τοῦ
858 2729 1164 2807 δευτέρου
1210 2729 1447 2808 ὑμεῖς.
1545 2731 1822 2812 Δωριεῖς
1867 2730 2086 2810 ὑμές·
2145 2729 2323 2810 ὑμὲς
2381 2731 2464 2795 δὲ
2508 2728 3106 2807 ἑπεγγυάμενοι

510 2833 870 2914 θωκεῖτε,
919 2829 1208 2911 (ώφρων
1254 2830 1362 2914 (fr.
1410 2833 1490 2895 41
1538 2832 1841 2915 Ahrens).
1928 2832 2178 2898 Αἰολεῖς
2223 2832 2488 2912 ὔμμες·

767 2931 847 2995 οὔ
891 2932 948 2996 τί
991 2953 1097 3010 μοι
1140 2930 1335 3012 ὔμμες
1380 2930 1705 3017 (Sapphus
1748 2933 1831 2997 fr.
1880 2933 1963 2998 23
2010 2932 2307 3018 Bergk³)·

767 3033 843 3097 ἃς
888 3033 1104 3098 θέλετ’
1147 3033 1373 3117 ὔμμες,
3137 3052 3203 3101 25

515 3134 586 3199 ἐν
617 3134 899 3220 δευτέρῳ
930 3134 1177 3216 (απφώ
1209 3134 1320 3222 (fr.
1353 3135 1436 3201 95
1466 3135 1751 3220 Ahrenn,
1781 3136 1866 3200 24
1900 3136 2113 3221 Bergk
2131 3135 2203 3222 ³).
2264 3137 2539 3202 Βοιωτοὶ
2565 3137 2720 3216 μετὰ
2750 3136 3108 3216 διφθόγγου

435 3248 477 3303 C
512 3240 629 3300 τοῦ
675 3254 785 3299 ου·

765 3321 959 3402 οὐμὲς
1002 3324 1076 3386 δὲ
1121 3322 1522 3404 κομιςθέντες

516 3422 788 3501 Κόριννα
832 3424 978 3488 ἕπτ’
1023 3423 1127 3487 ἐπὶ
1172 3425 1408 3504 Θήβαις
1454 3425 1562 3508 (fr.
1610 3425 1651 3489 9
1696 3425 1987 3508 Ahrens,
2034 3426 2076 3490 6
2124 3424 2339 3511 Bergk
2357 3425 2428 3508 ³).

644 3607 861 3665 Anava.
934 3612 965 3659 6
1008 3608 1222 3663 Acutue
1268 3609 1492 3663 doricae
1537 3611 1671 3677 ἁμές
1716 3610 1931 3666 formae
1969 3610 2374 3680 vituperandus
2422 3626 2534 3664 uon
2572 3612 2682 3678 est3
2730 3626 2862 3665 nam
2899 3611 2943 3677 ι)
2979 3623 3104 3680 per-

519 3690 737 3745 sonalia
769 3692 1091 3762 analogiam
1125 3710 1237 3747 non
1274 3695 1609 3764 sequuntur;
1646 3699 1692 3761 ε)
1729 3693 1909 3749 Dores
1942 3695 2203 3752 ultimam
2236 3697 2403 3750 acuto
2428 3697 2649 3766 signare
2685 3696 2895 3759 solent3
2933 3699 2979 3762 a)
3005 3694 3106 3749 oir-

520 3774 781 3829 cumflexi
816 3775 1031 3842 locum,
1078 3778 1297 3846 syllaba
1330 3779 1617 3848 correpta,
1667 3781 1867 3834 acutus
1904 3780 2167 3849 occupat,
2212 3782 2610 3850 praeterquam
2654 3778 2755 3833 ubi
2789 3779 2972 3833 forma
3005 3780 3106 3832 im-

519 3859 846 3928 pedimento
893 3863 994 3920 est.
1047 3899 1111 3907 —
1157 3869 1221 3916 22
1266 3861 1505 3917 Pluralis
1550 3863 1829 3918 secundae
1874 3881 2163 3933 personae.

664 4027 851 4082 D1scn.
892 4049 1088 4088 sempr.
1164 4038 1213 4086 1.
1251 4048 1398 4087 εςτιν
1434 4033 1477 4086 Α
1526 4032 1536 4101 Ι
1584 4035 1674 4087 καὶ
1709 4033 1944 4087 fortasse
1980 4034 2111 4088 ante
2149 4035 2521 4090 πιςτώςαςθαι
2558 4032 2948 4088 collocandum
2985 4048 3107 4086 esse

520 4112 810 4169 existimat
845 4113 1211 4170 RSkrzeozka
1253 4121 1263 4182 1
1317 4115 1654 4199 ἀδιαίρετον]
1691 4117 1785 4176 fol.
1826 4123 1921 4172 186
1947 4134 1999 4172 v.
2047 4120 2056 4183 Ι
2103 4124 2152 4172 3.
2193 4118 2271 4172 sio
2301 4118 2486 4172 locum
2521 4118 2772 4172 restituit
2805 4116 3104 4184 LDindorf‚

518 4199 591 4252 τὸ
624 4200 734 4264 γὰρ
779 4200 842 4252 ἐν
877 4200 1263 4268 Εἰδωλοφανεῖ
1299 4201 1543 4257 ὙΜΕΕ(
1570 4202 1809 4257 Αἰόλιον.
1849 4204 2177 4270 περιχεύετε
2200 4202 2237 4256 b
2269 4205 2278 4270 Ι
2309 4209 2358 4261 6.
2383 4204 2541 4269 Ἀμές
2567 4201 2912 4280 ΗΙιΑΙιτοῑιε,
2935 4204 3108 4264 *Αμες

520 4281 557 4333 b
588 4287 598 4348 Ι
627 4287 677 4336 6.
714 4283 971 4348 μελίςκον
1008 4287 1130 4354 ΑΙ),
1178 4286 1458 4352 μελίςκιον
1492 4286 1769 4357 ThBergk
1798 4291 1808 4353 Ι
1839 4292 1889 4341 7.
1925 4289 2035 4353 τὴν
2072 4289 2168 4341 ἐπὶ
2201 4293 2304 4341 τοῦ
2343 4285 2730 4354 RSohneider,
2765 4304 2875 4355 την
2910 4304 3004 4342 επι
3038 4304 3107 4341 το

521 4368 593 4431 Α,
630 4368 742 4433 τὴν
778 4367 857 4422 εἰς
892 4371 962 4421 τὸ
1000 4368 1036 4422 b
1068 4373 1077 4437 Ι
1104 4375 1153 4424 8.
1193 4374 1510 4437 βιοπλανεις
1547 4373 1590 4426 Α
1621 4375 1633 4440 ι
1667 4378 1744 4427 10.
1782 4373 1975 4427 αὔτως
2009 4370 2388 4441 Ιθαίῑίῑειιδας,
2426 4372 2524 4440 qui
2557 4387 2783 4426 versum
2816 4370 3107 4436 indicavit,

520 4449 783 4506 ‘formae
818 4454 1039 4508 οὕτως’
1070 4452 1321 4522 KLehrs,
1356 4472 1546 4511 αυτως
1570 4457 1640 4521 Α,
1680 4457 1956 4511 ώςαύτως
1991 4456 2028 4510 b
2059 4458 2068 4524 Ι
2102 4463 2182 4513 11.
2220 4460 2438 4512 ακλεεις
2474 4458 2517 4511 Α
2550 4463 2559 4521 Ι
2592 4462 2674 4511 12.
2713 4459 2970 4522 φιλουςιν
3006 4456 3048 4509 Α
3091 4455 3100 4523 Ι

525 4540 603 4592 13.
627 4538 899 4604 προάγειν
923 4536 1280 4594 RSohneider
1308 4542 1319 4609 Ι
1353 4547 1429 4595 19.
1456 4542 1526 4595 ἀν
1561 4541 1630 4593 τὸ
1669 4544 1871 4607 μέςςον
1904 4539 2197 4610 ThBergk,
2232 4543 2301 4594 ὸν
2335 4544 2404 4594 τὸ
2442 4542 2640 4607 μέςςον
2663 4540 2992 4605 HLAhrens,
3031 4541 3102 4593 ἂν

521 4622 592 4672 τὸ
628 4623 796 4686 μὲςον
822 4622 914 4678 Ab
945 4627 956 4689 Ι
985 4629 1067 4678 20.
1102 4642 1136 4678 κ
1169 4623 1229 4678 in
1266 4642 1355 4680 και
1379 4641 1448 4679 ex
1472 4644 1505 4680 τ
1530 4627 1742 4679 factum
1766 4626 1837 4678 ab
1864 4626 1944 4679 Aac
1973 4629 1982 4693 Ι
2014 4631 2096 4679 22.
2122 4627 2316 4691 ύμές·
2354 4626 2489 4691 ύμές
2513 4624 2799 4679 FWSturz
2833 4624 2887 4686 b,
2923 4610 3106 4690 Ιἰίμμες

524 4705 567 4758 Α
599 4706 608 4771 Ι
639 4710 719 4763 24.
756 4705 1001 4761 Homero
1040 4710 1107 4775 (Α
1133 4713 1255 4778 335)
1290 4710 1568 4764 tribuerat
1590 4710 1626 4764 b
1658 4713 1667 4779 Ι
1696 4716 1778 4765 25.
1804 4710 1872 4765 ἃς
1908 4710 1976 4778 b,
2014 4710 2078 4764 ἇς
2103 4707 2447 4775 HLAhrens.
2483 4712 2549 4764 ἂς
2566 4708 2843 4779 Thssergk
2873 4711 2883 4778 Ι
2913 4712 3107 4764 θελετε

404 4797 423 4812 “
523 4791 569 4843 Α
598 4791 608 4857 Ι
639 4795 720 4848 26.
755 4793 1072 4860 διφθόγγου
1106 4793 1173 4862 b,
1211 4795 1433 4862 φθογγὸ
1464 4795 1523 4848 in
1557 4796 1669 4850 fine
1704 4811 1899 4850 versus
1933 4796 1978 4850 Α
2018 4796 2028 4865 Ι
2076 4801 2160 4851 27.
2196 4811 2299 4850 του
2335 4812 2403 4849 ου
2439 4796 2526 4849 eet
2558 4794 2618 4848 in
2654 4796 2727 4863 Α,
2765 4809 2878 4848 non
2915 4811 3020 4849 του
3056 4811 3107 4862 ο,

525 4874 676 4942 quod
711 4877 968 4934 enotavit
1004 4878 1039 4932 b
1073 4878 1131 4932 in
1164 4895 1281 4934 var.
1314 4879 1446 4937 leot.
