3738 5530
700 356 783 419 22
1632 359 1812 410 ΠΕΡΙ
1851 354 2355 407 ΑΝΤΩΝΤΜῙΑΣ.

1568 479 1612 516 p.
1647 465 2418 514 28(286)B4—28(288)09h

872 559 925 622 ὦ
972 560 1175 639 πάτερ
1219 560 1481 639 ἡμέτερε
1531 561 1801 640 Κρονίδη
1847 564 1917 643 (α
1957 558 2088 644 45),

871 664 1094 726 παῖδες
1139 662 1279 740 ἐμοί
1323 660 1390 745 (γ
1433 660 1610 746 475),

873 762 1055 842 ω’μαὶ
1098 753 1445 827 τάπιόντος
1490 761 1756 843 ἄγκυραι
1802 762 2215 845 (Callimachi
2258 760 2336 825 fr.
2385 761 2465 825 97
2513 760 2924 844 Schneider)·

704 866 914 931 οὐκέτι
969 866 1185 943 μέντοι
1231 866 1333 929 ἐπὶ
1376 867 1717 949 δευτέρου,
1773 864 1941 947 <οὐ>
1995 865 2280 943 καθάπερ
2336 866 2506 928 τινὲς
2562 865 2856 947 ᾡήθηςαν
2903 864 3009 927 διὰ
3053 864 3127 928 τὸ
3174 863 3291 927 τόν

638 990 669 1036 5
706 967 973 1046 ἀριθμὸν
1030 965 1352 1046 διάφορον
1406 964 1592 1031 εἶναι.
1683 966 1928 1032 «ἑνικὸν
1972 968 2086 1044 μὲν
2116 968 2240 1044 γὰρ
2284 967 2360 1031 τὸ
2407 967 2565 1031 κατὰ
2608 965 2684 1029 τὸ
2728 966 2945 1047 τέλος,
3006 965 3294 1029 τουτέςτι

700 1072 776 1134 τὸ
833 1072 1065 1151 κτῆμα,
1124 1068 1556 1146 πληθυντικόν
1614 1069 1684 1131 δὲ
1740 1070 1813 1132 τὸ
1868 1068 2029 1131 κατὰ
2083 1069 2158 1133 τὸ
2213 1067 2446 1146 ἄρχον,
2506 1066 2543 1129 ὅ
2605 1067 2727 1130 ἐςτι
2781 1069 2899 1130 τοῦ
2960 1067 3288 1144 κτήτορος.

660 1174 665 1179 ’
701 1177 842 1234 πῶς
884 1170 1009 1248 γάρ
1054 1189 1207 1249 φαςι
1251 1171 1680 1248 πληθυντικὸν
1727 1170 1826 1233 καὶ
1871 1169 2083 1233 ἑνικὸν
2132 1170 2254 1249 ὑφ’
2296 1170 2368 1233 ἓν
2412 1169 2801 1246 κεκλήςεται;
2859 1167 2914 1231 εἰ
2956 1171 3120 1243 γοῦν
3165 1167 3290 1232 ἰςά-
3331 1168 3371 1223 C

704 1276 891 1351 ριθμα
934 1272 1191 1347 γένοιτο
1236 1272 1379 1335 κατ’
1426 1271 1787 1351 ἀμφότερα,
1834 1273 2241 1350 ςυςτηεεται.»

868 1374 1151 1451 Πρῶτον
1209 1372 1473 1449 οὐδεμία
1526 1377 1767 1452 χρῆςις’
1828 1373 2048 1437 ἔπειτα
2109 1372 2265 1437 οὐδὲ
2324 1372 2518 1447 λόγος
2576 1371 2845 1435 ἀπαιτεῖ.
2947 1370 3000 1434 εἰ
3053 1372 3176 1450 γὰρ
3232 1370 3296 1434 αἱ

607 1495 666 1542 ιο
703 1474 947 1553 κλήςεις
1000 1474 1080 1539 οὐ
1125 1475 1290 1553 πρὸς
1333 1476 1764 1553 κεχωριςμένα
1806 1475 2150 1552 πρόςωπα.
2210 1474 2291 1537 τὰ
2346 1475 2419 1537 δὲ
2471 1480 2604 1537 τῶν
2649 1473 2978 1551 κτητόρων
3033 1473 3293 1551 κεχώρι-

703 1595 837 1641 ςται
891 1579 1025 1640 τῶν
1083 1576 1444 1657 κτημάτων,
1500 1580 1637 1639 πῶς
1694 1576 1838 1654 οὐχὶ
1897 1575 2101 1655 μάτην
2154 1575 2235 1637 τὰ
2278 1578 2391 1651 τῆς
2436 1576 2664 1654 φωνῆς
2708 1575 3292 1655 παραληφθήςεται,

703 1676 783 1741 οὐ
839 1677 1165 1757 δυνάμενα
1219 1679 1740 1759 παραληφθῆναι;
1788 1677 2004 1756 ἀμέλει
2059 1677 2137 1741 τὰ
2169 1679 2297 1740 ,τοῦ
2344 1677 2642 1755 πρώτου,
2688 1674 3130 1754 ἀναδεξάμενα
3172 1677 3290 1739 τόν
3325 1676 3465 1729 2⁷A

702 1780 933 1863 λόγον,
980 1781 1082 1844 καὶ
1123 1780 1238 1857 τὴν
1285 1782 1504 1857 χρῆςιν
1551 1778 1888 1844 ἐπέδειξεν.

872 1881 936 1944 Εἰ
998 1882 1078 1945 τὰ
1131 1880 1310 1958 τρίτα
1361 1884 1494 1944 τῶν
1550 1883 1861 1957 κτητικῶν
1918 1879 2341 1957 ἀντωνυμιῶν
2410 1878 2717 1963 ᾡκείωται
2783 1883 2920 1943 τοῖς
2985 1882 3297 1958 κτητικοῖς

607 2002 666 2048 15
703 1982 1003 2063 ὀνόμαςι,
1071 1982 1228 2046 καθὸ
1287 1981 1623 2060 ἀμφότερα
1676 1981 1797 2045 δύο
1854 1980 2089 2058 τρίτων
2147 1980 2606 2062 παραςτατικά,
2672 1984 2789 2045 τοῦ
2854 2000 2923 2043 τε
2987 1981 3297 2058 κτήτορος

702 2087 806 2149 καὶ
859 2089 976 2149 τοῦ
1033 2082 1379 2161 κτήματος,
1438 2081 1632 2146 οὐδὲν
1687 2083 1761 2145 δὲ
1816 2083 1893 2147 τὸ
1952 2082 2210 2146 κωλῦον
2265 2082 2468 2161 φάναι
2515 2083 2963 2163 Ἀριςτάρχειε,
3022 2081 3176 2145 οὐδὲ
3220 2082 3295 2145 τὸ

704 2187 971 2267 ςφέτερε
1016 2183 1143 2262 ἄρα
1185 2183 1575 2263 ἀπόβλητον.

873 2285 937 2350 Εἰ
987 2286 1064 2350 τὸ
1107 2285 1371 2364 ἡμέτερε
1416 2287 1740 2367 κλητικῆς,
1782 2287 1901 2371 ,καὶ
1951 2286 2027 2350 τὸ
2073 2285 2312 2349 τούτου
2357 2285 2568 2351 ἑνικόν
2625 2286 2928 2367 ὑπάρχει,
2988 2284 3151 2363 ὅπερ
3195 2285 3299 2349 καὶ

705 2389 1113 2469 ἑςχηματίςθη
1160 2387 1334 2465 παρὰ
1377 2393 1469 2470 τῷ
1515 2393 1775 2469 ποιητῇ,

603 2508 669 2557 20
1365 2489 1647 2568 γαμβρὸς
1693 2488 1842 2567 ἐμὸς
1889 2488 2160 2567 θύγατερ
2205 2511 2275 2553 τε
2321 2488 2386 2573 (τ
2427 2488 2617 2571 406)·

704 2595 813 2658 ὃν·
828 2592 1074 2671 τρόπον
1120 2588 1260 2656 ἀντὶ
1302 2594 1421 2653 τοῦ
1450 2591 1720 2672 γαμβρέ,
1766 2590 1976 2653 οὕτως
2009 2590 2147 2674 [ἂν]
2179 2592 2321 2656 ἀντὶ
2350 2594 2466 2655 τοῦ
2500 2591 2626 2669 ἐμέ.
2707 2590 2871 2669 ὅπερ
2901 2590 3051 2654 ἴςως
3083 2590 3293 2671 ἄηθες,
3421 2588 3467 2639 Β

703 2694 845 2758 ἐπεὶ
890 2693 1039 2757 οὔτε
1087 2692 1350 2771 ςύνηθες
1396 2691 1571 2769 παρὰ
1614 2697 1707 2775 τῷ
1753 2698 2012 2775 ποιητῇ,
2072 2695 2470 2771 ςολοικιςμοῦ
2527 2711 2593 2756 τε
2640 2693 2966 2772 ὑπόφαςιν
3013 2691 3294 2754 ἐποιεῖτο

706 2797 817 2860 διὰ
861 2796 936 2859 τὸ
981 2800 1058 2878 τῇ
1104 2793 1213 2873 ἐμέ
1258 2792 1557 2876 αἰτιατικῇ
1604 2793 2004 2873 ὁμοφωνεῖν.

605 3009 672 3056 25
881 2980 1286 3045 Ἀκολούθως
1341 2977 1643 3043 ςκεπτέον
1689 2978 1851 3056 ὑπὲρ
1896 2982 2009 3057 τῆς
2054 2981 2490 3046 ςυντάξεως
2532 2986 2663 3044 τῶν
2710 2980 3165 3059 ἀντωνυμιῶν,
3219 2976 3296 3039 τὸ

707 3088 968 3162 πρῶτον
1025 3081 1183 3145 πότε
1238 3083 1377 3144 ταῖς
1433 3077 1700 3144 εὐθείαις
1750 3080 1967 3145 αὐτῶν
2025 3081 2106 3144 τὰ
2164 3080 2409 3159 ῥήματα
2454 3081 2934 3163 ςυνταγήςεται,
2993 3080 3095 3170 καὶ
3140 3078 3296 3142 πότε

843 3300 1058 3353 Αιιονικ.
1120 3305 1152 3353 9
1188 3298 1290 3353 sed
1325 3314 1394 3351 ex
1424 3297 1517 3372 δίει
1550 3298 1765 3366 potius:
1802 3298 2045 3366 primum
2082 3299 2318 3365 ὑμέτερε
2353 3300 2612 3366 ὑμέτεροι
2647 3299 2893 3352 vocativi
2928 3314 3039 3352 non
3077 3297 3210 3351 sunt
3243 3298 3300 3350 in

706 3402 835 3448 usu;
871 3383 1075 3437 deinde
1106 3399 1218 3436 uno
1254 3381 1511 3436 vocativo
1547 3396 1660 3435 non
1695 3383 1932 3450 possunt
1966 3380 2221 3437 diversae
2257 3399 2531 3451 personae
2570 3383 2921 3452 (possessoris
2957 3385 3016 3436 et
3057 3383 3140 3436 rei
3175 3398 3299 3451 pos·

708 3471 916 3533 sessae)
955 3466 1301 3535 compellari.
1346 3495 1409 3504 -
1460 3472 1522 3519 14
1556 3466 1619 3519 In
1656 3467 1857 3520 tertiae
1894 3483 2039 3535 pers.
2075 3466 2396 3535 possessivis
2441 3484 2567 3521 oum
2606 3468 2751 3521 duae
2787 3467 2902 3521 sint
2935 3467 3139 3521 tertiae
3175 3484 3298 3535 por-

706 3568 904 3616 sonae,
949 3550 1237 3605 vocativus
1282 3550 1509 3603 admitti
1553 3551 1756 3619 potest.
1803 3581 1871 3590 —
1922 3555 1984 3604 18
2019 3552 2083 3604 In
2118 3551 2303 3620 prima
2336 3568 2480 3620 pers.
2520 3553 2655 3617 ἐμός
2691 3552 2862 3606 etiam
2898 3551 3145 3605 vocativi
3180 3552 3301 3604 loco

704 3637 1039 3704 usurpatur,
1083 3651 1155 3688 ne
1201 3651 1329 3688 oum
1374 3635 1473 3701 ἐμὲ
1520 3634 1838 3689 accusativo
1885 3635 2274 3690 confundatur.
2312 3667 2378 3675 —
2413 3643 2479 3690 25
2512 3635 2597 3690 De
2633 3637 2857 3704 syntaxi
2892 3635 3301 3705 pronominum.

707 3719 848 3776 Cum
893 3717 1136 3787 obliquis
1179 3733 1372 3772 eorum
1418 3719 1634 3773 casibus
1668 3735 1847 3787 usque
1886 3721 2283 3779 consttuuntnr
2325 3720 2526 3780 verbam
2574 3737 2643 3774 ex
2677 3720 2766 3775 his
2803 3722 2953 3774 enim
2990 3736 3137 3789 quae
3172 3735 3300 3788 pro-

705 3803 865 3858 venit
899 3803 1067 3867 aetio,
1103 3803 1175 3856 ad
1210 3803 1467 3871 obliquos
1503 3818 1661 3856 casus
1694 3802 1912 3860 transit.

842 3988 1026 4043 Dtscn.
1076 4006 1275 4042 somn-r.
1357 3996 1407 4045 3.
1453 3989 1522 4045 of.
1569 3991 1716 4057 synt.
1762 3995 1887 4056 220,
1925 3996 1984 4056 2,
2033 3991 2081 4044 ὠ
2128 3993 2252 4057 ἐμαὶ
2298 3997 2402 4047 τοῦ
2457 3993 2728 4049 ἀπιόντος
2781 3995 3015 4059 ἄγκυραι
3071 3995 3113 4046 Α
3139 3993 3205 4059 b,
3253 3993 3300 4045 ὦ

711 4076 823 4142 ’μαί
846 4079 950 4128 τοῦ
981 4075 1229 4128 ’πιόντος
1254 4075 1309 4130 ἅ.
1331 4073 1640 4141 RBentley,
1668 4075 1714 4127 ὡ
1740 4075 1850 4140 ’μαί
1875 4076 2182 4130 τάπιόντος
2206 4077 2254 4132 ἄ.
2276 4076 2590 4131 AMeinoko
2615 4076 2891 4146 ThBorgk
2911 4074 3267 4130 OSchneider
3291 4077 3298 4142 Ι

707 4165 760 4214 4.
799 4161 867 4212 οὐ
905 4160 1158 4226 καθάπερ
1195 4158 1260 4226 b,
1299 4162 1551 4226 καθαπερ
1588 4159 1630 4210 Α
1662 4159 1673 4227 Ι
1703 4164 1735 4212 5
1770 4175 2063 4214 τουτεςτιν
2099 4162 2141 4213 Α
2174 4161 2184 4228 Ι
2214 4165 2265 4216 6.
2301 4163 2371 4214 τὸ
2406 4162 2603 4230 ἄρχον]
2641 4162 2735 4215 fol.
2777 4168 2873 4215 152
2910 4178 2960 4214 v,
2991 4165 3001 4228 Ι
3034 4177 3180 4215 εςτιν
3218 4163 3260 4215 Α
3292 4162 3298 4228 Ι

709 4259 1004 4310 κτητωρος
1041 4243 1084 4297 Α
1134 4245 1143 4310 Ι
1191 4248 1243 4301 7.
1277 4259 1446 4305 φαςιν
1483 4244 1525 4295 Α
1568 4246 1577 4307 Ι
1618 4245 1948 4309 κεκλήςεται
1983 4243 2359 4304 RSkrzeczka.
2399 4246 2707 4300 κεκλίςεται
2734 4247 2849 4312 Ab,
2884 4248 2942 4298 in
2981 4248 3023 4300 A
3062 4264 3079 4298 ι
3116 4246 3247 4299 anto
3276 4264 3303 4300 ς

710 4328 1052 4392 correctum,
1089 4326 1190 4381 sed
1225 4325 1363 4395 quid
1399 4327 1530 4380 anto
1567 4325 1741 4379 fuerit
1773 4342 1885 4380 non
1921 4327 2106 4396 liquet
2133 4332 2144 4389 Ι
2174 4327 2223 4383 εἰ
2256 4334 2400 4393 γοῦν
2422 4329 2489 4396 b,
2528 4348 2563 4398 η
2600 4347 2739 4395 γουν
2763 4334 2840 4392 ΑΙ
2875 4337 2954 4385 10.
2984 4347 3304 4398 κτητωρων

713 4418 756 4466 Α
787 4413 797 4479 Ι
829 4416 910 4464 12.
946 4413 1388 4479 παραληφθῆναι
1425 4411 1488 4478 b,
1527 4399 2032 4479 παραληφθηςεται
2070 4414 2143 4479 Α,
2180 4413 2392 4481 puncta
2425 4414 2615 4482 posuit
2649 4416 2713 4469 A¹
2746 4417 2756 4480 Ι
2789 4419 3172 4469 14.“οικειωται
3210 4416 3252 4468 Α
3295 4414 3301 4484 Ι

713 4501 793 4549 15.
822 4512 1088 4562 ονομαςιν
1124 4497 1167 4551 Α
1210 4500 1219 4560 Ι
1263 4512 1556 4563 κτητωρος
1593 4499 1637 4550 Α
1677 4499 1687 4564 fl
1729 4503 1807 4551 18.
1847 4500 2114 4565 κλητικῆς
2150 4497 2313 4564 Axb,
2364 4485 2609 4565 κΧιτικης
2648 4500 2714 4553 A¹
2755 4500 2764 4568 Ι
2803 4505 2886 4557 21.
2923 4501 3143 4566 τρόπον
3179 4501 3305 4554 ἀντὶ

711 4580 1095 4644 RSohneider‚
1141 4582 1363 4647 τρόπον
1398 4580 1513 4634 ἀπὸ
1551 4580 1644 4636 Ab
1708 4580 1718 4648 Ι
1784 4580 2103 4636 ‘Sententia
2134 4581 2256 4636 fere
2292 4582 2498 4652 poscit:
2546 4584 2616 4636 ὃν
2659 4585 2767 4651 γὰρ
2802 4586 3022 4652 τρόπον
3056 4586 3305 4651 γαμβρὸς

710 4667 877 4720 εἶπεν
910 4666 1038 4719 ἀντὶ
1073 4669 1177 4718 ‘roo
1212 4666 1453 4732 γαμβρέ,
1502 4667 1689 4720 οὕτως
1724 4666 1859 4732 ἐμός
1897 4667 2024 4720 ἀντὶ
2058 4671 2160 4721 τοῦ
2197 4667 2315 4732 ku&
2352 4667 2389 4719 b
2435 4667 2495 4720 in
2532 4683 2650 4721 var.
2687 4668 2817 4721 leot.
2869 4671 2879 4734 Ι
2936 4671 3006 4722 ἂν
3041 4669 3106 4734 b,
3162 4669 3221 4721 in
3258 4671 3300 4723 A

708 4765 824 4804 non
858 4748 1040 4817 liquot
1072 4750 1263 4802 utrum
1298 4766 1370 4803 αν
1406 4766 1473 4802 ex
1513 4767 1584 4817 ην
1619 4765 1693 4802 an
1728 4767 1799 4817 ην
1835 4766 1905 4803 ex
1940 4767 2013 4804 αν
2046 4750 2258 4804 factum
2293 4751 2390 4814 sit:
2429 4751 2586 4806 dolet
2619 4750 2845 4821 GUhlig
2892 4754 2901 4819 Ι
2952 4758 3033 4805 22.
3072 4753 3306 4819 ςύνηθες

728 4832 980 4902 GUhlig,
1028 4835 1250 4904 ςυνεχὲς
1287 4833 1379 4886 Ab
1441 4835 1453 4904 Ι
1513 4840 1595 4888 25.
1629 4834 1690 4886 in
1723 4849 1902 4903 marg.
1940 4852 2068 4903 περι
2102 4852 2206 4904 της
2241 4839 2553 4892 ςυνταξεως
2588 4853 2967 4903 αντωνυμιων
3005 4836 3235 4891 maiuso.
3261 4839 3306 4891 A
