3738 5530
706 295 792 360 48
882 295 1327 351 Commentarius
1356 296 1582 351 criticus
1611 297 1670 350 et
1697 296 2017 367 exegeticus
2048 296 2107 349 in
2135 294 2416 367 Apollonii
2449 295 2675 365 Dyscoli
2705 296 2916 368 scripta
2941 297 3173 353 minora.

701 461 880 525 τοὺς
935 461 1404 540 γενομένους
1456 461 1496 538 ἡ
1545 460 1912 526 ἀπόταςις
1968 461 2265 537 γίνεται
2320 465 2454 526 τοῦ
2516 462 2901 542 ὀνόματος
2947 462 3135 542 ὑπὲρ
3183 465 3315 541 τῆς

701 550 955 615 αὐτῶν
1003 551 1308 626 θέςεως,
1357 549 1545 629 ὅπερ
1589 549 1792 615 ἴδιον
1838 551 2206 629 δευτέρου
2254 551 2696 629 προςώπου·
2743 551 2921 617 οὔτε
2961 553 3101 631 μὴν
3140 552 3313 618 ἑαυ-

699 643 864 705 τοῖς
901 640 1282 718 τιθέμεθα,
1322 638 1509 718 ὅπερ
1545 637 1748 704 ἴδιον
1782 638 2012 704 πάλιν
2041 643 2175 705 τοῦ
2205 640 2513 719 πρώτου
2543 641 2982 720 προςώπου·
3023 640 3312 720 ἀνάγκη

700 727 835 793 οὖν
881 731 1077 793 πᾶςα
1123 728 1230 793 εἰς
1275 728 1364 792 τὰ
1409 729 1627 807 τρίτα
1672 730 2041 809 πρόςωπα
2086 733 2365 808 χωρεῖν
2413 730 2498 794 τὸ
2545 730 2893 809 ὀνόματα
2938 732 3128 795 κατὰ
3174 734 3311 796 πᾶ·

701 838 833 882 ςαν
882 821 1163 882 πτῶςιν
1211 818 1441 896 χωρὶς
1486 820 1867 897 κλητικῆς·
1917 818 2074 897 αὕτη
2115 819 2238 897 γὰρ
2276 821 2406 883 κτλ.
2487 823 2643 884 Nam
2671 844 2823 901 quse
2853 827 3013 901 typis
3043 824 3314 884 distinxi-

695 930 848 987 mus,
892 913 1252 971 conveniunt
1295 930 1430 971 cum
1476 913 1561 971 eis
1608 932 1757 989 quae
1802 912 1859 971 h.
1898 913 1937 970 1.
1990 915 2091 991 24,
2116 914 2395 989 24—25,
2420 916 2453 972 1
2504 913 2799 990 leguntur.
2900 913 3068 973 Nihil
3127 915 3315 992 igitur

698 1000 1091 1077 supplendum
1155 1004 1246 1061 est
1308 1001 1426 1061 nisi
1488 1002 1528 1060 1.
1570 1004 1651 1060 24
1716 1002 1860 1061 haec
1925 1002 2049 1061 fere
2113 996 2361 1080 <Ἔςτιν
2421 996 2541 1063 οὖν
2597 997 2804 1063 αἴτιον
2850 997 2969 1081 τὸ>
3022 999 3137 1065 τὰς
3196 1002 3312 1078 μὲν

699 1084 899 1150 ἄλλας
943 1085 1213 1150 πτώςεις
1258 1109 1337 1149 sc.
1366 1085 1725 1164 ὀνομάτων,
1774 1090 1932 1168 quod
1980 1091 2118 1150 addi
2164 1110 2283 1150 non
2321 1095 2412 1152 est
2447 1110 2715 1167 necess03
2760 1091 2971 1152 deinde
3009 1094 3048 1151 1.
3081 1094 3162 1152 26
3203 1112 3312 1171 pro

697 1173 818 1239 οὗν
861 1179 1199 1256 ponendum
1245 1183 1337 1239 est
1371 1175 1495 1254 γὰρ
1545 1173 1611 1262 (ὃ
1647 1180 2001 1257 typothetae
2039 1200 2233 1240 errore
2271 1182 2557 1257 scriptum
2597 1184 2687 1241 est
2722 1200 2830 1258 pro
2859 1176 2897 1241 ὁ
2926 1182 2999 1241 cf.
3028 1181 3311 1242 Hoersch.

701 1270 781 1327 37
791 1260 858 1351 6)
905 1271 1036 1328 tum
1086 1269 1188 1344 25,
1210 1271 1243 1327 1
1296 1265 1385 1329 ὡς
1429 1265 1803 1344 προείρηται
1849 1269 2182 1346 delendum,
2228 1273 2352 1345 aut,
2398 1273 2466 1329 ut
2511 1271 2704 1330 voluit
2738 1271 2779 1329 J
2783 1270 3131 1350 Guttentag,
3175 1274 3315 1348 post

698 1353 949 1419 ἑνοεῖτο
995 1357 1420 1418 collocandum.

879 1450 981 1523 24,
1005 1450 1086 1507 24
1116 1443 1187 1508 ἐν
1216 1443 1452 1522 τρίτοις
1481 1443 1785 1526 νοεῑςθαι]
1816 1450 1889 1508 cf.
1919 1451 2073 1526 synt.
2109 1450 2380 1525 215‚19;
2420 1451 2696 1525 217,2Ο;
2736 1450 3007 1525 219,13;
3047 1451 3309 1524 232,25.

875 1539 979 1610 24,
1000 1538 1258 1596 26-27
1308 1532 1347 1597 ὁ
1393 1569 1482 1580 -
1526 1534 2151 1617 προςφωνουμένου]
2201 1538 2278 1596 ad
2330 1540 2743 1615 18‚14——18;
2791 1540 2862 1598 cf.
2901 1557 3069 1617 pron.
3109 1539 3212 1613 86,
3242 1541 3312 1614 3;

695 1629 850 1704 synt.
895 1627 1098 1702 115‚6
1129 1645 1216 1703 sq.
1308 1625 1488 1687 Prisc.
1536 1626 1654 1686 XII
1694 1629 1777 1688 10
1823 1648 1882 1704 p.
1923 1628 2068 1704 582,
2092 1629 2324 1687 9-13,
2381 1627 2556 1687 XVII
2595 1631 2676 1688 72
2723 1649 2780 1706 p.
2824 1630 3181 1702 151,5--9.

876 1716 978 1791 25,
1001 1719 1036 1774 2
1103 1712 1298 1790 χωρὶς
1334 1747 1423 1758 -
1460 1711 1900 1795 ςυντάττοιτο]
1961 1716 2137 1777 modo
2192 1714 2272 1777 τὰ
2327 1716 2440 1791 τῆς
2495 1713 2772 1792 κλήςεως
2833 1712 3084 1793 ῥήματα
3140 1736 3311 1795 seps-

692 1805 875 1865 ratim
911 1807 1312 1880 nominantur,
1357 1810 1427 1866 ut
1460 1825 1628 1882 pron.
1670 1806 1773 1879 52,
1796 1807 1909 1882 163
1958 1808 2189 1882 64,19;
2235 1805 2409 1866 modo
2446 1826 2564 1866 uno
2602 1802 2935 1881 ὑπάρξεως
2970 1807 3068 1867 vel
3106 1802 3305 1882 ὑπαρ-

694 1893 923 1954 κτικῶν
961 1896 1195 1955 nomine
1235 1913 1368 1953 cum
1406 1889 1568 1955 εἶναι
1604 1892 1882 1967 γίνεςθαι
1924 1896 2052 1956 sim.
2083 1896 2676 1972 comprehenduntur,
2722 1900 2792 1957 ut
2835 1897 2892 1955 h.
2940 1897 2978 1955 l.
3026 1899 3088 1955 et
3140 1916 3306 1974 pron.

697 1985 934 2059 69‚15;
980 1988 1136 2061 synt.
1186 1985 1423 2059 45‚13;
1473 1986 1878 2061 115‚13.21;
1930 1986 2165 2063 1⁷4,6;
2213 1988 2360 2060 219,
2383 1988 2493 2060 22;
2540 1985 2699 2061 quod
2744 2004 2877 2045 cum
2919 2005 3039 2046 non
3074 1987 3313 2064 ignoret

696 2073 987 2152 Egenolff‚
1031 2075 1214 2133 miror
1259 2093 1394 2133 eum
1440 2069 1521 2152 <ἢ
1569 2069 1889 2154 κλήςεως)
1934 2075 2113 2134 inseri
2159 2075 2360 2135 iubere
2406 2075 2437 2133 I
2475 2076 2620 2134 840.

877 2164 1039 2238 25,3
1088 2164 1160 2222 cf.
1207 2183 1371 2240 pron.
1423 2164 1660 2239 52,18;
1710 2165 1946 2238 64‚19;
1992 2166 2145 2241 synt.
2198 2166 2478 2239 216,10;
2527 2166 2674 2238 217,
2698 2166 2797 2223 20.
2892 2163 3014 2223 ska
3052 2164 3083 2222 I
3124 2166 3223 2223 10.

876 2254 1036 2327 25,5
1085 2253 1155 2312 cf.
1194 2252 1377 2312 Prisc.
1423 2252 1540 2311 XII
1581 2254 1662 2311 14
1709 2273 1766 2330 p.
1807 2254 2078 2328 585‚14.

875 2343 1035 2418 25,6
1086 2336 1270 2402 αὗται
1319 2360 1394 2402 sc.
1445 2337 1507 2402 αἱ
1556 2337 1963 2416 ἀντωνυμίαι.
2057 2342 2143 2402 Cf.
2192 2346 2346 2419 synt.
2400 2335 2705 2424 73,18.*)

880 2433 981 2506 25,
1003 2432 1173 2491 6-7
1224 2428 1444 2506 κοινὴν
1481 2463 1570 2474 -
1606 2427 1915 2510 δηλοῦςα]
1968 2433 2039 2491 cf.
2086 2451 2251 2509 pron.
2304 2433 2509 2506 25‚14
2560 2428 2664 2491 ἐπὶ
2708 2428 2825 2506 τὴν
2872 2431 3103 2491 κοινῶς
3149 2430 3305 2507 λαμ-

699 2517 1060 2597 βανομένην
1110 2516 1215 2581 ἐπὶ
1260 2516 1504 2582 παντὸς
1551 2515 1959 2595 ἀντωνυμίαν
2005 2518 2370 2596 καταδρομὴ
2418 2517 2676 2591 γίνεται.

874 2612 977 2684 25,
999 2612 1034 2669 7
1085 2606 1189 2671 ἐπὶ
1235 2606 1358 2684 γὰρ
1405 2609 1538 2670 τῶν
1583 2605 1843 2688 τρίτων]
1912 2605 2278 2670 ‘Tenendum
2344 2613 2544 2670 autem
2607 2614 2699 2670 est
2756 2630 2850 2670 me
2906 2609 3123 2670 dixisse
3184 2604 3308 2669 “in

691 2701 888 2778 prima.
933 2703 996 2759 et
1048 2694 1372 2775 secunda”‚
1433 2718 1573 2760 nam
1631 2701 1826 2760 tertiis
1882 2694 2173 2778 personis'
2221 2719 2266 2759 e.
2317 2720 2369 2776 q.
2419 2720 2462 2759 s.
2555 2699 2645 2758 De
2690 2700 2801 2760 hoc
2846 2694 2970 2775 γάρ
3017 2701 3145 2760 sim.
3193 2719 3307 2760 usu

693 2790 770 2849 ad
818 2791 1023 2864 14‚13
1071 2789 1222 2864 dixi3
1269 2789 1341 2850 de
1384 2809 1449 2849 re
1496 2792 1650 2866 synt.
1703 2791 1952 2867 114,18
1985 2784 2178 2873 sq.**)

872 2881 1033 2953 25,9
1082 2879 1153 2939 cf.
1193 2882 1347 2955 synt.
1391 2882 1537 2954 217,
1559 2880 1671 2955 28;
1720 2881 1957 2956 103‚5;
2006 2882 2499 2955 114,22-115,
2520 2881 2576 2938 5.
2661 2879 2837 2939 Prisc.
2882 2878 2999 2937 XII
3044 2880 3304 2938 14—15

693 2988 748 3045 p.
790 2970 1238 3043 585‚14—17.

875 3058 1080 3132 25‚1·2
1129 3059 1202 3118 of.
1250 3061 1405 3135 synt.
1459 3060 1693 3133 21,11;
1741 3060 1967 3133 115‚1.

873 3148 1070 3222 25‚13
1102 3147 1430 3207 subiectum
1458 3146 1620 3207 verbi
1657 3144 2056 3222 ἐπηνέγκατο
2096 3141 2221 3230 (vel
2252 3151 2321 3206 ut
2349 3148 2541 3207 voluit
2565 3146 2606 3205 J
2608 3145 2940 3226 Guttentag
2967 3142 3305 3221 ἐπήνεγκε

693 3239 946 3313 utroque
982 3238 1175 3297 utitur
1210 3229 1353 3319 Ap.)
1400 3240 1491 3299 est
1537 3256 1609 3297 ea.
1652 3256 1806 3314 quae
1850 3239 2119 3314 loquitur
2164 3237 2323 3315 apud
2368 3236 2711 3312 Homerum,
2754 3236 2792 3295 i.
2841 3256 2887 3296 e.
2935 3236 3178 3296 Helena.

867 3327 1182 3387 Praeterea
1241 3328 1484 3386 nomina
1536 3328 1789 3401 propria
1842 3344 1964 3386 non
2016 3328 2282 3387 onwtibus
2333 3330 2474 3385 nota
2525 3330 2687 3394 sunt,
2741 3343 3067 3400 pronomen
3112 3329 3307 3385 autem

689 3417 837 3476 nihil
880 3418 1174 3491 siqnifieat
1216 3418 1336 3476 nisi
1382 3434 1503 3476 esse
1548 3417 1800 3491 aliquem
1845 3417 1936 3475 vel
1979 3417 2232 3490 aliquid,
2287 3434 2469 3490 quare
2513 3417 2594 3475 ad
2628 3433 2977 3490 pronomen,
3037 3417 3189 3490 quod
3233 3416 3306 3474 de

688 3522 806 3564 uno
851 3523 1072 3581 quoque
1107 3507 1224 3565 diei
1249 3510 1454 3580 potest,
1501 3507 1900 3566 descendimus
1946 3497 2078 3587 (ubi
2115 3504 2518 3565 demonstrare
2553 3496 2857 3587 volumus)
2907 3506 3009 3578 25,
3025 3505 3302 3565 13-23,

692 3594 778 3653 cf.
828 3598 981 3672 synt.
1035 3597 1136 3669 72,
1160 3596 1440 3669 23—75‚
1463 3596 1563 3654 26.

869 3687 970 3761 25,
995 3687 1075 3744 14
1124 3680 1380 3763 κοινῶς]
1428 3685 1501 3744 cf.
1549 3702 1714 3760 pron.
1766 3685 1868 3759 25,
1892 3684 1946 3742 6.

869 3774 1073 3848 25,ιό
1123 3769 1364 3852 οὐςίας]
1431 3774 1502 3832 of.
1567 3792 1733 3850 pron.
1783 3774 1985 3848 s‚30;
2052 3775 2207 3849 9‚9;
2275 3774 2518 3849 26,14;
2586 3776 2782 3849 27,9;
2854 3773 3299 3850 synt.73,18;

692 3865 971 3939 104,1o;
1022 3865 1301 3937 105‚22;
1347 3862 1526 3922 Prisc.
1573 3861 1690 3921 ΧΠ
1731 3862 1811 3921 15
1861 3883 1917 3939 p.
1959 3863 2454 3938 585,23--5ss‚
2477 3865 2530 3921 2.

870 3954 971 4032 25,
994 3955 1071 4012 21
1123 3947 1161 4012 ὁ
1209 3947 1307 4030 δὲ]
1357 3952 1393 4009 i.
1442 3971 1488 4011 e.
1535 3952 1587 4010 is
1635 3952 1737 4028 qui
1783 3952 2115 4029 respondet.

868 4042 1034 4117 Quod
1076 4043 1512 4116 praecepimus,
1561 4043 1826 4114 primam
1880 4044 2305 4116 secundamque
2349 4058 2666 4115 personam
2714 4043 3162 4115 pronominibus
3206 4041 3302 4100 de-

685 4134 933 4207 donari,
979 4149 1099 4191 non
1141 4132 1429 4204 refellitur
1461 4133 1679 4205 paucis
1725 4134 2014 4207 eccemplis,
2061 4135 2127 4192 in
2172 4132 2382 4206 quibus
2427 4132 2643 4205 aliquis
2688 4132 2758 4190 de
2802 4148 2864 4189 se
2905 4133 3032 4204 ipse
3068 4132 3302 4204 loquens

685 4223 918 4281 nomine
962 4212 1264 4302 (proprio)
1309 4222 1511 4288 utitur,
1559 4221 1774 4280 talibus
1817 4223 2009 4281 verbis
2054 4222 2257 4295 qualia
2302 4224 2442 4280 sunt
2487 4214 2653 4280 ‘esse'
2700 4221 2789 4279 vel
2835 4214 3006 4279 ‘dici’
3042 4237 3160 4278 non
3195 4219 3301 4278 ad·

685 4313 864 4371 iestis.
962 4311 1045 4370 In
1106 4311 1198 4370 his
1261 4311 1416 4370 enim
1468 4313 1654 4369 certae
1711 4311 1959 4370 subsunt
2021 4328 2236 4370 causae
2299 4328 2405 4368 eur
2466 4312 2707 4369 nomina
2768 4311 2834 4369 in
2884 4310 3301 4383 pronomimm

686 4401 872 4461 locwm
914 4401 1343 4460 substituantur
1391 4400 1493 4473 25,
1515 4401 1796 4474 23-26,
1818 4401 1874 4458 8.

735 4526 748 4531 -
759 4524 1110 4531 ...ιώ--

862 4589 907 4658 *)
955 4589 1105 4643 hunc
1151 4590 1295 4657 synt.
1342 4586 1530 4643 locum
1568 4593 1651 4655 73,
1675 4593 1740 4642 17
1780 4587 1861 4642 sic
1899 4586 2158 4644 emendo:
2206 4589 2297 4642 διὰ
2344 4588 2443 4653 μὲν
2479 4591 2581 4654 τῆς
2618 4588 2953 4655 ὀνοματικῆς
2990 4587 3299 4641 ςυντάξεως

684 4663 789 4728 τὴν
837 4660 876 4733 <
881 4663 1019 4727 μετὰ
1054 4659 1396 4732 ποιότητος)
1443 4661 1632 4716 οὐςίαν
1680 4663 2046 4727 ἐπιζητοῦμεν
2083 4662 2223 4723 κτλ.;
2282 4657 2486 4712 deinde
2536 4658 2887 4729 parenthesis
2934 4658 3099 4728 signa
3134 4656 3298 4711 omit·

687 4732 860 4785 tenda
896 4733 1051 4799 mh
1091 4732 1160 4786 cf.
1199 4731 1368 4786 Prisc.
1408 4730 1564 4785 XVII
1591 4737 1659 4785 33
1696 4749 1751 4802 p.
1786 4735 2164 4800 129,12—17;
2203 4745 2359 4800 pron.
2401 4734 2488 4795 27,
2508 4735 2557 4784 9.

862 4803 935 4873 “*)
973 4806 1116 4872 synt.
1159 4809 1279 4870 114,
1298 4810 1332 4857 4
1388 4802 1569 4858 scribo
1625 4808 1713 4859 καὶ
1768 4803 2025 4872 φαίνεται
2071 4804 2149 4857 ὡς
2194 4804 2297 4857 οὐκ
2343 4803 2496 4869 ἐνῆν
2533 4804 2673 4869 κτλ.,
2731 4800 2797 4855 cl.
2837 4800 3007 4855 Prisc.
3046 4798 3201 4854 XVII
3232 4803 3299 4853 '18

684 4891 739 4944 p.
773 4879 891 4939 152,
916 4880 983 4927 14
1028 4890 1139 4929 non
1191 4876 1339 4929 erat
1385 4874 1533 4929 enim
1646 4873 1837 4929 ssibile
1877 4891 1922 4930 e.
1962 4892 2014 4943 q.
2055 4891 2097 4927 s.
2174 4872 2374 4942 Spreta
2412 4873 2602 4926 autem
2639 4871 2913 4927 Prisciani
2951 4875 3026 4943 (p.
3067 4875 3186 4938 160,
3208 4874 3301 4941 25)

685 4945 1024 5000 auctoritate
1063 4948 1205 5014 synt.
1250 4951 1369 5011 114,
1391 4951 1458 4999 25
1497 4961 1528 5000 e
1587 4945 1722 5000 ibris
1760 4945 2084 5017 recipienda.
2121 4947 2208 4999 est
2245 4944 2521 5014 scriptura.
2558 4946 2619 5000 ἐν
2654 4962 2689 4999 τ
2697 4948 2825 5014 ριςί
2861 4947 3192 5013 προςώποις.
