<?xml version="1.0" encoding="UTF-8"?>
<!DOCTYPE html PUBLIC "-//W3C//DTD XHTML 1.0 Transitional//EN"
    "http://www.w3.org/TR/xhtml1/DTD/xhtml1-transitional.dtd">
<html xmlns="http://www.w3.org/1999/xhtml" xml:lang="en" lang="en">
 <head>
  <title>
</title>
<meta http-equiv="Content-Type" content="text/html;charset=utf-8" />
  <meta name='ocr-system' content='tesseract 3.04.00' />
  <meta name='ocr-capabilities' content='ocr_page ocr_carea ocr_par ocr_line ocrx_word'/>
</head>
<body>
  <div class='ocr_page' id='page_1' title='image "./grammaticigraec00unkngoog_0226.png"; bbox 0 0 3738 5530; ppageno 0'>
   <div class='ocr_carea' id='block_1_1' title="bbox 509 359 3353 3881">
    <p class='ocr_par' dir='ltr' id='par_1_1' title="bbox 630 359 2337 432">
     <span class='ocr_line' id='line_1_1' title="bbox 630 359 2337 432; baseline 0 -17"><span class='ocrx_word' id='word_1_1' title='bbox 630 360 757 425; x_wconf 78' lang='lat'>208</span> <span class='ocrx_word' id='word_1_2' title='bbox 1509 359 1715 432; x_wconf 77' lang='lat' dir='ltr'>[nl-:1³1</span> <span class='ocrx_word' id='word_1_3' title='bbox 1751 359 2337 429; x_wconf 65' lang='lat' dir='ltr'>EmPPHMATstN]</span> 
     </span>
    </p>

    <p class='ocr_par' dir='ltr' id='par_1_2' title="bbox 629 455 3303 955">
     <span class='ocr_line' id='line_1_2' title="bbox 1672 455 2189 523; baseline 0 -10"><span class='ocrx_word' id='word_1_4' title='bbox 1672 455 1715 520; x_wconf 60' lang='lat'>13.</span> <span class='ocrx_word' id='word_1_5' title='bbox 1741 472 1831 521; x_wconf 73' lang='lat' dir='ltr'>ess,</span> <span class='ocrx_word' id='word_1_6' title='bbox 1861 472 1887 510; x_wconf 77' lang='lat' dir='ltr'><strong>s</strong></span> <span class='ocrx_word' id='word_1_7' title='bbox 1916 491 1960 499; x_wconf 88' lang='lat'>-</span> <span class='ocrx_word' id='word_1_8' title='bbox 1988 472 2079 523; x_wconf 72' lang='lat'>625,</span> <span class='ocrx_word' id='word_1_9' title='bbox 2108 472 2134 512; x_wconf 90' lang='lat' dir='ltr'><strong>s</strong></span> <span class='ocrx_word' id='word_1_10' title='bbox 2159 473 2189 513; x_wconf 84' lang='lat' dir='ltr'><strong>b</strong></span> 
     </span>
     <span class='ocr_line' id='line_1_3' title="bbox 629 563 3227 651; baseline 0.001 -24"><span class='ocrx_word' id='word_1_11' title='bbox 629 563 710 628; x_wconf 80' lang='lat' dir='ltr'>fr.</span> <span class='ocrx_word' id='word_1_12' title='bbox 768 564 852 627; x_wconf 81' lang='lat'>42</span> <span class='ocrx_word' id='word_1_13' title='bbox 906 564 1224 648; x_wconf 83' lang='lat' dir='ltr'><strong>Ahrens)‚</strong></span> <span class='ocrx_word' id='word_1_14' title='bbox 1302 566 1459 629; x_wconf 86' lang='grc' dir='ltr'>καθὸ</span> <span class='ocrx_word' id='word_1_15' title='bbox 1527 565 1629 629; x_wconf 90' lang='grc' dir='ltr'>καὶ</span> <span class='ocrx_word' id='word_1_16' title='bbox 1695 567 1873 644; x_wconf 87' lang='grc' dir='ltr'>παρὰ</span> <span class='ocrx_word' id='word_1_17' title='bbox 1928 567 2005 631; x_wconf 89' lang='grc' dir='ltr'>τὸ</span> <span class='ocrx_word' id='word_1_18' title='bbox 2051 564 2325 631; x_wconf 87' lang='grc' dir='ltr'>αὐτόθεν</span> <span class='ocrx_word' id='word_1_19' title='bbox 2392 566 2604 650; x_wconf 71' lang='grc' dir='ltr'>αὐτῶ</span> <span class='ocrx_word' id='word_1_20' title='bbox 2679 566 2904 651; x_wconf 86' lang='grc' dir='ltr'>ὁρῇε,</span> <span class='ocrx_word' id='word_1_21' title='bbox 2968 566 3227 632; x_wconf 85' lang='grc' dir='ltr'>Φύεκα</span> 
     </span>
     <span class='ocr_line' id='line_1_4' title="bbox 632 663 3227 751; baseline 0.001 -20"><span class='ocrx_word' id='word_1_22' title='bbox 632 665 885 750; x_wconf 78' lang='lat' dir='ltr'><strong>(Sophr.</strong></span> <span class='ocrx_word' id='word_1_23' title='bbox 936 666 1013 732; x_wconf 89' lang='lat' dir='ltr'>fr.</span> <span class='ocrx_word' id='word_1_24' title='bbox 1048 666 1133 730; x_wconf 85' lang='lat'>45</span> <span class='ocrx_word' id='word_1_25' title='bbox 1173 663 1479 751; x_wconf 83' lang='lat' dir='ltr'><strong>Ahrens).</strong></span> <span class='ocrx_word' id='word_1_26' title='bbox 1541 665 1751 732; x_wconf 86' lang='grc' dir='ltr'>οὕτω(</span> <span class='ocrx_word' id='word_1_27' title='bbox 1797 667 1928 748; x_wconf 85' lang='grc' dir='ltr'>ἔχει</span> <span class='ocrx_word' id='word_1_28' title='bbox 1973 669 2077 733; x_wconf 88' lang='grc' dir='ltr'>καὶ</span> <span class='ocrx_word' id='word_1_29' title='bbox 2118 670 2195 733; x_wconf 89' lang='grc' dir='ltr'>τὸ</span> <span class='ocrx_word' id='word_1_30' title='bbox 2240 674 2356 733; x_wconf 83' lang='grc' dir='ltr'>πῶ</span> <span class='ocrx_word' id='word_1_31' title='bbox 2399 689 2514 734; x_wconf 89' lang='grc' dir='ltr'>τι(</span> <span class='ocrx_word' id='word_1_32' title='bbox 2567 667 2764 734; x_wconf 83' lang='grc' dir='ltr'>ὄνον</span> <span class='ocrx_word' id='word_1_33' title='bbox 2810 668 3227 734; x_wconf 84' lang='grc' dir='ltr'>ὠναεείται</span> 
     </span>
     <span class='ocr_line' id='line_1_5' title="bbox 629 765 3225 854; baseline 0.001 -22"><span class='ocrx_word' id='word_1_34' title='bbox 629 766 886 854; x_wconf 84' lang='lat' dir='ltr'><strong>(Sophr.</strong></span> <span class='ocrx_word' id='word_1_35' title='bbox 933 767 1009 832; x_wconf 87' lang='lat' dir='ltr'>fr.</span> <span class='ocrx_word' id='word_1_36' title='bbox 1056 767 1139 831; x_wconf 79' lang='lat'>89</span> <span class='ocrx_word' id='word_1_37' title='bbox 1183 765 1502 852; x_wconf 87' lang='lat' dir='ltr'><strong>Ahrens);</strong></span> <span class='ocrx_word' id='word_1_38' title='bbox 1549 767 1648 834; x_wconf 88' lang='grc' dir='ltr'>ὅτι</span> <span class='ocrx_word' id='word_1_39' title='bbox 1691 770 1814 848; x_wconf 87' lang='grc' dir='ltr'>γὰρ</span> <span class='ocrx_word' id='word_1_40' title='bbox 1856 770 1936 834; x_wconf 86' lang='grc' dir='ltr'>τὰ</span> <span class='ocrx_word' id='word_1_41' title='bbox 1979 773 2248 835; x_wconf 89' lang='grc' dir='ltr'>τοιαῦτα</span> <span class='ocrx_word' id='word_1_42' title='bbox 2293 770 2523 849; x_wconf 85' lang='grc' dir='ltr'>Δώρια</span> <span class='ocrx_word' id='word_1_43' title='bbox 2566 770 2980 854; x_wconf 83' lang='grc' dir='ltr'>ἐπιρρήματα,</span> <span class='ocrx_word' id='word_1_44' title='bbox 3027 772 3225 852; x_wconf 80' lang='grc' dir='ltr'>εαφέε</span> 
     </span>
     <span class='ocr_line' id='line_1_6' title="bbox 631 858 3303 955; baseline 0.001 -21"><span class='ocrx_word' id='word_1_45' title='bbox 631 872 700 935; x_wconf 84' lang='grc' dir='ltr'>ἐκ</span> <span class='ocrx_word' id='word_1_46' title='bbox 743 875 860 936; x_wconf 92' lang='grc' dir='ltr'>τοῦ</span> <span class='ocrx_word' id='word_1_47' title='bbox 905 871 1256 950; x_wconf 87' lang='grc' dir='ltr'>πάμπολλα</span> <span class='ocrx_word' id='word_1_48' title='bbox 1308 871 1423 949; x_wconf 79' lang='grc' dir='ltr'>μὲν</span> <span class='ocrx_word' id='word_1_49' title='bbox 1482 869 1648 937; x_wconf 80' lang='grc' dir='ltr'>εἶναι</span> <span class='ocrx_word' id='word_1_50' title='bbox 1705 871 2103 952; x_wconf 83' lang='grc' dir='ltr'>ἐπιρρήματα</span> <span class='ocrx_word' id='word_1_51' title='bbox 2158 872 2228 936; x_wconf 89' lang='grc' dir='ltr'>ἐκ</span> <span class='ocrx_word' id='word_1_52' title='bbox 2270 872 2478 937; x_wconf 86' lang='grc' dir='ltr'>τόπου</span> <span class='ocrx_word' id='word_1_53' title='bbox 2523 871 2610 938; x_wconf 84' lang='grc' dir='ltr'>εἰ(</span> <span class='ocrx_word' id='word_1_54' title='bbox 2654 858 2798 955; x_wconf 52' lang='grc' dir='ltr'>ἅν,</span> <span class='ocrx_word' id='word_1_55' title='bbox 2867 874 2948 953; x_wconf 90' lang='grc' dir='ltr'>μὴ</span> <span class='ocrx_word' id='word_1_56' title='bbox 3004 873 3227 951; x_wconf 89' lang='grc' dir='ltr'>μέντοι</span> <span class='ocrx_word' id='word_1_57' title='bbox 3277 888 3303 928; x_wconf 83' lang='lat'><strong>5</strong></span> 
     </span>
    </p>

    <p class='ocr_par' dir='ltr' id='par_1_3' title="bbox 560 972 3325 1463">
     <span class='ocr_line' id='line_1_7' title="bbox 560 972 3226 1054; baseline 0.001 -19"><span class='ocrx_word' id='word_1_58' title='bbox 560 987 593 1035; x_wconf 84' lang='lat'><strong>5</strong></span> <span class='ocrx_word' id='word_1_59' title='bbox 628 992 702 1048; x_wconf 94' lang='grc' dir='ltr'>γε</span> <span class='ocrx_word' id='word_1_60' title='bbox 756 975 838 1038; x_wconf 88' lang='grc' dir='ltr'>τά</span> <span class='ocrx_word' id='word_1_61' title='bbox 892 973 981 1038; x_wconf 92' lang='grc' dir='ltr'>εἰε</span> <span class='ocrx_word' id='word_1_62' title='bbox 1040 976 1092 1036; x_wconf 73' lang='grc' dir='ltr'>ὦ</span> <span class='ocrx_word' id='word_1_63' title='bbox 1150 972 1432 1050; x_wconf 83' lang='grc' dir='ltr'>λήγοντα</span> <span class='ocrx_word' id='word_1_64' title='bbox 1487 974 1604 1051; x_wconf 89' lang='grc' dir='ltr'>τὴν</span> <span class='ocrx_word' id='word_1_65' title='bbox 1651 973 1720 1037; x_wconf 84' lang='grc' dir='ltr'>ἐκ</span> <span class='ocrx_word' id='word_1_66' title='bbox 1775 973 1985 1039; x_wconf 87' lang='grc' dir='ltr'>τόπου</span> <span class='ocrx_word' id='word_1_67' title='bbox 2041 974 2246 1054; x_wconf 93' lang='grc' dir='ltr'>(χέειν</span> <span class='ocrx_word' id='word_1_68' title='bbox 2303 974 2572 1052; x_wconf 81' lang='grc' dir='ltr'>δηλοῦν·</span> <span class='ocrx_word' id='word_1_69' title='bbox 2629 972 2879 1040; x_wconf 89' lang='grc' dir='ltr'>ἐκείνου</span> <span class='ocrx_word' id='word_1_70' title='bbox 2934 995 3007 1051; x_wconf 92' lang='grc' dir='ltr'>γε</span> <span class='ocrx_word' id='word_1_71' title='bbox 3068 995 3226 1053; x_wconf 89' lang='grc' dir='ltr'>προ-</span> 
     </span>
     <span class='ocr_line' id='line_1_8' title="bbox 629 1073 3223 1155; baseline 0 -16"><span class='ocrx_word' id='word_1_72' title='bbox 629 1077 833 1154; x_wconf 86' lang='grc' dir='ltr'>δήλου</span> <span class='ocrx_word' id='word_1_73' title='bbox 879 1077 1312 1153; x_wconf 88' lang='grc' dir='ltr'>καθεετῶτοε,</span> <span class='ocrx_word' id='word_1_74' title='bbox 1370 1073 1461 1139; x_wconf 83' lang='grc' dir='ltr'>ὼ(</span> <span class='ocrx_word' id='word_1_75' title='bbox 1512 1074 1592 1139; x_wconf 91' lang='grc' dir='ltr'>τά</span> <span class='ocrx_word' id='word_1_76' title='bbox 1648 1074 2030 1153; x_wconf 87' lang='grc' dir='ltr'>ἐγγινόμενα</span> <span class='ocrx_word' id='word_1_77' title='bbox 2074 1076 2244 1155; x_wconf 93' lang='grc' dir='ltr'>πάθη</span> <span class='ocrx_word' id='word_1_78' title='bbox 2291 1075 2448 1141; x_wconf 91' lang='grc' dir='ltr'>κατά</span> <span class='ocrx_word' id='word_1_79' title='bbox 2491 1075 2605 1140; x_wconf 86' lang='grc' dir='ltr'>τὰ(</span> <span class='ocrx_word' id='word_1_80' title='bbox 2657 1075 3047 1154; x_wconf 86' lang='grc' dir='ltr'>ἑτεροιώεειε</span> <span class='ocrx_word' id='word_1_81' title='bbox 3089 1079 3223 1141; x_wconf 87' lang='grc' dir='ltr'>τῶν</span> 
     </span>
     <span class='ocr_line' id='line_1_9' title="bbox 630 1175 3219 1259; baseline 0 -19"><span class='ocrx_word' id='word_1_82' title='bbox 630 1177 978 1241; x_wconf 81' lang='grc' dir='ltr'>διαλέκτων</span> <span class='ocrx_word' id='word_1_83' title='bbox 1036 1179 1166 1241; x_wconf 87' lang='grc' dir='ltr'>τῶν</span> <span class='ocrx_word' id='word_1_84' title='bbox 1223 1180 1469 1256; x_wconf 87' lang='grc' dir='ltr'>φωνῶν</span> <span class='ocrx_word' id='word_1_85' title='bbox 1525 1175 1727 1259; x_wconf 88' lang='grc' dir='ltr'>ἐετιν,</span> <span class='ocrx_word' id='word_1_86' title='bbox 1793 1177 1940 1256; x_wconf 86' lang='grc' dir='ltr'>οὐχὶ</span> <span class='ocrx_word' id='word_1_87' title='bbox 1994 1182 2127 1242; x_wconf 87' lang='grc' dir='ltr'>τῶν</span> <span class='ocrx_word' id='word_1_88' title='bbox 2193 1177 2636 1255; x_wconf 85' lang='grc' dir='ltr'>δηλουμένων.</span> <span class='ocrx_word' id='word_1_89' title='bbox 2721 1177 2872 1241; x_wconf 86' lang='grc' dir='ltr'>ὅθεν</span> <span class='ocrx_word' id='word_1_90' title='bbox 2927 1177 3091 1255; x_wconf 89' lang='grc' dir='ltr'>πρὸ(</span> <span class='ocrx_word' id='word_1_91' title='bbox 3146 1177 3219 1240; x_wconf 89' lang='grc' dir='ltr'>τὸ</span> 
     </span>
     <span class='ocr_line' id='line_1_10' title="bbox 629 1277 3325 1362; baseline -0 -20"><span class='ocrx_word' id='word_1_92' title='bbox 629 1278 1093 1357; x_wconf 89' lang='grc' dir='ltr'>εημαινόμενον</span> <span class='ocrx_word' id='word_1_93' title='bbox 1156 1281 1275 1341; x_wconf 90' lang='grc' dir='ltr'>τοῦ</span> <span class='ocrx_word' id='word_1_94' title='bbox 1340 1277 1541 1343; x_wconf 92' lang='grc' dir='ltr'>πόθεν</span> <span class='ocrx_word' id='word_1_95' title='bbox 1610 1277 1814 1357; x_wconf 86' lang='grc' dir='ltr'>ἔμεινε</span> <span class='ocrx_word' id='word_1_96' title='bbox 1881 1279 1958 1344; x_wconf 88' lang='grc' dir='ltr'>τὸ</span> <span class='ocrx_word' id='word_1_97' title='bbox 2019 1279 2425 1357; x_wconf 85' lang='grc' dir='ltr'>δηλούμενον</span> <span class='ocrx_word' id='word_1_98' title='bbox 2489 1278 2560 1344; x_wconf 89' lang='grc' dir='ltr'>ἐν</span> <span class='ocrx_word' id='word_1_99' title='bbox 2626 1284 2717 1362; x_wconf 86' lang='grc' dir='ltr'>τῷ</span> <span class='ocrx_word' id='word_1_100' title='bbox 2783 1282 2886 1344; x_wconf 86' lang='grc' dir='ltr'>πῶ</span> <span class='ocrx_word' id='word_1_101' title='bbox 2948 1279 3050 1343; x_wconf 81' lang='grc' dir='ltr'>καὶ</span> <span class='ocrx_word' id='word_1_102' title='bbox 3103 1281 3220 1342; x_wconf 92' lang='grc' dir='ltr'>τοῦ</span> <span class='ocrx_word' id='word_1_103' title='bbox 3275 1296 3325 1334; x_wconf 86' lang='grc' dir='ltr'>ιο</span> 
     </span>
     <span class='ocr_line' id='line_1_11' title="bbox 629 1378 1400 1463; baseline -0.001 -21"><span class='ocrx_word' id='word_1_104' title='bbox 629 1379 904 1445; x_wconf 87' lang='grc' dir='ltr'>αὐτόθεν</span> <span class='ocrx_word' id='word_1_105' title='bbox 947 1378 1020 1444; x_wconf 87' lang='grc' dir='ltr'>ἐν</span> <span class='ocrx_word' id='word_1_106' title='bbox 1063 1384 1155 1463; x_wconf 84' lang='grc' dir='ltr'>τῷ</span> <span class='ocrx_word' id='word_1_107' title='bbox 1201 1378 1400 1443; x_wconf 82' lang='grc' dir='ltr'>αὐτῶ.</span> 
     </span>
    </p>

    <p class='ocr_par' dir='ltr' id='par_1_4' title="bbox 533 1480 3324 1969">
     <span class='ocr_line' id='line_1_12' title="bbox 533 1480 3222 1562; baseline 0.001 -19"><span class='ocrx_word' id='word_1_108' title='bbox 533 1495 595 1543; x_wconf 87' lang='lat'>10</span> <span class='ocrx_word' id='word_1_109' title='bbox 800 1481 871 1547; x_wconf 89' lang='grc' dir='ltr'><em>Ἡ</em></span> <span class='ocrx_word' id='word_1_110' title='bbox 916 1480 1297 1560; x_wconf 88' lang='grc' dir='ltr'>προκειμένη</span> <span class='ocrx_word' id='word_1_111' title='bbox 1345 1483 1698 1561; x_wconf 88' lang='grc' dir='ltr'>παραγωγὴ</span> <span class='ocrx_word' id='word_1_112' title='bbox 1744 1483 1905 1547; x_wconf 88' lang='grc' dir='ltr'>κατὰ</span> <span class='ocrx_word' id='word_1_113' title='bbox 1948 1486 2066 1547; x_wconf 89' lang='grc' dir='ltr'>τοῦ</span> <span class='ocrx_word' id='word_1_114' title='bbox 2112 1481 2313 1546; x_wconf 85' lang='grc' dir='ltr'>αὐτοῦ</span> <span class='ocrx_word' id='word_1_115' title='bbox 2358 1480 2763 1560; x_wconf 89' lang='grc' dir='ltr'>δηλουμένου</span> <span class='ocrx_word' id='word_1_116' title='bbox 2807 1481 3222 1562; x_wconf 88' lang='grc' dir='ltr'>παραλαμβά-</span> 
     </span>
     <span class='ocr_line' id='line_1_13' title="bbox 626 1582 3220 1666; baseline -0.001 -16"><span class='ocrx_word' id='word_1_117' title='bbox 626 1605 833 1666; x_wconf 87' lang='grc' dir='ltr'>νεται,</span> <span class='ocrx_word' id='word_1_118' title='bbox 891 1582 1076 1663; x_wconf 88' lang='grc' dir='ltr'>ἡνίκα</span> <span class='ocrx_word' id='word_1_119' title='bbox 1131 1582 1255 1647; x_wconf 73' lang='grc' dir='ltr'>ἀπ’</span> <span class='ocrx_word' id='word_1_120' title='bbox 1301 1582 1725 1663; x_wconf 87' lang='grc' dir='ltr'>ἀντωνυμιῶν</span> <span class='ocrx_word' id='word_1_121' title='bbox 1780 1584 1896 1663; x_wconf 90' lang='grc' dir='ltr'>μέν</span> <span class='ocrx_word' id='word_1_122' title='bbox 1953 1604 2166 1665; x_wconf 86' lang='grc' dir='ltr'>φαμεν</span> <span class='ocrx_word' id='word_1_123' title='bbox 2211 1583 2359 1664; x_wconf 85' lang='grc' dir='ltr'>ἐμεῦ</span> <span class='ocrx_word' id='word_1_124' title='bbox 2404 1582 2661 1666; x_wconf 83' lang='grc' dir='ltr'>ἐμέθεν,</span> <span class='ocrx_word' id='word_1_125' title='bbox 2720 1588 2825 1648; x_wconf 91' lang='grc' dir='ltr'>εεῦ</span> <span class='ocrx_word' id='word_1_126' title='bbox 2870 1583 3068 1647; x_wconf 90' lang='grc' dir='ltr'>(έθεν.</span> <span class='ocrx_word' id='word_1_127' title='bbox 3145 1584 3220 1648; x_wconf 92' lang='grc' dir='ltr'>τὸ</span> 
     </span>
     <span class='ocr_line' id='line_1_14' title="bbox 627 1683 3222 1764; baseline -0.001 -15"><span class='ocrx_word' id='word_1_128' title='bbox 627 1685 830 1751; x_wconf 88' lang='grc' dir='ltr'>πλέον</span> <span class='ocrx_word' id='word_1_129' title='bbox 887 1685 1011 1764; x_wconf 90' lang='grc' dir='ltr'>γὰρ</span> <span class='ocrx_word' id='word_1_130' title='bbox 1066 1683 1131 1748; x_wconf 81' lang='grc' dir='ltr'>αἱ</span> <span class='ocrx_word' id='word_1_131' title='bbox 1186 1683 1575 1762; x_wconf 90' lang='grc' dir='ltr'>ἀντωνυμίαι</span> <span class='ocrx_word' id='word_1_132' title='bbox 1632 1686 1791 1749; x_wconf 87' lang='grc' dir='ltr'>κατὰ</span> <span class='ocrx_word' id='word_1_133' title='bbox 1845 1686 2161 1764; x_wconf 90' lang='grc' dir='ltr'>πρόεωπα</span> <span class='ocrx_word' id='word_1_134' title='bbox 2223 1684 2509 1749; x_wconf 89' lang='grc' dir='ltr'>ἐθέλουει</span> <span class='ocrx_word' id='word_1_135' title='bbox 2567 1684 2977 1764; x_wconf 89' lang='grc' dir='ltr'>παράγεεθαι.</span> <span class='ocrx_word' id='word_1_136' title='bbox 3057 1683 3222 1747; x_wconf 88' lang='grc' dir='ltr'>ἀλλὰ</span> 
     </span>
     <span class='ocr_line' id='line_1_15' title="bbox 627 1784 3324 1868; baseline -0.001 -16"><span class='ocrx_word' id='word_1_137' title='bbox 627 1788 815 1868; x_wconf 86' lang='grc' dir='ltr'>φήεει</span> <span class='ocrx_word' id='word_1_138' title='bbox 872 1805 993 1851; x_wconf 88' lang='grc' dir='ltr'>τιε·</span> <span class='ocrx_word' id='word_1_139' title='bbox 1068 1787 1168 1850; x_wconf 79' lang='grc' dir='ltr'>«τί</span> <span class='ocrx_word' id='word_1_140' title='bbox 1234 1786 1337 1868; x_wconf 85' lang='grc' dir='ltr'>δέ,</span> <span class='ocrx_word' id='word_1_141' title='bbox 1406 1785 1459 1850; x_wconf 87' lang='grc' dir='ltr'>εἰ</span> <span class='ocrx_word' id='word_1_142' title='bbox 1524 1786 1978 1867; x_wconf 88' lang='grc' dir='ltr'>ἐπιρρηματικά</span> <span class='ocrx_word' id='word_1_143' title='bbox 2044 1788 2169 1852; x_wconf 82' lang='grc' dir='ltr'>ἐετι</span> <span class='ocrx_word' id='word_1_144' title='bbox 2234 1787 2540 1866; x_wconf 84' lang='grc' dir='ltr'>εχήματα,</span> <span class='ocrx_word' id='word_1_145' title='bbox 2609 1785 2732 1849; x_wconf 84' lang='grc' dir='ltr'>ἀπ’</span> <span class='ocrx_word' id='word_1_146' title='bbox 2795 1784 3217 1862; x_wconf 86' lang='grc' dir='ltr'>άντωνυμιῶν</span> <span class='ocrx_word' id='word_1_147' title='bbox 3272 1799 3324 1839; x_wconf 77' lang='lat'>¹⁵</span> 
     </span>
     <span class='ocr_line' id='line_1_16' title="bbox 625 1886 3217 1969; baseline -0.002 -16"><span class='ocrx_word' id='word_1_148' title='bbox 625 1888 1015 1968; x_wconf 69' lang='grc' dir='ltr'>γεγονότας»</span> <span class='ocrx_word' id='word_1_149' title='bbox 1093 1886 1273 1965; x_wconf 88' lang='grc' dir='ltr'>Πρὸ(</span> <span class='ocrx_word' id='word_1_150' title='bbox 1333 1886 1414 1952; x_wconf 91' lang='grc' dir='ltr'>ὃν</span> <span class='ocrx_word' id='word_1_151' title='bbox 1482 1886 1609 1952; x_wconf 87' lang='grc' dir='ltr'>ἔετι</span> <span class='ocrx_word' id='word_1_152' title='bbox 1673 1889 1913 1969; x_wconf 87' lang='grc' dir='ltr'>φάναι,</span> <span class='ocrx_word' id='word_1_153' title='bbox 1984 1889 2074 1953; x_wconf 82' lang='grc' dir='ltr'>ὡ(</span> <span class='ocrx_word' id='word_1_154' title='bbox 2131 1888 2336 1968; x_wconf 89' lang='grc' dir='ltr'>(χέειν</span> <span class='ocrx_word' id='word_1_155' title='bbox 2390 1889 2506 1966; x_wconf 89' lang='grc' dir='ltr'>τὴν</span> <span class='ocrx_word' id='word_1_156' title='bbox 2570 1894 2702 1953; x_wconf 87' lang='grc' dir='ltr'>τῶν</span> <span class='ocrx_word' id='word_1_157' title='bbox 2768 1886 3217 1966; x_wconf 89' lang='grc' dir='ltr'>ἐπιρρημάτων</span> 
     </span>
    </p>

    <p class='ocr_par' dir='ltr' id='par_1_5' title="bbox 529 1985 3320 2478">
     <span class='ocr_line' id='line_1_17' title="bbox 529 1985 3218 2072; baseline 0 -22"><span class='ocrx_word' id='word_1_158' title='bbox 529 2003 590 2051; x_wconf 83' lang='lat'>15</span> <span class='ocrx_word' id='word_1_159' title='bbox 627 1991 1086 2072; x_wconf 84' lang='grc' dir='ltr'>ἀποτελοῦειν,</span> <span class='ocrx_word' id='word_1_160' title='bbox 1144 1987 1290 2068; x_wconf 86' lang='grc' dir='ltr'>οὐχὶ</span> <span class='ocrx_word' id='word_1_161' title='bbox 1346 1989 1635 2056; x_wconf 82' lang='grc' dir='ltr'>εύνταξιν</span> <span class='ocrx_word' id='word_1_162' title='bbox 1691 1993 1804 2068; x_wconf 87' lang='grc' dir='ltr'>τῆ(</span> <span class='ocrx_word' id='word_1_163' title='bbox 1856 1993 2108 2067; x_wconf 89' lang='grc' dir='ltr'>γενικῆ(</span> <span class='ocrx_word' id='word_1_164' title='bbox 2165 1989 2689 2072; x_wconf 87' lang='grc' dir='ltr'>ἐπιρρηματικήν,</span> <span class='ocrx_word' id='word_1_165' title='bbox 2748 1987 2893 2071; x_wconf 84' lang='grc' dir='ltr'>[ὼε]</span> <span class='ocrx_word' id='word_1_166' title='bbox 2952 1985 3083 2064; x_wconf 85' lang='grc' dir='ltr'>εἴγε</span> <span class='ocrx_word' id='word_1_167' title='bbox 3139 1986 3218 2051; x_wconf 90' lang='grc' dir='ltr'>τά</span> 
     </span>
     <span class='ocr_line' id='line_1_18' title="bbox 626 2087 3215 2171; baseline -0.002 -14"><span class='ocrx_word' id='word_1_168' title='bbox 626 2092 1052 2171; x_wconf 88' lang='grc' dir='ltr'>ὁπωεδήποτε</span> <span class='ocrx_word' id='word_1_169' title='bbox 1109 2091 1426 2170; x_wconf 88' lang='grc' dir='ltr'>γενόμενα</span> <span class='ocrx_word' id='word_1_170' title='bbox 1477 2089 1869 2169; x_wconf 88' lang='grc' dir='ltr'>ἐπιρρήματα</span> <span class='ocrx_word' id='word_1_171' title='bbox 1922 2093 2064 2168; x_wconf 88' lang='grc' dir='ltr'>μιᾶ(</span> <span class='ocrx_word' id='word_1_172' title='bbox 2118 2089 2372 2156; x_wconf 86' lang='grc' dir='ltr'>ἐννοίαε</span> <span class='ocrx_word' id='word_1_173' title='bbox 2415 2091 2541 2156; x_wconf 87' lang='grc' dir='ltr'>ἐετὶ</span> <span class='ocrx_word' id='word_1_174' title='bbox 2597 2089 3074 2171; x_wconf 87' lang='grc' dir='ltr'>παρεμφατικά,</span> <span class='ocrx_word' id='word_1_175' title='bbox 3136 2087 3215 2152; x_wconf 86' lang='grc' dir='ltr'>οὐ</span> 
     </span>
     <span class='ocr_line' id='line_1_19' title="bbox 625 2190 3320 2282; baseline -0.002 -23"><span class='ocrx_word' id='word_1_176' title='bbox 625 2196 901 2274; x_wconf 89' lang='grc' dir='ltr'>δεόμενα</span> <span class='ocrx_word' id='word_1_177' title='bbox 944 2192 1354 2271; x_wconf 89' lang='grc' dir='ltr'>παραθέεεωε</span> <span class='ocrx_word' id='word_1_178' title='bbox 1398 2193 1795 2274; x_wconf 86' lang='grc' dir='ltr'>προθετικῆε,</span> <span class='ocrx_word' id='word_1_179' title='bbox 1841 2191 1906 2255; x_wconf 86' lang='grc' dir='ltr'>αἱ</span> <span class='ocrx_word' id='word_1_180' title='bbox 1950 2191 2167 2272; x_wconf 91' lang='grc' dir='ltr'>μέντοι</span> <span class='ocrx_word' id='word_1_181' title='bbox 2210 2193 2470 2274; x_wconf 85' lang='grc' dir='ltr'>γενικαί,</span> <span class='ocrx_word' id='word_1_182' title='bbox 2516 2192 2835 2282; x_wconf 27' lang='grc' dir='ltr'>ἐχόμεναι,</span> <span class='ocrx_word' id='word_1_183' title='bbox 2860 2190 3216 2255; x_wconf 89' lang='grc' dir='ltr'>(υντάξεω(</span> <span class='ocrx_word' id='word_1_184' title='bbox 3269 2205 3320 2244; x_wconf 80' lang='lat'>20</span> 
     </span>
     <span class='ocr_line' id='line_1_20' title="bbox 624 2290 3217 2375; baseline -0.003 -16"><span class='ocrx_word' id='word_1_185' title='bbox 624 2299 735 2375; x_wconf 87' lang='grc' dir='ltr'>τῆ(</span> <span class='ocrx_word' id='word_1_186' title='bbox 801 2296 964 2374; x_wconf 88' lang='grc' dir='ltr'>πρὸ(</span> <span class='ocrx_word' id='word_1_187' title='bbox 1039 2296 1154 2359; x_wconf 89' lang='grc' dir='ltr'>τὰ(</span> <span class='ocrx_word' id='word_1_188' title='bbox 1218 2294 1577 2372; x_wconf 87' lang='grc' dir='ltr'>προθέ(ει(,</span> <span class='ocrx_word' id='word_1_189' title='bbox 1651 2293 1885 2357; x_wconf 88' lang='grc' dir='ltr'>ταύταε</span> <span class='ocrx_word' id='word_1_190' title='bbox 1951 2294 2052 2357; x_wconf 89' lang='grc' dir='ltr'>καὶ</span> <span class='ocrx_word' id='word_1_191' title='bbox 2129 2292 2729 2373; x_wconf 88' lang='grc' dir='ltr'>ἀπολαμβάνουειν,</span> <span class='ocrx_word' id='word_1_192' title='bbox 2805 2290 2959 2356; x_wconf 88' lang='grc' dir='ltr'>ἀπὸ</span> <span class='ocrx_word' id='word_1_193' title='bbox 3025 2291 3217 2368; x_wconf 78' lang='grc' dir='ltr'>Ἀρι-</span> 
     </span>
     <span class='ocr_line' id='line_1_21' title="bbox 626 2391 3218 2478; baseline -0.003 -15"><span class='ocrx_word' id='word_1_194' title='bbox 626 2398 1003 2478; x_wconf 84' lang='grc' dir='ltr'>ετάρχου,</span> <span class='ocrx_word' id='word_1_195' title='bbox 1050 2396 1126 2462; x_wconf 83' lang='grc' dir='ltr'>ἐξ</span> <span class='ocrx_word' id='word_1_196' title='bbox 1171 2395 1714 2474; x_wconf 89' lang='grc' dir='ltr'>Ἀρι(τάρχου,</span> <span class='ocrx_word' id='word_1_197' title='bbox 1762 2394 1840 2461; x_wconf 82' lang='grc' dir='ltr'>ἐξ</span> <span class='ocrx_word' id='word_1_198' title='bbox 1887 2392 2147 2470; x_wconf 88' lang='grc' dir='ltr'>οἴκου,</span> <span class='ocrx_word' id='word_1_199' title='bbox 2196 2394 2328 2458; x_wconf 84' lang='grc' dir='ltr'>ἀπ’</span> <span class='ocrx_word' id='word_1_200' title='bbox 2373 2392 2632 2459; x_wconf 84' lang='grc' dir='ltr'>οἴκου·</span> <span class='ocrx_word' id='word_1_201' title='bbox 2694 2393 2732 2457; x_wconf 87' lang='grc' dir='ltr'>ὁ</span> <span class='ocrx_word' id='word_1_202' title='bbox 2778 2391 2974 2457; x_wconf 86' lang='grc' dir='ltr'>αὐτὸ(</span> <span class='ocrx_word' id='word_1_203' title='bbox 3021 2391 3218 2468; x_wconf 89' lang='grc' dir='ltr'>λόγο(</span> 
     </span>
    </p>

    <p class='ocr_par' dir='ltr' id='par_1_6' title="bbox 509 2491 3322 2882">
     <span class='ocr_line' id='line_1_22' title="bbox 509 2491 3215 2577; baseline -0.002 -19"><span class='ocrx_word' id='word_1_204' title='bbox 509 2511 589 2560; x_wconf 77' lang='grc' dir='ltr'>,2ο</span> <span class='ocrx_word' id='word_1_205' title='bbox 624 2499 731 2564; x_wconf 86' lang='grc' dir='ltr'>ἐπὶ</span> <span class='ocrx_word' id='word_1_206' title='bbox 773 2499 1058 2563; x_wconf 90' lang='grc' dir='ltr'>πάντων.</span> <span class='ocrx_word' id='word_1_207' title='bbox 1133 2497 1213 2561; x_wconf 86' lang='grc' dir='ltr'>οὐ</span> <span class='ocrx_word' id='word_1_208' title='bbox 1258 2498 1381 2577; x_wconf 87' lang='grc' dir='ltr'>μὴν</span> <span class='ocrx_word' id='word_1_209' title='bbox 1425 2495 1551 2560; x_wconf 88' lang='grc' dir='ltr'>ἔετι</span> <span class='ocrx_word' id='word_1_210' title='bbox 1596 2495 1798 2577; x_wconf 88' lang='grc' dir='ltr'>φάναι</span> <span class='ocrx_word' id='word_1_211' title='bbox 1842 2495 1998 2560; x_wconf 88' lang='grc' dir='ltr'>ἀπὸ</span> <span class='ocrx_word' id='word_1_212' title='bbox 2042 2494 2437 2575; x_wconf 86' lang='grc' dir='ltr'>Δηλόθεν,</span> <span class='ocrx_word' id='word_1_213' title='bbox 2493 2494 2645 2559; x_wconf 75' lang='grc' dir='ltr'>οὐδ’</span> <span class='ocrx_word' id='word_1_214' title='bbox 2691 2493 2827 2559; x_wconf 84' lang='grc' dir='ltr'>ἀπ’</span> <span class='ocrx_word' id='word_1_215' title='bbox 2871 2491 3215 2558; x_wconf 86' lang='grc' dir='ltr'>οἴκοθεν.</span> 
     </span>
     <span class='ocr_line' id='line_1_23' title="bbox 625 2583 3322 2678; baseline -0.003 -13"><span class='ocrx_word' id='word_1_216' title='bbox 625 2601 719 2665; x_wconf 88' lang='grc' dir='ltr'>ἔτι</span> <span class='ocrx_word' id='word_1_217' title='bbox 761 2620 836 2677; x_wconf 93' lang='grc' dir='ltr'>γε</span> <span class='ocrx_word' id='word_1_218' title='bbox 880 2601 1003 2678; x_wconf 88' lang='grc' dir='ltr'>μὴν</span> <span class='ocrx_word' id='word_1_219' title='bbox 1050 2597 1151 2661; x_wconf 88' lang='grc' dir='ltr'>ἐπὶ</span> <span class='ocrx_word' id='word_1_220' title='bbox 1194 2604 1326 2663; x_wconf 85' lang='grc' dir='ltr'>τῶν</span> <span class='ocrx_word' id='word_1_221' title='bbox 1372 2599 1811 2676; x_wconf 88' lang='grc' dir='ltr'>προκειμένων</span> <span class='ocrx_word' id='word_1_222' title='bbox 1869 2596 2353 2673; x_wconf 88' lang='grc' dir='ltr'>ἀνθυπάγονται</span> <span class='ocrx_word' id='word_1_223' title='bbox 2398 2595 2461 2659; x_wconf 87' lang='grc' dir='ltr'>αἱ</span> <span class='ocrx_word' id='word_1_224' title='bbox 2514 2597 2757 2672; x_wconf 88' lang='grc' dir='ltr'>γενικαὶ</span> <span class='ocrx_word' id='word_1_225' title='bbox 2798 2583 2929 2660; x_wconf 68' lang='grc' dir='ltr'>τ’ῶν</span> <span class='ocrx_word' id='word_1_226' title='bbox 2976 2593 3215 2674; x_wconf 88' lang='grc' dir='ltr'>ὀνομά-</span> <span class='ocrx_word' id='word_1_227' title='bbox 3270 2609 3322 2649; x_wconf 77' lang='lat'>2⁵</span> 
     </span>
     <span class='ocr_line' id='line_1_24' title="bbox 623 2696 3215 2780; baseline -0.003 -12"><span class='ocrx_word' id='word_1_228' title='bbox 623 2723 786 2779; x_wconf 87' lang='grc' dir='ltr'>των,</span> <span class='ocrx_word' id='word_1_229' title='bbox 847 2699 1011 2780; x_wconf 88' lang='grc' dir='ltr'>ὅπερ</span> <span class='ocrx_word' id='word_1_230' title='bbox 1064 2698 1234 2765; x_wconf 84' lang='grc' dir='ltr'>ἰ’διον</span> <span class='ocrx_word' id='word_1_231' title='bbox 1293 2698 1734 2778; x_wconf 84' lang='grc' dir='ltr'>ἀντωνυμιῶν.</span> <span class='ocrx_word' id='word_1_232' title='bbox 1799 2736 1857 2745; x_wconf 96' lang='grc'>-</span> <span class='ocrx_word' id='word_1_233' title='bbox 1920 2698 2088 2763; x_wconf 87' lang='grc' dir='ltr'>ἀλλὰ</span> <span class='ocrx_word' id='word_1_234' title='bbox 2143 2699 2246 2762; x_wconf 90' lang='grc' dir='ltr'>καὶ</span> <span class='ocrx_word' id='word_1_235' title='bbox 2300 2698 2412 2763; x_wconf 78' lang='grc' dir='ltr'>ἐπ’</span> <span class='ocrx_word' id='word_1_236' title='bbox 2456 2697 2832 2778; x_wconf 89' lang='grc' dir='ltr'>ὀνομάτων·</span> <span class='ocrx_word' id='word_1_237' title='bbox 2895 2696 3037 2760; x_wconf 81' lang='grc' dir='ltr'>ἀντὶ</span> <span class='ocrx_word' id='word_1_238' title='bbox 3090 2697 3215 2775; x_wconf 88' lang='grc' dir='ltr'>γὰρ</span> 
     </span>
     <span class='ocr_line' id='line_1_25' title="bbox 626 2802 1479 2882; baseline -0.001 -14"><span class='ocrx_word' id='word_1_239' title='bbox 626 2807 876 2882; x_wconf 86' lang='grc' dir='ltr'>γενικῆ(</span> <span class='ocrx_word' id='word_1_240' title='bbox 919 2806 1034 2881; x_wconf 88' lang='grc' dir='ltr'>τῆ(</span> <span class='ocrx_word' id='word_1_241' title='bbox 1076 2803 1241 2880; x_wconf 86' lang='grc' dir='ltr'>Ἴδη(</span> <span class='ocrx_word' id='word_1_242' title='bbox 1287 2802 1479 2882; x_wconf 79' lang='grc' dir='ltr'>φα(“ιν</span> 
     </span>
    </p>

    <p class='ocr_par' dir='ltr' id='par_1_7' title="bbox 521 2901 3353 3881">
     <span class='ocr_line' id='line_1_26' title="bbox 1500 2901 2377 2985; baseline -0.002 -17"><span class='ocrx_word' id='word_1_243' title='bbox 1500 2902 1742 2981; x_wconf 83' lang='grc' dir='ltr'>Ἴδηθεν</span> <span class='ocrx_word' id='word_1_244' title='bbox 1787 2902 2035 2982; x_wconf 91' lang='grc' dir='ltr'>μεδέων</span> <span class='ocrx_word' id='word_1_245' title='bbox 2082 2902 2154 2985; x_wconf 93' lang='grc' dir='ltr'>(Γ</span> <span class='ocrx_word' id='word_1_246' title='bbox 2200 2901 2377 2983; x_wconf 84' lang='grc'><strong>276).</strong></span> 
     </span>
     <span class='ocr_line' id='line_1_27' title="bbox 523 2988 1278 3068; baseline 0.004 -19"><span class='ocrx_word' id='word_1_247' title='bbox 523 3000 589 3050; x_wconf 79' lang='grc'>25</span> <span class='ocrx_word' id='word_1_248' title='bbox 628 2988 839 3055; x_wconf 85' lang='grc' dir='ltr'>οὕτω(</span> <span class='ocrx_word' id='word_1_249' title='bbox 882 2989 1013 3068; x_wconf 87' lang='grc' dir='ltr'>ἔχει</span> <span class='ocrx_word' id='word_1_250' title='bbox 1057 2989 1160 3052; x_wconf 84' lang='grc' dir='ltr'>καὶ</span> <span class='ocrx_word' id='word_1_251' title='bbox 1202 2989 1278 3053; x_wconf 89' lang='grc' dir='ltr'>τὸ</span> 
     </span>
     <span class='ocr_line' id='line_1_28' title="bbox 877 3086 3320 3172; baseline -0.003 -17"><span class='ocrx_word' id='word_1_252' title='bbox 877 3089 1122 3170; x_wconf 85' lang='grc' dir='ltr'>εἴεομαι</span> <span class='ocrx_word' id='word_1_253' title='bbox 1165 3090 1232 3153; x_wconf 82' lang='grc' dir='ltr'>δ’</span> <span class='ocrx_word' id='word_1_254' title='bbox 1276 3088 1342 3156; x_wconf 79' lang='grc' dir='ltr'>ἐξ</span> <span class='ocrx_word' id='word_1_255' title='bbox 1386 3087 1620 3153; x_wconf 86' lang='grc' dir='ltr'>ἁλόθεν</span> <span class='ocrx_word' id='word_1_256' title='bbox 1669 3087 1752 3167; x_wconf 92' lang='grc' dir='ltr'>(Φ</span> <span class='ocrx_word' id='word_1_257' title='bbox 1795 3086 1971 3172; x_wconf 83' lang='lat'>335).</span> <span class='ocrx_word' id='word_1_258' title='bbox 3268 3103 3320 3141; x_wconf 74' lang='lat'>³0</span> 
     </span>
     <span class='ocr_line' id='line_1_29' title="bbox 624 3187 3206 3274; baseline -0.003 -16"><span class='ocrx_word' id='word_1_259' title='bbox 624 3194 823 3274; x_wconf 74' lang='grc' dir='ltr'>(αφὲε</span> <span class='ocrx_word' id='word_1_260' title='bbox 867 3192 937 3257; x_wconf 89' lang='grc' dir='ltr'>ἐκ</span> <span class='ocrx_word' id='word_1_261' title='bbox 978 3191 1338 3256; x_wconf 85' lang='grc' dir='ltr'>(υντάξεω(</span> <span class='ocrx_word' id='word_1_262' title='bbox 1381 3192 1491 3268; x_wconf 88' lang='grc' dir='ltr'>τῆ(</span> <span class='ocrx_word' id='word_1_263' title='bbox 1537 3189 1631 3257; x_wconf 82' lang='grc' dir='ltr'>ἔξ·</span> <span class='ocrx_word' id='word_1_264' title='bbox 1687 3187 1846 3268; x_wconf 86' lang='grc' dir='ltr'>αὕτη</span> <span class='ocrx_word' id='word_1_265' title='bbox 1893 3190 2018 3269; x_wconf 85' lang='grc' dir='ltr'>γάρ</span> <span class='ocrx_word' id='word_1_266' title='bbox 2061 3189 2100 3269; x_wconf 85' lang='grc' dir='ltr'>ἡ</span> <span class='ocrx_word' id='word_1_267' title='bbox 2146 3190 2497 3269; x_wconf 88' lang='grc' dir='ltr'>παραγωγὴ</span> <span class='ocrx_word' id='word_1_268' title='bbox 2543 3188 2673 3269; x_wconf 85' lang='grc' dir='ltr'>ἔχει</span> <span class='ocrx_word' id='word_1_269' title='bbox 2716 3187 3085 3268; x_wconf 86' lang='grc' dir='ltr'>ἐγκείμενον</span> <span class='ocrx_word' id='word_1_270' title='bbox 3129 3189 3206 3252; x_wconf 87' lang='grc' dir='ltr'>τὸ</span> 
     </span>
     <span class='ocr_line' id='line_1_30' title="bbox 623 3292 1430 3373; baseline -0.007 -11"><span class='ocrx_word' id='word_1_271' title='bbox 623 3295 707 3362; x_wconf 83' lang='grc' dir='ltr'>ἔξ.</span> <span class='ocrx_word' id='word_1_272' title='bbox 781 3293 989 3360; x_wconf 88' lang='grc' dir='ltr'>οὕτω(</span> <span class='ocrx_word' id='word_1_273' title='bbox 1033 3293 1163 3373; x_wconf 87' lang='grc' dir='ltr'>ἔχει</span> <span class='ocrx_word' id='word_1_274' title='bbox 1207 3294 1310 3357; x_wconf 81' lang='grc' dir='ltr'>καὶ</span> <span class='ocrx_word' id='word_1_275' title='bbox 1351 3292 1430 3357; x_wconf 87' lang='grc' dir='ltr'>τὸ</span> 
     </span>
     <span class='ocr_line' id='line_1_31' title="bbox 521 3386 2376 3477; baseline -0.003 -17"><span class='ocrx_word' id='word_1_276' title='bbox 521 3386 525 3389; x_wconf 58' lang='grc'><strong>’</strong></span> <span class='ocrx_word' id='word_1_277' title='bbox 1602 3392 1667 3458; x_wconf 85' lang='grc' dir='ltr'>ἐξ</span> <span class='ocrx_word' id='word_1_278' title='bbox 1713 3392 2073 3473; x_wconf 83' lang='grc' dir='ltr'>οὐρανόθεν</span> <span class='ocrx_word' id='word_1_279' title='bbox 2119 3394 2203 3475; x_wconf 86' lang='grc' dir='ltr'>(Θ</span> <span class='ocrx_word' id='word_1_280' title='bbox 2253 3391 2376 3477; x_wconf 90' lang='grc'>19).</span> 
     </span>
     <span class='ocr_line' id='line_1_32' title="bbox 521 3496 3353 3576; baseline -0.001 -20"><span class='ocrx_word' id='word_1_281' title='bbox 521 3508 590 3557; x_wconf 80' lang='lat'>30</span> <span class='ocrx_word' id='word_1_282' title='bbox 629 3497 737 3562; x_wconf 83' lang='grc' dir='ltr'>Καὶ</span> <span class='ocrx_word' id='word_1_283' title='bbox 781 3497 846 3565; x_wconf 84' lang='grc' dir='ltr'>ἐξ</span> <span class='ocrx_word' id='word_1_284' title='bbox 892 3496 1156 3561; x_wconf 84' lang='grc' dir='ltr'>ἐκείνων</span> <span class='ocrx_word' id='word_1_285' title='bbox 1200 3497 1273 3559; x_wconf 82' lang='grc' dir='ltr'>δὲ</span> <span class='ocrx_word' id='word_1_286' title='bbox 1318 3496 1668 3576; x_wconf 87' lang='grc' dir='ltr'>ευμφανέ(,</span> <span class='ocrx_word' id='word_1_287' title='bbox 3252 3506 3353 3553; x_wconf 73' lang='lat'>624</span> 
     </span>
     <span class='ocr_line' id='line_1_33' title="bbox 877 3596 1808 3678; baseline -0.001 -17"><span class='ocrx_word' id='word_1_288' title='bbox 877 3596 1029 3662; x_wconf 89' lang='grc' dir='ltr'>Αἴα(</span> <span class='ocrx_word' id='word_1_289' title='bbox 1073 3597 1141 3661; x_wconf 78' lang='grc' dir='ltr'>δ’</span> <span class='ocrx_word' id='word_1_290' title='bbox 1184 3596 1452 3674; x_wconf 87' lang='grc' dir='ltr'>ἐγγύθεν</span> <span class='ocrx_word' id='word_1_291' title='bbox 1500 3597 1577 3676; x_wconf 92' lang='grc' dir='ltr'>(Η</span> <span class='ocrx_word' id='word_1_292' title='bbox 1623 3596 1808 3678; x_wconf 83' lang='grc'><strong>219)·</strong></span> 
     </span>
     <span class='ocr_line' id='line_1_34' title="bbox 625 3694 3214 3779; baseline -0.003 -14"><span class='ocrx_word' id='word_1_293' title='bbox 625 3700 706 3765; x_wconf 87' lang='grc' dir='ltr'>οὐ</span> <span class='ocrx_word' id='word_1_294' title='bbox 759 3701 883 3779; x_wconf 86' lang='grc' dir='ltr'>γὰρ</span> <span class='ocrx_word' id='word_1_295' title='bbox 928 3703 1048 3765; x_wconf 92' lang='grc' dir='ltr'>νῦν</span> <span class='ocrx_word' id='word_1_296' title='bbox 1091 3700 1207 3777; x_wconf 88' lang='grc' dir='ltr'>τὴν</span> <span class='ocrx_word' id='word_1_297' title='bbox 1253 3699 1322 3763; x_wconf 93' lang='grc' dir='ltr'>ἐκ</span> <span class='ocrx_word' id='word_1_298' title='bbox 1363 3698 1572 3763; x_wconf 90' lang='grc' dir='ltr'>τόπου</span> <span class='ocrx_word' id='word_1_299' title='bbox 1617 3697 1821 3777; x_wconf 91' lang='grc' dir='ltr'>εχέ(ιν</span> <span class='ocrx_word' id='word_1_300' title='bbox 1881 3697 2178 3779; x_wconf 88' lang='grc' dir='ltr'>βούλεται</span> <span class='ocrx_word' id='word_1_301' title='bbox 2235 3697 2510 3776; x_wconf 86' lang='grc' dir='ltr'>δηλοῦν,</span> <span class='ocrx_word' id='word_1_302' title='bbox 2567 3695 2684 3774; x_wconf 86' lang='grc' dir='ltr'>τὴν</span> <span class='ocrx_word' id='word_1_303' title='bbox 2731 3695 2803 3759; x_wconf 80' lang='grc' dir='ltr'>δὲ</span> <span class='ocrx_word' id='word_1_304' title='bbox 2847 3694 2936 3762; x_wconf 88' lang='grc' dir='ltr'>εἰ(</span> <span class='ocrx_word' id='word_1_305' title='bbox 2983 3695 3214 3761; x_wconf 89' lang='grc' dir='ltr'>τόπον.</span> 
     </span>
     <span class='ocr_line' id='line_1_35' title="bbox 532 3800 1275 3881; baseline -0.001 -16"><span class='ocrx_word' id='word_1_306' title='bbox 532 3875 536 3880; x_wconf 43' lang='grc'><strong>,</strong></span> <span class='ocrx_word' id='word_1_307' title='bbox 627 3801 835 3867; x_wconf 85' lang='grc' dir='ltr'>οὕτω(</span> <span class='ocrx_word' id='word_1_308' title='bbox 877 3800 1010 3881; x_wconf 89' lang='grc' dir='ltr'>ἔχει</span> <span class='ocrx_word' id='word_1_309' title='bbox 1053 3802 1155 3865; x_wconf 87' lang='grc' dir='ltr'>καὶ</span> <span class='ocrx_word' id='word_1_310' title='bbox 1197 3801 1275 3865; x_wconf 87' lang='grc' dir='ltr'>τὸ</span> 
     </span>
    </p>
   </div>
   <div class='ocr_carea' id='block_1_2' title="bbox 622 3939 3216 4184">
    <p class='ocr_par' dir='ltr' id='par_1_8' title="bbox 622 3939 3216 4184">
     <span class='ocr_line' id='line_1_36' title="bbox 757 3939 3211 4027; baseline -0.001 -21"><span class='ocrx_word' id='word_1_311' title='bbox 757 3955 979 4007; x_wconf 71' lang='lat' dir='ltr'><strong>Auem.</strong></span> <span class='ocrx_word' id='word_1_312' title='bbox 1059 3956 1123 4005; x_wconf 88' lang='lat'>10</span> <span class='ocrx_word' id='word_1_313' title='bbox 1156 3949 1394 4004; x_wconf 78' lang='lat' dir='ltr'><strong>Formae</strong></span> <span class='ocrx_word' id='word_1_314' title='bbox 1435 3950 1497 4003; x_wconf 90' lang='lat' dir='ltr'>in</span> <span class='ocrx_word' id='word_1_315' title='bbox 1532 3939 1640 4004; x_wconf 76' lang='lat' dir='ltr'><strong>Oe—v</strong></span> <span class='ocrx_word' id='word_1_316' title='bbox 1675 3949 1722 4003; x_wconf 86' lang='lat' dir='ltr'>si</span> <span class='ocrx_word' id='word_1_317' title='bbox 1757 3967 1793 4004; x_wconf 80' lang='lat' dir='ltr'><strong>a</strong></span> <span class='ocrx_word' id='word_1_318' title='bbox 1827 3948 2248 4019; x_wconf 75' lang='lat' dir='ltr'>pronominibus</span> <span class='ocrx_word' id='word_1_319' title='bbox 2284 3946 2642 4013; x_wconf 76' lang='lat' dir='ltr'>derivantur,</span> <span class='ocrx_word' id='word_1_320' title='bbox 2688 3947 2977 4002; x_wconf 88' lang='lat' dir='ltr'><strong>notionem</strong></span> <span class='ocrx_word' id='word_1_321' title='bbox 3016 3963 3211 4027; x_wconf 55' lang='lat' dir='ltr'><strong>sogum</strong></span> 
     </span>
     <span class='ocr_line' id='line_1_37' title="bbox 624 4031 3216 4112; baseline -0.002 -22"><span class='ocrx_word' id='word_1_322' title='bbox 624 4037 853 4090; x_wconf 79' lang='lat' dir='ltr'><strong>servant</strong></span> <span class='ocrx_word' id='word_1_323' title='bbox 896 4038 956 4091; x_wconf 89' lang='lat' dir='ltr'>et</span> <span class='ocrx_word' id='word_1_324' title='bbox 995 4052 1099 4106; x_wconf 90' lang='lat' dir='ltr'>pro</span> <span class='ocrx_word' id='word_1_325' title='bbox 1142 4034 1421 4105; x_wconf 82' lang='lat' dir='ltr'><strong>genetivis</strong></span> <span class='ocrx_word' id='word_1_326' title='bbox 1462 4037 1822 4104; x_wconf 80' lang='lat' dir='ltr'><strong>usurpantur.</strong></span> <span class='ocrx_word' id='word_1_327' title='bbox 1872 4065 1938 4074; x_wconf 96' lang='lat'><strong>—</strong></span> <span class='ocrx_word' id='word_1_328' title='bbox 1983 4039 2049 4087; x_wconf 85' lang='grc'>22</span> <span class='ocrx_word' id='word_1_329' title='bbox 2085 4033 2243 4087; x_wconf 82' lang='lat' dir='ltr'><strong>Idem</strong></span> <span class='ocrx_word' id='word_1_330' title='bbox 2288 4034 2376 4087; x_wconf 89' lang='lat' dir='ltr'>est</span> <span class='ocrx_word' id='word_1_331' title='bbox 2408 4048 2555 4112; x_wconf 55' lang='lat' dir='ltr'><strong>us—ug</strong></span> <span class='ocrx_word' id='word_1_332' title='bbox 2586 4031 2894 4086; x_wconf 80' lang='lat' dir='ltr'><strong>formarum</strong></span> <span class='ocrx_word' id='word_1_333' title='bbox 2938 4033 2998 4087; x_wconf 88' lang='lat' dir='ltr'>in</span> <span class='ocrx_word' id='word_1_334' title='bbox 3034 4037 3136 4087; x_wconf 92' lang='grc' dir='ltr'>θεν</span> <span class='ocrx_word' id='word_1_335' title='bbox 3180 4048 3216 4085; x_wconf 83' lang='lat' dir='ltr'>a</span> 
     </span>
     <span class='ocr_line' id='line_1_38' title="bbox 622 4115 3213 4184; baseline -0.001 -9"><span class='ocrx_word' id='word_1_336' title='bbox 622 4120 942 4175; x_wconf 80' lang='lat' dir='ltr'><strong>nominibus</strong></span> <span class='ocrx_word' id='word_1_337' title='bbox 984 4119 1383 4174; x_wconf 77' lang='lat' dir='ltr'><strong>derivatamm.</strong></span> <span class='ocrx_word' id='word_1_338' title='bbox 1424 4149 1491 4159; x_wconf 91' lang='lat'>—-</span> <span class='ocrx_word' id='word_1_339' title='bbox 1534 4126 1601 4174; x_wconf 88' lang='grc'>30</span> <span class='ocrx_word' id='word_1_340' title='bbox 1636 4118 1780 4173; x_wconf 84' lang='lat' dir='ltr'><strong>Sunt</strong></span> <span class='ocrx_word' id='word_1_341' title='bbox 1813 4118 1985 4173; x_wconf 74' lang='lat' dir='ltr'><strong>etiam</strong></span> <span class='ocrx_word' id='word_1_342' title='bbox 2032 4116 2304 4173; x_wconf 78' lang='lat' dir='ltr'><strong>adverbia.</strong></span> <span class='ocrx_word' id='word_1_343' title='bbox 2347 4117 2407 4170; x_wconf 88' lang='lat' dir='ltr'>in</span> <span class='ocrx_word' id='word_1_344' title='bbox 2449 4121 2550 4171; x_wconf 90' lang='grc' dir='ltr'>θεν</span> <span class='ocrx_word' id='word_1_345' title='bbox 2595 4116 2667 4170; x_wconf 80' lang='lat' dir='ltr'>ab</span> <span class='ocrx_word' id='word_1_346' title='bbox 2707 4115 2990 4172; x_wconf 74' lang='lat' dir='ltr'><strong>adverbiis</strong></span> <span class='ocrx_word' id='word_1_347' title='bbox 3025 4118 3213 4184; x_wconf 79' lang='lat' dir='ltr'><strong>ducta,</strong></span> 
     </span>
    </p>
   </div>
   <div class='ocr_carea' id='block_1_3' title="bbox 621 4205 1270 4264">
    <p class='ocr_par' dir='ltr' id='par_1_9' title="bbox 621 4205 1270 4264">
     <span class='ocr_line' id='line_1_39' title="bbox 621 4205 1270 4264; baseline 0 -5"><span class='ocrx_word' id='word_1_348' title='bbox 621 4205 851 4259; x_wconf 82' lang='lat' dir='ltr'><strong>notione</strong></span> <span class='ocrx_word' id='word_1_349' title='bbox 887 4220 998 4259; x_wconf 90' lang='lat' dir='ltr'>non</span> <span class='ocrx_word' id='word_1_350' title='bbox 1032 4206 1270 4264; x_wconf 76' lang='lat' dir='ltr'><strong>mutata.</strong></span> 
     </span>
    </p>
   </div>
   <div class='ocr_carea' id='block_1_4' title="bbox 625 4304 680 4311">
    <p class='ocr_par' dir='ltr' id='par_1_10' title="bbox 625 4304 680 4311">
     <span class='ocr_line' id='line_1_40' title="bbox 625 4304 680 4311; baseline 0 0"><span class='ocrx_word' id='word_1_351' title='bbox 625 4304 680 4311; x_wconf 65' lang='grc'><em>...-</em></span> 
     </span>
    </p>
   </div>
   <div class='ocr_carea' id='block_1_5' title="bbox 685 4304 1027 4312">
    <p class='ocr_par' dir='ltr' id='par_1_11' title="bbox 685 4304 1027 4312">
     <span class='ocr_line' id='line_1_41' title="bbox 685 4304 1027 4312; baseline 0 0"><span class='ocrx_word' id='word_1_352' title='bbox 685 4304 1027 4312; x_wconf 95' lang='lat' dir='ltr'> </span> 
     </span>
    </p>
   </div>
   <div class='ocr_carea' id='block_1_6' title="bbox 623 4336 3215 4917">
    <p class='ocr_par' dir='ltr' id='par_1_12' title="bbox 623 4336 3215 4917">
     <span class='ocr_line' id='line_1_42' title="bbox 758 4336 3211 4406; baseline -0.001 -13"><span class='ocrx_word' id='word_1_353' title='bbox 758 4339 940 4395; x_wconf 76' lang='lat' dir='ltr'><strong>Dsscn.</strong></span> <span class='ocrx_word' id='word_1_354' title='bbox 975 4359 1172 4395; x_wconf 69' lang='lat' dir='ltr'><strong>somn.</strong></span> <span class='ocrx_word' id='word_1_355' title='bbox 1241 4346 1291 4395; x_wconf 97' lang='grc'>2.</span> <span class='ocrx_word' id='word_1_356' title='bbox 1327 4340 1623 4395; x_wconf 79' lang='grc' dir='ltr'>ὼναεείται</span> <span class='ocrx_word' id='word_1_357' title='bbox 1657 4338 1994 4404; x_wconf 83' lang='lat' dir='ltr'><strong>HLAhrens,</strong></span> <span class='ocrx_word' id='word_1_358' title='bbox 2032 4340 2330 4393; x_wconf 79' lang='grc' dir='ltr'>ὠναεεῑται</span> <span class='ocrx_word' id='word_1_359' title='bbox 2365 4337 2402 4391; x_wconf 90' lang='lat' dir='ltr'>b</span> <span class='ocrx_word' id='word_1_360' title='bbox 2462 4338 2471 4405; x_wconf 89' lang='grc' dir='ltr'>Ι</span> <span class='ocrx_word' id='word_1_361' title='bbox 2517 4341 2568 4393; x_wconf 84' lang='grc'>4.</span> <span class='ocrx_word' id='word_1_362' title='bbox 2606 4336 2799 4403; x_wconf 86' lang='grc' dir='ltr'>μέντοι</span> <span class='ocrx_word' id='word_1_363' title='bbox 2833 4337 3211 4406; x_wconf 85' lang='lat' dir='ltr'><strong>RSehneider,</strong></span> 
     </span>
     <span class='ocr_line' id='line_1_43' title="bbox 626 4421 3213 4494; baseline -0.002 -12"><span class='ocrx_word' id='word_1_364' title='bbox 626 4427 742 4492; x_wconf 86' lang='grc' dir='ltr'>μέν’</span> <span class='ocrx_word' id='word_1_365' title='bbox 762 4427 853 4481; x_wconf 84' lang='grc' dir='ltr'>τοί</span> <span class='ocrx_word' id='word_1_366' title='bbox 888 4426 924 4479; x_wconf 91' lang='lat' dir='ltr'>b</span> <span class='ocrx_word' id='word_1_367' title='bbox 973 4427 982 4494; x_wconf 89' lang='grc' dir='ltr'>Ι</span> <span class='ocrx_word' id='word_1_368' title='bbox 1029 4432 1079 4480; x_wconf 82' lang='grc'>5.</span> <span class='ocrx_word' id='word_1_369' title='bbox 1113 4427 1186 4480; x_wconf 85' lang='grc' dir='ltr'>τὰ</span> <span class='ocrx_word' id='word_1_370' title='bbox 1221 4423 1300 4480; x_wconf 75' lang='grc' dir='ltr'>εἰ(</span> <span class='ocrx_word' id='word_1_371' title='bbox 1334 4431 1387 4479; x_wconf 66' lang='lat' dir='ltr'>Hs·</span> <span class='ocrx_word' id='word_1_372' title='bbox 1422 4426 1675 4492; x_wconf 86' lang='grc' dir='ltr'>λήγοντα</span> <span class='ocrx_word' id='word_1_373' title='bbox 1710 4422 2100 4489; x_wconf 80' lang='lat' dir='ltr'><strong>RSkrzeczka,</strong></span> <span class='ocrx_word' id='word_1_374' title='bbox 2137 4428 2256 4478; x_wconf 79' lang='grc' dir='ltr'>τοῖ(</span> <span class='ocrx_word' id='word_1_375' title='bbox 2294 4421 2371 4477; x_wconf 78' lang='grc' dir='ltr'>εἰ(</span> <span class='ocrx_word' id='word_1_376' title='bbox 2409 4427 2459 4476; x_wconf 79' lang='grc' dir='ltr'>ῖῡ</span> <span class='ocrx_word' id='word_1_377' title='bbox 2498 4422 2728 4488; x_wconf 85' lang='grc' dir='ltr'>λήγουει</span> <span class='ocrx_word' id='word_1_378' title='bbox 2765 4422 2857 4476; x_wconf 79' lang='lat' dir='ltr'>Ab</span> <span class='ocrx_word' id='word_1_379' title='bbox 2897 4425 2908 4489; x_wconf 86' lang='grc' dir='ltr'>Ι</span> <span class='ocrx_word' id='word_1_380' title='bbox 2943 4439 3008 4488; x_wconf 90' lang='grc' dir='ltr'>γε</span> <span class='ocrx_word' id='word_1_381' title='bbox 3043 4422 3111 4485; x_wconf 87' lang='lat' dir='ltr'>b,</span> <span class='ocrx_word' id='word_1_382' title='bbox 3147 4439 3213 4477; x_wconf 85' lang='grc' dir='ltr'>τε</span> 
     </span>
     <span class='ocr_line' id='line_1_44' title="bbox 625 4505 3213 4583; baseline -0.002 -18"><span class='ocrx_word' id='word_1_383' title='bbox 625 4513 669 4565; x_wconf 85' lang='grc' dir='ltr'>Α</span> <span class='ocrx_word' id='word_1_384' title='bbox 700 4511 710 4579; x_wconf 90' lang='grc' dir='ltr'>Ι</span> <span class='ocrx_word' id='word_1_385' title='bbox 739 4516 791 4565; x_wconf 85' lang='grc'>8.</span> <span class='ocrx_word' id='word_1_386' title='bbox 828 4515 934 4583; x_wconf 78' lang='grc' dir='ltr'>τοῦ</span> <span class='ocrx_word' id='word_1_387' title='bbox 968 4510 1032 4577; x_wconf 86' lang='lat' dir='ltr'>b,</span> <span class='ocrx_word' id='word_1_388' title='bbox 1069 4527 1156 4564; x_wconf 89' lang='grc' dir='ltr'>τω</span> <span class='ocrx_word' id='word_1_389' title='bbox 1185 4511 1227 4564; x_wconf 93' lang='grc' dir='ltr'>Α</span> <span class='ocrx_word' id='word_1_390' title='bbox 1259 4515 1268 4577; x_wconf 83' lang='grc' dir='ltr'>Ι</span> <span class='ocrx_word' id='word_1_391' title='bbox 1302 4516 1379 4564; x_wconf 89' lang='grc'>10.</span> <span class='ocrx_word' id='word_1_392' title='bbox 1417 4509 1757 4578; x_wconf 84' lang='grc' dir='ltr'>προκειμένη</span> <span class='ocrx_word' id='word_1_393' title='bbox 1793 4507 1856 4574; x_wconf 90' lang='lat' dir='ltr'>b,</span> <span class='ocrx_word' id='word_1_394' title='bbox 1893 4507 1953 4561; x_wconf 91' lang='lat' dir='ltr'>in</span> <span class='ocrx_word' id='word_1_395' title='bbox 1990 4509 2032 4562; x_wconf 93' lang='grc' dir='ltr'>Α</span> <span class='ocrx_word' id='word_1_396' title='bbox 2071 4524 2210 4575; x_wconf 90' lang='grc' dir='ltr'>προ,</span> <span class='ocrx_word' id='word_1_397' title='bbox 2249 4506 2400 4576; x_wconf 88' lang='lat' dir='ltr'><strong>qnod</strong></span> <span class='ocrx_word' id='word_1_398' title='bbox 2435 4505 2494 4559; x_wconf 90' lang='lat' dir='ltr'>in</span> <span class='ocrx_word' id='word_1_399' title='bbox 2532 4522 2646 4560; x_wconf 87' lang='grc' dir='ltr'>παο</span> <span class='ocrx_word' id='word_1_400' title='bbox 2681 4507 2981 4575; x_wconf 78' lang='lat' dir='ltr'><strong>mutat-um,</strong></span> <span class='ocrx_word' id='word_1_401' title='bbox 3018 4505 3078 4560; x_wconf 87' lang='lat' dir='ltr'>in</span> <span class='ocrx_word' id='word_1_402' title='bbox 3102 4506 3213 4561; x_wconf 86' lang='lat' dir='ltr'>fine</span> 
     </span>
     <span class='ocr_line' id='line_1_45' title="bbox 625 4590 3215 4661; baseline -0.002 -13"><span class='ocrx_word' id='word_1_403' title='bbox 625 4609 829 4661; x_wconf 84' lang='lat' dir='ltr'><strong>versus,</strong></span> <span class='ocrx_word' id='word_1_404' title='bbox 867 4595 926 4647; x_wconf 87' lang='lat' dir='ltr'>in</span> <span class='ocrx_word' id='word_1_405' title='bbox 960 4594 1121 4649; x_wconf 87' lang='lat' dir='ltr'><strong>initio</strong></span> <span class='ocrx_word' id='word_1_406' title='bbox 1155 4595 1441 4661; x_wconf 79' lang='lat' dir='ltr'><strong>sequentis</strong></span> <span class='ocrx_word' id='word_1_407' title='bbox 1474 4610 1668 4649; x_wconf 82' lang='lat' dir='ltr'><strong>versus</strong></span> <span class='ocrx_word' id='word_1_408' title='bbox 1700 4593 1844 4647; x_wconf 79' lang='lat' dir='ltr'><strong>duae</strong></span> <span class='ocrx_word' id='word_1_409' title='bbox 1881 4592 2107 4647; x_wconf 76' lang='lat' dir='ltr'><strong>litterae</strong></span> <span class='ocrx_word' id='word_1_410' title='bbox 2133 4606 2344 4657; x_wconf 80' lang='lat' dir='ltr'><strong>erasae,</strong></span> <span class='ocrx_word' id='word_1_411' title='bbox 2381 4593 2510 4661; x_wconf 88' lang='lat' dir='ltr'><strong>post</strong></span> <span class='ocrx_word' id='word_1_412' title='bbox 2534 4607 2631 4646; x_wconf 77' lang='lat' dir='ltr'>eas</span> <span class='ocrx_word' id='word_1_413' title='bbox 2660 4606 2886 4658; x_wconf 88' lang='grc' dir='ltr'>κειμενη</span> <span class='ocrx_word' id='word_1_414' title='bbox 2917 4590 2927 4658; x_wconf 90' lang='grc' dir='ltr'>Ι</span> <span class='ocrx_word' id='word_1_415' title='bbox 2968 4596 3042 4645; x_wconf 89' lang='grc'>12.</span> <span class='ocrx_word' id='word_1_416' title='bbox 3070 4592 3215 4646; x_wconf 83' lang='grc' dir='ltr'>ἀλλὰ</span> 
     </span>
     <span class='ocr_line' id='line_1_46' title="bbox 623 4674 3212 4748; baseline -0.001 -16"><span class='ocrx_word' id='word_1_417' title='bbox 623 4678 680 4745; x_wconf 89' lang='lat' dir='ltr'>b,</span> <span class='ocrx_word' id='word_1_418' title='bbox 708 4682 865 4734; x_wconf 88' lang='grc' dir='ltr'>αλλει</span> <span class='ocrx_word' id='word_1_419' title='bbox 889 4682 934 4735; x_wconf 89' lang='grc' dir='ltr'>Α</span> <span class='ocrx_word' id='word_1_420' title='bbox 966 4682 975 4748; x_wconf 88' lang='grc' dir='ltr'>Ι</span> <span class='ocrx_word' id='word_1_421' title='bbox 1010 4685 1088 4733; x_wconf 83' lang='lat'>15.</span> <span class='ocrx_word' id='word_1_422' title='bbox 1128 4681 1208 4733; x_wconf 84' lang='grc' dir='ltr'>ὼ(</span> <span class='ocrx_word' id='word_1_423' title='bbox 1243 4678 1456 4733; x_wconf 83' lang='lat' dir='ltr'><strong>delevit</strong></span> <span class='ocrx_word' id='word_1_424' title='bbox 1487 4676 1863 4746; x_wconf 83' lang='lat' dir='ltr'><strong>RSohneider,</strong></span> <span class='ocrx_word' id='word_1_425' title='bbox 1902 4693 2014 4745; x_wconf 90' lang='lat' dir='ltr'>quo</span> <span class='ocrx_word' id='word_1_426' title='bbox 2049 4677 2272 4731; x_wconf 81' lang='lat' dir='ltr'><strong>servato</strong></span> <span class='ocrx_word' id='word_1_427' title='bbox 2299 4674 2522 4747; x_wconf 81' lang='lat' dir='ltr'><strong>GUhlig</strong></span> <span class='ocrx_word' id='word_1_428' title='bbox 2545 4695 2597 4732; x_wconf 80' lang='lat' dir='ltr'>v.</span> <span class='ocrx_word' id='word_1_429' title='bbox 2628 4682 2693 4732; x_wconf 79' lang='lat'>17</span> <span class='ocrx_word' id='word_1_430' title='bbox 2727 4691 2831 4745; x_wconf 86' lang='lat' dir='ltr'>pro</span> <span class='ocrx_word' id='word_1_431' title='bbox 2866 4677 2934 4730; x_wconf 86' lang='grc' dir='ltr'>οὐ</span> <span class='ocrx_word' id='word_1_432' title='bbox 2971 4675 3212 4742; x_wconf 86' lang='grc' dir='ltr'>δεόμενα</span> 
     </span>
     <span class='ocr_line' id='line_1_47' title="bbox 623 4759 3209 4831; baseline -0.001 -16"><span class='ocrx_word' id='word_1_433' title='bbox 623 4763 846 4831; x_wconf 77' lang='lat' dir='ltr'><strong>scripsit</strong></span> <span class='ocrx_word' id='word_1_434' title='bbox 879 4765 947 4818; x_wconf 83' lang='grc' dir='ltr'>οὐ</span> <span class='ocrx_word' id='word_1_435' title='bbox 984 4766 1210 4819; x_wconf 86' lang='grc' dir='ltr'>δέονται</span> <span class='ocrx_word' id='word_1_436' title='bbox 1255 4764 1347 4818; x_wconf 74' lang='lat' dir='ltr'>vol</span> <span class='ocrx_word' id='word_1_437' title='bbox 1391 4765 1514 4817; x_wconf 82' lang='grc' dir='ltr'>οὐδ’</span> <span class='ocrx_word' id='word_1_438' title='bbox 1548 4764 1733 4829; x_wconf 83' lang='grc' dir='ltr'>ἔχεται</span> <span class='ocrx_word' id='word_1_439' title='bbox 1786 4765 1795 4830; x_wconf 83' lang='grc' dir='ltr'>Ι</span> <span class='ocrx_word' id='word_1_440' title='bbox 1854 4766 1931 4815; x_wconf 82' lang='lat'>16.</span> <span class='ocrx_word' id='word_1_441' title='bbox 1966 4763 2251 4828; x_wconf 87' lang='grc' dir='ltr'>γενόμενα</span> <span class='ocrx_word' id='word_1_442' title='bbox 2284 4760 2349 4825; x_wconf 92' lang='lat' dir='ltr'>b,</span> <span class='ocrx_word' id='word_1_443' title='bbox 2394 4777 2662 4826; x_wconf 86' lang='grc' dir='ltr'>γινομενα</span> <span class='ocrx_word' id='word_1_444' title='bbox 2697 4761 2742 4816; x_wconf 89' lang='grc' dir='ltr'>Α</span> <span class='ocrx_word' id='word_1_445' title='bbox 2795 4762 2807 4828; x_wconf 95' lang='grc' dir='ltr'>Ι</span> <span class='ocrx_word' id='word_1_446' title='bbox 2870 4765 2952 4818; x_wconf 89' lang='grc'>20.</span> <span class='ocrx_word' id='word_1_447' title='bbox 2997 4760 3120 4814; x_wconf 83' lang='grc' dir='ltr'>οὐδ’</span> <span class='ocrx_word' id='word_1_448' title='bbox 3152 4759 3209 4826; x_wconf 90' lang='lat' dir='ltr'>b,</span> 
     </span>
     <span class='ocr_line' id='line_1_48' title="bbox 625 4844 3119 4917; baseline -0.001 -16"><span class='ocrx_word' id='word_1_449' title='bbox 625 4847 728 4901; x_wconf 86' lang='grc' dir='ltr'>οὐκ</span> <span class='ocrx_word' id='word_1_450' title='bbox 765 4851 809 4903; x_wconf 85' lang='grc' dir='ltr'>Α</span> <span class='ocrx_word' id='word_1_451' title='bbox 840 4851 850 4915; x_wconf 83' lang='grc' dir='ltr'>Ι</span> <span class='ocrx_word' id='word_1_452' title='bbox 879 4853 963 4905; x_wconf 85' lang='grc'>26.</span> <span class='ocrx_word' id='word_1_453' title='bbox 1000 4849 1061 4903; x_wconf 83' lang='grc' dir='ltr'>δ’</span> <span class='ocrx_word' id='word_1_454' title='bbox 1096 4849 1154 4904; x_wconf 79' lang='grc' dir='ltr'>ἐξ</span> <span class='ocrx_word' id='word_1_455' title='bbox 1189 4848 1309 4915; x_wconf 71' lang='lat' dir='ltr'>Ab,</span> <span class='ocrx_word' id='word_1_456' title='bbox 1348 4849 1405 4903; x_wconf 79' lang='grc' dir='ltr'>ἐξ</span> <span class='ocrx_word' id='word_1_457' title='bbox 1442 4848 1716 4903; x_wconf 83' lang='lat' dir='ltr'><strong>Homerus</strong></span> <span class='ocrx_word' id='word_1_458' title='bbox 1757 4847 1906 4917; x_wconf 83' lang='lat' dir='ltr'><strong>vulg.</strong></span> <span class='ocrx_word' id='word_1_459' title='bbox 1936 4847 1945 4914; x_wconf 90' lang='grc' dir='ltr'>Ι</span> <span class='ocrx_word' id='word_1_460' title='bbox 1976 4849 2184 4902; x_wconf 85' lang='grc' dir='ltr'>ἁλόθεν</span> <span class='ocrx_word' id='word_1_461' title='bbox 2219 4844 2494 4899; x_wconf 83' lang='lat' dir='ltr'><strong>Homerus</strong></span> <span class='ocrx_word' id='word_1_462' title='bbox 2534 4846 2710 4915; x_wconf 67' lang='lat' dir='ltr'><strong>vulg„</strong></span> <span class='ocrx_word' id='word_1_463' title='bbox 2747 4844 2988 4899; x_wconf 80' lang='grc' dir='ltr'>ἄλλοθεν</span> <span class='ocrx_word' id='word_1_464' title='bbox 3024 4844 3119 4899; x_wconf 71' lang='lat' dir='ltr'>Ab</span> 
     </span>
    </p>
   </div>
  </div>
 </body>
</html>
