3738 5530
1254 358 1811 425 [ADvssRmonM
1848 354 2405 424 CONSTRVCT10.]
3005 355 3126 418 207

538 565 675 632 ἔςθ’
719 564 830 630 ὅτε
873 566 1142 643 τοπικὴν
1189 565 1393 644 (χέειν
1438 561 2284 646 ςημαίνοντα,·έπιρρήματα
2327 562 2399 627 δὲ
2442 562 2546 626 διὰ
2587 564 2700 640 τῆς
2741 564 3130 641 παραγωγῆς

406 681 508 729 622
546 667 749 748 μόνον
794 668 912 745 τὴν
957 668 1227 745 τοπικὴν
1272 667 1476 746 ςχέςιν
1521 667 1728 745 δηλοῖ.
1789 666 1891 729 διὸ
1922 665 2022 729 καὶ
2057 664 2147 730 εἰς
2185 669 2383 730 ταῦτα
2424 663 3128 744 ἀντιμεταλαμβάνεται,

543 770 749 835 οἴκοθι
795 768 868 834 ἐν
914 767 1105 852 οἴκῳ·
1163 769 1242 832 οὐ
1286 769 1410 848 γὰρ
1457 767 1534 845 δή
1579 788 1652 843 γε
1697 767 1778 832 ἐν
1825 765 2090 831 οἴκοθί
2133 788 2229 832 τις
2271 767 2449 847 φαίη.
2524 765 2741 831 οἴκαδε
2787 764 2876 830 εἰς
2922 764 3130 849 οἶκον,

543 871 661 936 οὐκ
718 870 831 936 εἰς
888 869 1178 935 οἴκαδε.
1253 871 1351 936 διὸ
1409 870 1510 933 καὶ
1552 869 1631 933 τὰ
1673 871 1939 934 τοιαῦτα
1990 866 2205 951 κακία,
2262 868 2342 933 ἐξ
2399 865 2754 943 οἴκοθεν,
2814 868 3130 946 παρολκαὶ

469 992 496 1030 ⁵
548 975 619 1038 δὲ
663 973 981 1051 ποιητικαὶ
1023 971 1101 1040 ἐξ
1146 971 1623 1051 οὐρανόθεν·
1689 971 1851 1049 ὑπὲρ
1897 968 1994 1035 ὧν
2037 971 2198 1036 κατὰ
2240 971 2316 1035 τὸ
2362 969 2502 1047 ἑξῆς
2548 968 2871 1048 εἰρήςεται.
2945 968 3000 1034 εἰ
3052 970 3130 1048 δὴ
3167 983 3199 1031 5

543 1079 760 1157 τοῦτο,
793 1073 912 1138 οὐκ
942 1074 1392 1153 ἐπιρρηματικὴ
1425 1073 1710 1139 ςύνταξις
1739 1075 1860 1136 τοῦ
1893 1071 1969 1137 ἐκ
1999 1070 2532 1151 παςςαλόφιν,
2563 1070 2741 1136 κατ’
2770 1070 3130 1151 ὄρεςφιν,

539 1181 670 1242 τῶν
716 1174 1197 1256 παραπληςίων.
1262 1175 1414 1240 ὅθεν
1464 1174 1864 1253 προκρίνειεν
1910 1172 1991 1239 ἄν
2035 1194 2128 1239 τις
2171 1174 2276 1238 καὶ
2315 1175 2432 1253 τὴν
2476 1176 2593 1238 τοῦ
2640 1175 2713 1253 φῖ
2757 1174 3015 1267 γρὲρήν
3059 1172 3132 1236 ἐν

541 1286 632 1363 τῷ
678 1277 1062 1357 οὐρανόθι
1106 1278 1284 1357 πρό,
1333 1277 1472 1343 ἐπεὶ
1516 1275 1677 1342 ἰδίας
1721 1279 2111 1354 παραγωγῆς
2153 1276 2364 1354 ἔχεται
2406 1275 2446 1354 ἡ
2493 1277 2598 1340 διὰ
2640 1279 2757 1340 τοῦ
2802 1280 2932 1339 θεν.

441 1400 492 1438 10
712 1381 809 1445 Τὰ
838 1378 925 1444 εἰς
957 1381 1037 1443 <Tu
1071 1379 1354 1457 λήγοντα
1381 1380 1496 1458 τὴν
1529 1377 1600 1443 ἐν
1630 1378 1812 1462 τόπῳ
1844 1378 2049 1457 ςχέςιν
2081 1378 2361 1457 ςημαίνει
2385 1377 2486 1441 καὶ
2506 1377 2719 1455 μόνως
2737 1380 3130 1456 περιςπᾶται,

544 1481 633 1548 ὡς
680 1481 812 1562 ἔχει
854 1482 931 1546 τὸ
977 1480 1197 1546 αὐτοῦ.
1272 1481 1373 1545 καὶ
1417 1480 1625 1545 ἐκεῖνο
1671 1478 2160 1559 ἑπιρρηματικόν
2205 1479 2401 1561 ἐςτιν,
3172 1490 3236 1541 10

797 1583 997 1649 αὐτοῦ
1041 1583 1142 1647 καὶ
1183 1585 1388 1663 κριοῖο
1434 1579 1645 1666 (Arat.
1692 1579 1932 1648 Phaon.
1974 1579 2156 1665 225),

797 1683 972 1764 ὑψοῦ
1018 1685 1086 1749 δ’
1129 1684 1201 1750 ἐν
1245 1683 1442 1768 νοτίῳ
1491 1685 1557 1768 (δ
1603 1683 1774 1767 785),

447 1804 496 1844 ιε
546 1787 786 1867 ἀγχοῦ,
844 1789 1063 1864 τηλοῦ.
1118 1823 1201 1832 -
1259 1787 1362 1851 καὶ
1417 1785 1711 1852 ἐντεῦθεν
1770 1782 2115 1862 δείκνυται,
2185 1782 2285 1848 ὅτι
2336 1784 2412 1849 τὸ
2468 1789 2599 1850 ποῦ
2652 1785 2768 1863 τὴν
2823 1784 2895 1849 ἐν
2948 1785 3132 1869 τόπῳ

547 1889 750 1967 ςχέςιν
808 1886 1122 1968 ςημαίνει,
1185 1877 1405 1952 καθότι
1460 1889 1563 1952 καὶ
1616 1887 1655 1965 ἡ
1709 1886 2011 1967 Ὁμηρικὴ
2069 1886 2366 1965 ςυνήθεια
2418 1884 2755 1965 ὁμολογεῖ,
2823 1887 2921 1950 καὶ
2975 1888 3137 1952 κατὰ

543 1992 658 2070 τὴν
713 1990 1183 2070 προειρημένην
1240 1989 1626 2070 ςυμπάθειαν
1679 1988 1913 2054 τίθεται
1968 1989 2071 2052 καὶ
2125 1987 2233 2052 ἐπὶ
2291 1988 2563 2067 ςχέςεως
2615 1990 2727 2066 τῆς
2772 1987 2863 2053 εἰς
2905 1987 3132 2067 τόπον,
3176 2002 3238 2050 15

545 2096 699 2156 ποῦ
755 2091 1080 2174 ἀπέρχῃ,
1134 2126 1217 2137 -
1275 2090 1637 2169 πρόςκειται
1689 2089 1920 2169 Δώρια
1973 2090 2090 2169 μὲν
2144 2090 2223 2154 τά
2277 2093 2543 2155 τοιαῦτα
2601 2090 3135 2171 μεταποιούμενα,

547 2192 614 2257 εἷ
655 2193 747 2258 τὰ
789 2197 941 2258 τῶν
987 2194 1432 2273 χοιραγχᾶν
1479 2188 1739 2275 (Sophr.
1783 2188 1864 2253 fr.
1898 2189 1982 2254 86
2014 2188 2329 2275 Ahrens)·
2377 2194 2513 2256 πεῖ
2558 2191 2704 2270 γὰρ
2750 2191 2792 2255 ἁ
2835 2190 3134 2273 ἄςφαλ-

445 2311 497 2350 20
547 2315 684 2359 τος
733 2291 987 2378 (Sophr.
1033 2292 1110 2357 fr.
1140 2293 1224 2357 35
1269 2290 1585 2374 Ahrens)·
1632 2292 1832 2358 αὐτοῦ
1878 2292 2073 2357 αὐτεῖ.
2122 2329 2201 2338 -
2244 2294 2320 2357 τὸ
2367 2291 2539 2358 ὅπου
2583 2293 2744 2357 κατὰ
2787 2292 2964 2359 τάςιν
3011 2293 3134 2371 οὐχ

464 2416 470 2422 ·
546 2396 913 2476 ἡμάρτηται.
991 2395 1244 2460 ἅπαντα
1308 2397 1431 2473 γὰρ
1477 2395 1560 2460 τὰ
1612 2394 1968 2474 ἀοριςτώδη
2025 2395 2153 2460 ὑπὸ
2197 2397 2432 2459 τοῦτον
2482 2395 2599 2460 τὸν
2654 2394 2853 2460 τόνον
2905 2393 3136 2459 πίπτει.

549 2534 624 2543 —-
687 2497 1054 2576 παράκειται
1112 2497 1291 2581 [γὰρ]
1349 2497 1429 2561 τὰ
1482 2497 1588 2561 διὰ
1640 2500 1756 2561 τοῦ
1813 2483 1924 2561 θᾶ
1980 2496 2428 2579 παραγόμενα,
2483 2497 2867 2574 ςημαίνοντα
2908 2497 3024 2575 τὴν
3070 2496 3139 2561 ἐκ
3174 2509 3243 2558 20.

547 2599 755 2664 τόπου
802 2599 1040 2681 ςχέςιν,
1084 2598 1290 2676 ἀγχοῦ
1334 2597 1640 2676 ἀγχόθεν,
1701 2596 1874 2677 ὑψοῦ
1919 2597 2199 2678 ὑψόθεν.
2256 2597 2561 2678 τηλόθεν,
2621 2596 2916 2672 αὐτόθεν,
2963 2597 3137 2663 ὅθεν.

448 2717 500 2757 2⁵
549 2701 625 2765 τὸ
673 2701 875 2765 πόθεν
920 2699 1096 2779 παρὰ
1139 2700 1215 2765 τὸ
1261 2703 1412 2764 ποῦ.
1463 2734 1538 2745 -
1599 2697 1758 2780 αὕτη
1817 2700 1889 2764 δέ
1946 2699 2111 2765 ἐςτιν
2167 2700 2207 2780 ἡ
2261 2702 2616 2781 παραγωγὴ
2670 2701 2773 2765 καὶ
2827 2698 2939 2763 ἐπ’
2988 2699 3139 2764 ὀνο-

546 2802 765 2880 μάτων
811 2802 1256 2882 παραγομένη,
1305 2802 1678 2882 Ἀθήνηθεν,
1739 2801 2058 2885 Θήβηθεν,
2112 2801 2421 2884 ἀρχῆθεν,
2468 2800 2814 2884 ἀγορῆθεν,
2862 2800 3139 2868 οἴκοθεν.

546 2905 694 2983 περὶ
735 2906 847 2982 τῆς
890 2903 1140 2969 τούτων
1185 2904 1426 2969 τάςεως
1469 2904 1573 2969 καὶ
1627 2906 1885 2984 γραφῆς
1930 2902 2171 2985 εἴρηται
2228 2902 2354 2988 ἰδίᾳ
2409 2903 2481 2969 ἐν
2535 2910 2628 2986 τῷ
2679 2904 2826 2984 περὶ
2882 2903 3141 2983 ἐπιρρη-

548 3006 784 3085 μάτων.
818 3041 893 3051 -
941 3005 1041 3068 καὶ
1085 3005 1381 3085 φαίνεται
1425 3003 1523 3070 ὅτι
1570 3004 1649 3070 οὐ
1694 3006 1871 3084 παρά
1911 3006 1988 3071 τὸ
2035 3005 2334 3083 ἑκάτερος
2377 3006 2454 3070 τὸ
2499 3004 2913 3088 ἑκατέρωθεν,
2956 3005 3134 3082 παρὰ
3169 3016 3236 3065 25

443 3122 498 3162 ³⁰
550 3108 621 3172 δὲ
664 3106 739 3171 τὸ
787 3105 1098 3185 ἐπίρρημα
1139 3106 1216 3170 τὸ
1261 3106 1637 3187 ἑκατέρωςε,
1684 3106 2115 3189 ἑκατέρωθεν,
2174 3107 2503 3188 ἑτέρωθεν.
2579 3108 2682 3172 καὶ
2723 3107 2922 3172 πάλιν
2965 3108 3142 3186 παρὰ

549 3209 623 3272 τὸ
670 3206 808 3274 ἄνω
853 3205 1140 3290 ἄνωθεν,
1185 3208 1310 3273 ἔςω
1357 3208 1626 3291 ἔςωθεν,
1686 3210 1860 3274 κάτω
1907 3209 2211 3274 κάτωθεν.
2266 3245 2340 3255 -
2400 3208 2528 3273 ἔςτι
2571 3209 2672 3273 καὶ
2716 3208 2891 3288 παρὰ
2935 3207 3141 3273 ἀντω-

550 3308 775 3388 νυμίαν
806 3310 1183 3389 παρηγμένα
1212 3311 1388 3388 παρὰ
1416 3310 1752 3394 Δωριεῦςι,
1781 3309 2113 3393 τουτόθεν,
2157 3308 2195 3373 ὃ
2229 3311 2307 3389 δὴ
2339 3310 2623 3389 ςυνήθως
2654 3310 3142 3376 ἀποκόπτοντες

406 3427 514 3478 623
549 3413 665 3490 τὴν
723 3413 959 3490 λοιπὴν
1013 3413 1332 3492 ςυλλαβήν
1387 3411 1770 3478 ἑκτείνουςιν
1816 3410 1904 3476 εἰς
1946 3412 2025 3475 τὸ
2072 3415 2153 3490 ω’,
2211 3417 2470 3477 τουτῶ
2526 3411 2822 3492 θάμεθα
2878 3410 3137 3497 (Sophr.

684 3630 903 3684 Aaou.
960 3634 993 3683 9
1018 3628 1306 3683 Adverbia
1335 3628 1395 3682 in
1419 3635 1486 3683 ὀῦ
1521 3628 1620 3682 ubi
1655 3628 1873 3698 aliquid
1908 3629 1983 3683 sit
2016 3629 2322 3697 declax-aot,
2359 3631 2417 3684 et
2451 3632 2583 3684 sunt
2616 3630 3034 3701 perispomena.
3075 3667 3141 3676 -
3260 3614 3271 3627 ⁸

560 3720 619 3768 13
654 3713 829 3769 Recte
867 3713 1043 3785 igitur
1078 3718 1220 3779 ποῦ,
1257 3715 1323 3768 ut
1356 3712 1568 3782 ubique
1605 3712 1758 3783 apud
1792 3712 2120 3780 Homerum,
2160 3716 2248 3768 est
2283 3713 2455 3778 ‘ubi’3
2492 3713 2591 3769 sed
2616 3715 2788 3769 etiam
2812 3715 2897 3770 ita
2917 3716 3146 3786 ponitur

552 3799 618 3851 ut
651 3799 725 3852 sit
760 3801 934 3868 ‘quo’.
969 3830 1035 3839 —
1070 3805 1136 3852 20
1172 3798 1273 3853 His
1308 3799 1534 3868 praesto
1569 3798 1700 3851 sunt
1734 3798 2008 3852 adverbia
2040 3800 2099 3852 in
2136 3789 2246 3853 δεῖ
2270 3799 2521 3854 eiusdem
2557 3798 2772 3869 stirpis,
2812 3817 2955 3868 quae
2992 3802 3142 3856 unde

553 3881 767 3950 aliquid
789 3882 1175 3955 proficiscamr
1198 3882 1463 3938 indicant,
1497 3919 1554 3927 --
1586 3889 1650 3936 25
1674 3881 1965 3937 Adverbia
1986 3885 2046 3937 in
2072 3872 2225 3940 ὧθ-εὗ
2247 3884 2318 3938 ab
2344 3883 2626 3936 adverbiis
2650 3884 2707 3936 in
2736 3892 2843 3939 ῶςὲ
2871 3885 3144 3943 οτιιιιιίῑιιτ.

555 3997 616 4007 -
663 3972 730 4022 28
766 3966 890 4021 Ηιιο
932 3967 1221 4037 pertinent
1254 3967 1446 4022 dorica
1480 3967 1752 4021 adverbia
1786 3967 1843 4021 in
1881 3974 1957 4034 ὢ,
2003 3970 2159 4022 cuius
2203 3968 2426 4038 generis
2460 3967 2677 4022 formae
2713 3968 2936 4023 doricae
2973 3968 3145 4023 etiam

552 4050 610 4103 in
645 4051 1068 4120 pronominibus
1103 4053 1249 4109 sunt.

687 4253 877 4313 Dmcn.
903 4273 1111 4310 somn.
1177 4261 1221 4313 1.
1249 4256 1593 4324 ςημαίνοντα
1617 4255 1681 4322 b,
1721 4272 1922 4324 ςημαιν
1947 4257 2031 4321 Αἱ,
2067 4254 2272 4309 deinde
2308 4254 2367 4308 in
2403 4272 2512 4311 ras.
2551 4273 2693 4311 οντα
2719 4259 2804 4324 Αἱ,
2840 4257 2924 4313 ifia
2945 4259 3139 4313 tamen

555 4339 620 4392 ut
649 4356 723 4393 τα
756 4339 873 4393 iam
908 4341 1079 4394 antea
1112 4339 1282 4394 fuisse
1319 4341 1598 4407 videatur,
1637 4341 1926 4409 ςημαίνειν
1960 4338 2325 4394 RSkrzeczka
2375 4341 2385 4408 Ι
2433 4341 2785 4409 ἐπιρρήματα
2819 4343 2880 4397 δὲ
2915 4342 3035 4411 ΑΙ),
3073 4345 3148 4397 τὰ

554 4424 616 4477 δὲ
659 4426 1012 4493 ἐπιρρήματα
1045 4423 1411 4479 BSkrzeczka
1473 4429 1482 4492 Ι
1556 4432 1602 4482 2,
1641 4427 1802 4493 δηλοῖ
1847 4423 1964 4492 (vel
2000 4423 2711 4497 onkooctv),RSkrzeczka,
2757 4428 2969 4494 δηλοῦν
3002 4429 3094 4482 Ab
3136 4429 3143 4496 Ι

556 4512 606 4564 6.
639 4513 743 4563 τοῦ
781 4508 874 4563 vel
909 4510 1004 4563 ἐπὶ
1039 4513 1143 4563 τοῦ
1179 4507 1560 4575 RSkrzeozka,
1597 4510 1668 4562 τὸ
1706 4508 1798 4564 Ab
1829 4511 1838 4577 Ι
1875 4513 1952 4563 14.
1988 4510 2024 4575 ἡ
2063 4502 2332 4577 Ὁμηρικὴ
2367 4509 2708 4598 1),ήμερικη
2747 4512 2790 4565 Α
2820 4512 2831 4579 Ι
2865 4517 2940 4566 16.
2980 4514 3146 4580 πρός-

559 4609 730 4647 κειται
761 4623 829 4633 -
869 4598 931 4647 18
966 4594 1128 4648 αὐτ-εἰ
1161 4593 1292 4647 hino
1328 4592 1580 4649 tollenda
1616 4595 1675 4647 et
1709 4598 1826 4657 208,
1862 4600 1895 4648 9
1932 4592 2260 4649 collocanda.
2294 4609 2414 4648 esse
2450 4568 2641 4649 censet
2666 4593 3145 4664 GFSQhoemanm

556 4676 705 4731 idem
736 4683 795 4733 18
820 4679 890 4732 τὸ
915 4679 1063 4732 ὅπου
1100 4708 1164 4717 —-
1205 4684 1266 4734 19
1283 4678 1476 4732 πίπτει
1500 4677 1689 4732 aliena
1712 4694 1831 4731 esse
1856 4679 1996 4733 dicit
2024 4681 2034 4747 Ι
2067 4684 2144 4734 17.
2167 4661 2449 4748 χοραγχαν
2468 4682 2512 4735 Α
2543 4685 2553 4746 Ι
2582 4685 2666 4734 20.
2684 4681 2792 4747 γὰρ
2816 4679 3150 4736 deleverunt

559 4760 912 4816 BSchneider
946 4760 1171 4831 GUhlig
1216 4763 1227 4829 Ι
1273 4767 1355 4817 22.
1395 4763 1527 4815 ante
1562 4780 1597 4829 η
1635 4761 1852 4831 aliquid
1888 4779 2105 4817 erasum
2154 4767 2164 4830 Ι
2212 4781 2303 4818 και
2336 4763 2395 4816 in
2430 4779 2537 4818 ras.
2575 4765 2636 4818 Α1
2672 4766 2681 4833 Ι
2720 4770 2802 4819 26.
2841 4765 3144 4835 ἐπίρρημα]

558 4844 655 4899 fol.
698 4852 790 4901 183
814 4864 857 4899 r.
891 4848 902 4913 Ι
931 4847 1065 4916 <aul
1101 4847 1254 4913 παρὰ
1289 4847 1359 4900 τὸ
1397 4846 1646 4915 ἑτέρως)
1684 4847 1967 4915 ἑτέρωθεν
2003 4846 2226 4917 GUhlig
