3738 5530
758 333 891 400 252
964 331 1407 388 Commentarius
1436 329 1664 388 criticus
1693 332 1751 386 et
1779 330 2099 402 exegeticus
2127 331 2187 386 in
2215 329 2503 401 Apollonii
2528 327 2758 399 Dyscoli
2786 328 2996 400 scripta
3019 329 3252 385 minora.

760 505 1163 582 exemplorum
1216 503 1482 564 ordinem
1532 502 1777 563 turbent
1829 505 1891 563 et
1944 520 2119 562 sensu
2166 504 2433 576 careant,
2493 519 2626 560 cum
2670 499 2853 560 verba
2899 494 3086 561 ἕνεκα
3129 495 3355 560 τούτου

759 615 879 655 11811
924 593 1187 655 habeant
1231 612 1347 670 quo
1391 593 1729 653 referamus.
1823 592 1941 652 Sed
1985 594 2245 669 primum
2292 587 2479 651 ἕνεκα
2522 584 2759 651 τούτου
2804 608 2925 649 11011
2970 589 3046 649 ad
3093 609 3162 649 88
3205 608 3357 665 spec-

759 687 897 745 tant
934 704 1087 762 quae
1132 682 1509 762 praecedunt,
1553 682 1658 743 sed
1702 681 1779 742 ad
1817 676 1917 743 ὅτι
1954 682 2113 758 quod
2149 683 2445 758 sequitur3
2488 679 2697 739 deinde
2744 698 2932 756 neque
2970 679 3359 757 exemplorum

758 793 951 851 neque
998 772 1527 853 argumentationis
1574 771 1719 832 ordo
1763 771 2068 848 turbatur3
2111 790 2251 832 nam
2295 772 2425 831 toto
2464 769 2577 830 hoc
2621 769 2752 830 loco
2788 767 2852 827 id
2897 770 3027 847 agit
3059 769 3361 845 Dyscolus,

761 867 831 924 ut
873 864 1199 941 particulas
1242 862 1381 922 illas
1428 860 1784 938 quibusdam
1826 862 1973 922 locis
2021 860 2250 937 aliquid
2296 858 2629 939 significare
2668 858 3059 934 demonstret3
3103 858 3222 917 iam
3269 858 3361 917 ad-

761 954 876 1028 dit,
922 971 1046 1013 esse
1092 953 1274 1012 etiam
1318 952 1421 1011 ubi
1467 952 1799 1029 expletivae
1843 953 2002 1011 inter
2045 970 2107 1011 se
2152 951 2506 1011 commutari
2549 950 2807 1026 possint,
2860 949 3003 1025 quia
3047 967 3165 1008 non
3210 949 3363 1007 certa

762 1044 968 1120 aliqua
1019 1042 1185 1103 notio
1237 1043 1605 1120 requiratur,
1659 1044 1729 1101 ut
1780 1042 1837 1100 A
1886 1042 2042 1117 1313
2096 1039 2168 1100 cf.
2215 1040 2395 1101 schol.
2441 1038 2500 1098 A
2544 1037 2622 1098 ad
2665 1037 2721 1096 h.
2768 1038 2808 1098 l.
2855 1033 3031 1099 ἰδίως
3075 1033 3364 1113 κέχρηται

762 1124 1109 1215 (Homerus)
1158 1132 1250 1212 τῷ
1296 1127 1417 1206 πέρ
1465 1127 1804 1212 ευνδέεμῳ,
1852 1125 1995 1192 ἀντὶ
2039 1129 2157 1191 τοῦ
2204 1126 2279 1202 γέ
2322 1124 2362 1204 ἢ
2408 1127 2527 1189 τοῦ
2573 1122 2671 1203 δή.

943 1223 1089 1297 251,
1112 1224 1193 1280 24
1243 1216 1314 1282 ἐν
1360 1215 1754 1301 περιγραφῇ]
1793 1223 1855 1280 et
1894 1220 1951 1279 h.
1979 1221 2018 1279 l.
2057 1222 2119 1279 et
2156 1220 2303 1295 253,
2328 1218 2407 1279 15
2448 1216 2572 1278 cod.
2600 1217 2659 1277 A
2693 1216 2940 1296 praebet
2975 1212 3365 1292 παραγραφή

764 1314 825 1371 et
870 1306 1386 1414 παραγραφικόες
1434 1312 1586 1387 synt.
1630 1311 1774 1386 267,
1799 1311 1836 1369 5
1877 1313 1940 1370 et
1976 1310 2122 1385 267,
2145 1309 2228 1368 28
2263 1301 2346 1367 A¹
2391 1309 2710 1384 scripserat
2753 1303 3167 1383 παραγραφή,
3215 1306 3368 1409 quod

760 1392 846 1459 ΑΞΒ
888 1401 1149 1460 mutavit
1193 1402 1257 1459 in
1303 1394 1687 1475 περιγραφή.
1772 1399 2239 1460 Scholiastmm
2283 1399 2444 1458 locos
2487 1396 2701 1473 quibus
2747 1393 3143 1472 παραγραφή
3190 1397 3366 1472 scrip·

761 1494 960 1549 turam
1015 1490 1292 1550 exhibent
1343 1489 1484 1548 libri
1537 1490 1832 1567 congessit
1875 1488 2062 1566 Uhlig
2114 1490 2177 1547 in
2221 1487 2342 1546 ind.
2389 1487 2585 1546 DThr.
2628 1487 2783 1562 1653
2842 1489 2904 1546 et
2949 1484 3126 1545 Sterk
3171 1485 3367 1563 Symb.

761 1579 882 1640 litt.
903 1579 1023 1638 VII
1070 1581 1147 1639 61
1201 1582 1263 1638 et
1306 1578 1491 1657 Uhlig
1543 1574 1940 1654 παραγραφή
1996 1597 2199 1638 veram
2258 1576 2613 1653 scripturam
2668 1594 2794 1636 esse
2850 1575 3165 1636 existimat.
3260 1574 3370 1634 Sed

760 1671 883 1729 iam
927 1667 1159 1747 pridem
1196 1660 1287 1750 (Π
1318 1660 1430 1749 21)
1469 1670 1730 1744 exposui,
1775 1667 2018 1727 maioris
2055 1667 2340 1727 momenti
2376 1685 2560 1743 quam
2603 1664 2842 1724 infirma
2884 1665 2993 1723 illa
3031 1664 3372 1725 testimonia

762 1777 888 1819 esse
932 1758 1119 1835 ipsius
1164 1758 1473 1835 Apollonii
1516 1776 1718 1833 usum3
1771 1758 1823 1817 is
1871 1759 2029 1817 enim
2074 1751 2496 1832 περιγράφειν
2541 1753 2788 1814 verbum
2822 1753 2982 1813 haud
3027 1772 3165 1815 raro
3209 1772 3375 1815 usur·

761 1851 872 1925 pat
916 1848 1088 1924 eique
1132 1850 1371 1925 praeter
1406 1848 1558 1909 alias
1604 1865 1734 1905 eam
1773 1840 2197 1924 ‘praecidendi'
2233 1846 2536 1906 notionem
2577 1843 2813 1921 subicit,
2859 1862 3039 1920 quam
3075 1844 3222 1904 locis
3261 1861 3304 1903 s.
3331 1862 3372 1902 s.

761 1937 1135 2014 requirimus.
1220 1928 1320 2018 (V.
1359 1936 1478 1995 ind.
1519 1955 1561 1996 8.
1601 1956 1653 1995 v.
1703 1927 2173 2017 περιγράφειν.)

941 2027 1147 2086 Etiam
1197 2029 1265 2087 in
1308 2025 1640 2094 collectivis,
1697 2043 1846 2101 quas
1889 2025 2069 2086 Stoici
2124 2021 2630 2101 ἐπιφορικούε
2684 2024 3009 2099 appellant,
3059 2022 3377 2083 nonnullae

761 2120 902 2175 sunt
943 2134 1092 2191 quae
1128 2134 1197 2176 ex
1239 2115 1633 2189 comphmbm
1669 2115 2021 2189 completiva
2057 2115 2413 2185 coabuemmt,
2455 2117 2543 2175 ita
2580 2119 2648 2174 ut
2684 2117 2859 2174 etiam
2891 2116 2960 2174 in
2993 2114 3087 2175 his
3119 2117 3376 2187 potestas

764 2205 1182 2281 aepletivamn
1225 2209 1528 2280 appareat.
1615 2205 1877 2266 Numero
1911 2205 2121 2279 plures
2162 2209 2303 2265 swnt
2344 2223 2522 2280 quam
2567 2222 2773 2265 earum
2814 2205 3076 2264 notiones
3123 2202 3278 2278 251,
3299 2204 3372 2261 27

857 2296 1128 2371 252,17.

946 2385 1092 2460 251,
1114 2387 1195 2445 29
1252 2386 1390 2444 ante
1442 2378 1560 2444 τὸν
1611 2378 1833 2445 τοίνυν
1889 2383 2103 2445 Matth.
2149 2384 2181 2443 I
2231 2385 2314 2444 70
2366 2383 2550 2445 inseri
2601 2381 2770 2443 iubet
2827 2377 3049 2461 (λέγω
3109 2376 3228 2461 be>
3289 2380 3379 2440 vel

765 2468 979 2553 <λέγω
1026 2468 1174 2552 δὴ>;
1220 2475 1459 2534 frustra

944 2565 1093 2638 252,
1112 2565 1149 2623 3
1200 2558 1590 2643 ἐπιφορικοί]
1631 2563 1789 2639 quod
1824 2563 1890 2623 in
1927 2557 2213 2642 ἑπιφορᾷ
2247 2564 2342 2623 vel
2388 2564 2782 2638 conclusione,
2828 2580 2981 2639 quae
3023 2560 3380 2638 propositio-

763 2652 937 2713 nibus
984 2647 1149 2729 (τοῖε
1195 2647 1818 2729 λελημματιεμένοιε)
1865 2652 2275 2730 subiungitur,
2331 2670 2504 2713 suum
2557 2653 2754 2712 locum
2805 2651 3054 2726 habent,
3109 2649 3180 2709 cf.
3233 2651 3377 2709 coni.

768 2745 914 2818 227,
938 2742 1038 2803 25.
1090 2743 1237 2818 254,
1259 2744 1359 2803 23.
1410 2742 1557 2818 258,
1589 2742 1699 2818 163
1761 2741 1943 2803 Prisc.
1981 2742 2125 2803 XVI
2176 2744 2256 2803 12
2304 2763 2361 2820 p.
2404 2743 2609 2818 101,5
2664 2743 2755 2802 ita
2799 2742 3014 2802 vertit:
3079 2733 3381 2800 ‘dicuntur

764 2836 966 2892 tamen
1012 2832 1250 2892 eaedem
1295 2833 1586 2907 illafivae,
1632 2832 1789 2908 quod
1834 2833 2190 2910 praepositis
2236 2834 2372 2892 aliis
2416 2825 2793 2893 inferuntur'.

946 2923 1092 2997 252,
1114 2923 1151 2983 5
1192 2919 1647 2994 ευλλογιετικοὶ
1673 2953 1762 2964 -
1792 2923 1828 2980 6
1868 2916 2107 3000 τοῖεδε]
2147 2922 2219 2982 cf.
2248 2922 2398 2982 coni.
2431 2924 2580 2997 251,
2603 2923 2714 2998 273
2757 2920 2870 2981 hoc
2904 2921 3095 2999 igitur
3142 2921 3381 2979 nomine

767 3016 830 3072 et
872 3011 1196 3088 Dionysius
1234 3004 1368 3094 (95,
1390 3002 1458 3093 2)
1505 3013 1566 3071 et
1599 3011 1959 3088 Apollonius
2006 3029 2208 3071 omnes
2255 3011 2696 3071 coniunctiones
2742 3010 3175 3088 complectitur,
3227 3028 3383 3086 quae

763 3102 829 3159 in
875 3101 1238 3179 syllogism0‚
1282 3100 1406 3162 sive
1449 3102 1514 3159 in
1559 3101 1964 3178 propositione
2008 3101 2237 3161 minore
2282 3102 2407 3162 sive
2444 3102 2508 3160 in
2554 3100 2946 3174 conclusione,
2991 3097 3381 3172 adhibentur3

764 3190 1105 3251 Priscianus
1132 3190 1275 3249 XVI
1315 3193 1391 3250 11
1434 3212 1491 3268 p.
1526 3193 1672 3264 100,
1695 3192 1775 3250 15
1823 3190 2148 3251 rationales
2186 3186 2367 3268 (τοὺς
2404 3185 2941 3267 cunone-uxone)
2980 3207 3018 3249 a
3054 3187 3384 3249 collectivis

767 3281 863 3339 vel
906 3280 1157 3340 illativis
1205 3275 1369 3356 (τοῖς
1416 3276 1844 3358 ἐπιφορικοῖς)
1890 3298 2009 3340 non
2065 3280 2211 3341 satis
2267 3283 2539 3340 accurate
2584 3279 2933 3358 distinguit:
2997 3271 3385 3338 ‘Collecfivae

767 3369 863 3429 vel
906 3369 1231 3429 rationales
1271 3415 1282 3426 .
1324 3415 1335 3427 .
1382 3369 1495 3429 hae
1541 3370 1701 3428 enim
1744 3389 1853 3448 per
1897 3369 2231 3430 illationem
2275 3370 2569 3448 colligunt
2612 3387 2794 3446 supra
2839 3368 3091 3442 dictum,
3136 3368 3252 3427 hoe
3297 3369 3386 3426 cst

764 3460 997 3518 ratione
1043 3452 1432 3518 confirmant?
1526 3457 1867 3519 Ceterorum
1922 3461 2446 3537 grammaticorum
2498 3460 2824 3518 latinorum
2876 3458 3226 3518 testimonia
3268 3456 3384 3516 col·

765 3548 917 3626 legit
960 3546 1147 3625 Uhlig
1192 3548 1269 3607 ad
1313 3547 1510 3607 DThr.
1552 3548 1829 3608 95—96.
1909 3548 1995 3609 Of.
2034 3546 2509 3608 GFSchoemann
2552 3548 2695 3608 Red.
2737 3549 2883 3608 219.

948 3637 1093 3713 252,
1118 3639 1197 3697 11
1246 3637 1459 3697 Matth.
1506 3637 1538 3696 I
1585 3639 1667 3698 29
1716 3632 1984 3699 ἑκάετου
2031 3638 2198 3698 eicit:
2253 3633 2425 3698 ‘dicit
2468 3638 2626 3698 enim
2669 3636 3054 3714 Apollonius,
3099 3637 3386 3712 quoniam

766 3728 967 3803 plures
1004 3727 1127 3788 sint
1162 3727 1406 3802 formae,
1449 3744 1680 3804 paucae
1715 3728 2008 3803 notiones,
2053 3726 2319 3787 sufficere
2354 3747 2541 3786 unum
2578 3726 2737 3803 quod
2779 3725 3159 3803 proposuerit
3194 3744 3386 3784 exem-

766 3817 935 3893 plum
970 3818 1134 3877 vocis
1169 3833 1296 3879 Tot:
1343 3835 1523 3877 unam
1553 3836 1851 3893 quamque
1889 3819 2089 3877 autem
2127 3818 2602 3877 coniunctionem
2630 3816 2989 3893 expletivam
3024 3814 3388 3893 perlustrare

768 3906 1013 3983 longum
1059 3900 1224 3966 esse’.
1298 3905 1433 3967 Non
1481 3926 1553 3966 ea
1588 3908 1680 3966 est
1713 3905 2022 3983 Apollonii
2068 3908 2380 3982 sententia,
2426 3906 2528 3966 sed
2572 3906 2718 3966 haec
2753 3907 2986 3982 potius:
3033 3898 3122 3962 ‘in
3166 3922 3387 3981 magno

769 3995 1198 4071 expletivarum
1260 4014 1504 4055 numero
1563 3994 1740 4055 binae
1799 3997 1897 4056 vel
1954 3997 2150 4055 trinae
2210 4014 2335 4057 esse
2395 3997 2615 4070 solent,
2678 3995 2894 4072 quibus
2955 3994 3162 4054 eadem
3222 3995 3387 4053 notio

770 4083 1083 4160 subicitur,
1138 4104 1210 4145 ex
1261 4085 1356 4145 his
1411 4086 1558 4145 satis
1614 4087 1706 4145 est
1750 4084 2017 4164 singulas
2072 4085 2289 4163 eligere
2336 4088 2398 4145 et
2443 4105 2596 4161 quae
2654 4087 2735 4145 sit
2779 4102 2986 4144 earum
3028 4082 3388 4161 significatio

771 4173 1092 4249 explicare3
1137 4174 1503 4252 superfluum
1540 4177 1698 4234 enim
1734 4176 1843 4250 est,
1890 4175 2171 4251 quoniam
2216 4177 2452 4235 constat
2496 4170 2574 4248 δή
2614 4176 2675 4233 et
2712 4167 2794 4248 ῥά
2839 4174 3172 4250 promiscue
3219 4190 3386 4232 usur-

769 4262 929 4339 pari,
985 4262 1129 4338 quid
1184 4258 1266 4338 ῥά
1320 4264 1523 4323 valeat
1568 4283 1876 4340 quaerere,
1929 4267 2247 4341 postquam
2292 4263 2364 4323 de
2410 4260 2489 4337 δή
2545 4263 2878 4341 particulae
2922 4262 3166 4322 notione
3212 4280 3388 4338 expo-

770 4353 950 4412 situm
997 4347 1450 4428 881;’;ἑκά(του
1496 4353 1684 4432 igitur
1726 4354 1765 4412 i.
1806 4373 1859 4430 q.
1909 4348 2232 4423 ἑκάετοτε,
2281 4348 2368 4413 ‘in
2405 4353 2606 4430 jedem
2652 4353 2954 4413 einzelnen
2999 4345 3208 4411 Falle'.

950 4442 1201 4517 252,17
1250 4438 1353 4502 καὶ
1397 4442 1489 4522 τῷ
1520 4488 1533 4502 .
1564 4488 1577 4502 .
1608 4438 1650 4522 .]
1709 4442 1989 4522 Egenolff
2028 4442 2060 4501 I
2106 4444 2232 4502 848
2291 4445 2628 4520 suspicatur
2673 4460 2909 4503 versum
2956 4437 3009 4502 Θ
3057 4442 3188 4500 448
3234 4439 3388 4499 inse-

768 4529 1016 4589 rendum
1063 4550 1216 4607 esse3
1268 4548 1352 4602 τι,
1409 4530 1570 4608 quod
1622 4532 1783 4592 idem
1837 4532 1978 4592 addi
2032 4533 2191 4607 vult,
2243 4551 2361 4592 non
2417 4534 2509 4593 est
2564 4531 2724 4609 quod
2777 4532 3027 4606 adicias,
3087 4548 3227 4589 nam
3274 4523 3388 4588 ‘ita

773 4618 1124 4693 δηλοῦντες
1169 4641 1223 4680 v.
1257 4623 1342 4681 20
1382 4615 1559 4699 [252,
1579 4617 1692 4702 26]
1741 4624 1803 4681 et
1846 4620 2037 4696 δηλοῖ
2078 4641 2136 4698 p.
2169 4623 2314 4699 526,
2336 4623 2374 4681 8
2417 4615 2595 4701 [258,
2616 4617 2703 4703 3].
2785 4620 2878 4680 Ne
2925 4622 3058 4697 quis
3103 4617 3389 4680 excidisse

768 4712 959 4787 putet,
1005 4710 1165 4786 quod
1212 4709 1453 4770 additur
1496 4731 1551 4771 v
1593 4712 1696 4786 12,
1740 4705 1839 4770 τι’.
1914 4710 1953 4770 b
1997 4713 2063 4770 in
2107 4729 2230 4770 var.
2269 4712 2402 4771 lect.

946 4790 1014 4879 b)
1063 4799 1354 4875 Quoniam
1398 4799 1738 4873 expletivae,
1780 4804 1848 4860 ut
1888 4817 2076 4874 supra
2119 4801 2577 4861 demonstratmn
2622 4805 2728 4871 est,
2779 4818 2954 4861 suam
2996 4800 3118 4859 vim
3162 4798 3391 4865 habent,

769 4890 1073 4961 quam-itur
1125 4889 1268 4963 qm'd
1318 4892 1396 4948 sit
1448 4907 1555 4947 cm·
1607 4890 1682 4949 ab
1737 4889 2015 4964 explendo
2069 4889 2159 4948 vel
2212 4891 2570 4951 abundando
2621 4909 2832 4951 nomen
2885 4889 3185 4949 traxerint.
3273 4886 3392 4947 Sed

770 4995 902 5037 cum
953 4980 1189 5053 saepius
1242 4978 1567 5039 redzmdent
1619 4998 1797 5054 qaam
1851 4979 2081 5055 ahqaid
2124 4982 2488 5057 siqnificcmt,
2541 4985 2687 5042 cmc
2732 4982 2875 5042 adeo
2920 4979 3272 5048 redundent,
3325 4980 3393 5036 ut
