3738 5530
479 1337 524 1391 C

1155 402 1677 455 PERSONALIVM
1724 400 2076 465 GENE'rlvl
2115 398 2568 451 SINGVLARlS.
3078 388 3158 452 77

568 612 1014 691 προςνέμεται,
1072 609 1230 673 καθὸ
1276 607 1376 670 καὶ
1419 607 1483 670 αἱ
1527 586 1660 671 ἀπό
1706 607 2088 686 φωνήεντος
2133 601 2485 681 ἀρχόμεναι
2529 601 2929 665 δαςύνονται.
3019 597 3146 660 Ἀλ·

566 717 747 777 καῑος
793 712 902 796 (fr.
950 712 990 775 6
1038 709 1324 789 Abi-ens,
1377 710 1444 770 11
1500 707 1715 792 Bergk
1735 706 1814 786 ³)·

1378 811 1538 875 ὥςτε
1583 812 1755 875 θέων
1800 808 2028 887 μηδέν
2062 806 2443 886 Ὀλυμπίων

821 919 999 979 λῡςαι
1043 913 1195 993 ἄτερ
1240 914 1439 979 Ρέθεν.

734 1017 961 1081 <Εοῡς.
1046 1017 1214 1095 Αὕτη
1259 1016 1616 1081 ἀκόλουθος
1647 1015 1910 1097 Δωρικῇ
1955 1018 2031 1095 τῇ
2076 1016 2278 1077 τεοῦς.
2351 1011 2390 1093 ᾖ
2438 1015 2718 1088 ςυνεχῶς
2749 1013 2849 1074 καὶ
2883 1013 3157 1092 Κόριννα
3194 1033 3225 1077 ⁶

565 1119 893 1197 ἐχρήςατο.
984 1139 1054 1207 εν
1105 1118 1419 1200 Κατάπλῳ
1466 1115 1570 1200 (fr.
1617 1114 1661 1178 4
1705 1114 1990 1196 AhrcnS,
2034 1113 2075 1175 2
2121 1112 2338 1193 Bergk
2354 1112 2440 1195 ³)·

817 1221 1025 1285 νίκας’
1070 1220 1108 1285 ὁ
1153 1221 1619 1298 μεγαλοςθένης

818 1320 1129 1403 Ὠαρίων,
1174 1324 1394 1402 χώραν
1439 1321 1503 1385 τ’
1549 1320 1676 1385 ἀπ’
1721 1319 1869 1384 ἑοῦς

816 1425 1030 1488 πᾶςαν
1077 1423 1474 1501 ὠνούμηνεν.

732 1523 919 1589 Ἐοῦ.
1018 1524 1184 1602 Αὕτη
1239 1530 1315 1607 τῇ
1372 1527 1526 1589 τεοῦ
1585 1524 1970 1598 ἀκόλουθος,
2036 1522 2367 1603 ἀποβολῆς
2423 1523 2774 1602 γενομένης
2828 1527 2946 1589 τοῦ
3012 1526 3156 1592 κατ’
3195 1541 3259 1587 10

563 1626 766 1705 ἀρχὴν
813 1626 1195 1704 ςυμφώνου.
1285 1625 1525 1704 εἴρηται
1570 1625 1714 1690 κατ’
1771 1624 1976 1703 ἀρχὴν
2032 1625 2177 1704 περὶ
2229 1628 2348 1689 τοῦ
2392 1624 2873 1692 πλεονάςαντος
2922 1648 2953 1692 ε
2999 1630 3156 1693 κατὰ

559 1729 636 1791 τό
680 1727 986 1806 δεύτερον
1029 1727 1405 1805 πρόςωπον.

672 1828 855 1906 -Τῆς
910 1828 1221 1893 ἐκεῖνος
1277 1830 1379 1893 καὶ
1434 1826 1670 1893 οὗτος
1726 1826 1792 1892 αἱ
1845 1828 2087 1903 γενικαὶ
2142 1831 2318 1907 παρὰ
2361 1829 2682 1907 Δωριεῦςι
2742 1832 2844 1895 διὰ
2902 1836 3020 1897 τοῦ
3067 1857 3153 1913 ω,

368 1946 525 1997 99A
560 1930 770 2007 τήνω
827 1930 927 1993 καὶ
995 1929 1282 2005 τούτω,
1349 1933 1468 1995 τοῦ
1523 1930 1750 1995 τέλους
1811 1931 2392 2008 βαρυτονουμένου.
2503 1932 2670 2009 πρὸς
2735 1939 2827 2015 τῷ
2883 1935 2983 1998 καὶ
3038 1936 3154 2000 τὸν

561 2029 764 2106 λόγον
833 2028 1159 2111 ἀπαιτεῖν,
1225 2031 1440 2095 καθότι
1509 2032 1852 2111 βαρύτονοι
1919 2030 1982 2093 αἱ
2047 2031 2311 2113 εὐθεῖαι,
2377 2033 2481 2096 καὶ
2541 2034 2618 2097 τὸ
2685 2036 2981 2101 πλεῑςτον
3044 2040 3155 2114 τῆς
3203 2052 3259 2097 15

560 2132 844 2210 χρήςεως
899 2129 1108 2196 οὕτως
1165 2133 1310 2210 ἔχει.
1410 2134 1570 2210 πρὸς
1617 2130 1715 2196 οἷς
1761 2133 1864 2197 καὶ
1916 2133 1992 2196 τὸ
2035 2138 2249 2197 τουτῶ
2295 2136 2797 2214 περιςπώμενον.
2898 2138 3157 2216 ἐπιρρή-

560 2233 755 2311 ματός
813 2232 936 2296 ἐςτι
990 2234 1488 2312 παραςτατικόν,
1544 2238 1796 2298 τουτῶ
1852 2233 2175 2310 θάμεθα,
2234 2235 2526 2313 Εώφρων
2572 2234 2681 2317 (fr.
2727 2220 2812 2299 42
2856 2236 3156 2321 Abi-ens).

559 2336 636 2397 τὸ
684 2337 754 2399 δὲ
798 2335 1007 2398 αὐτῶ
1052 2336 1643 2417 περιςπαςθήςεται,
1688 2333 1787 2398 ὅτι
1830 2336 1930 2399 καὶ
1975 2335 2049 2399 τὸ
2096 2334 2289 2400 αὐτός
2335 2336 2645 2402 ὀξύνεται.

731 2437 861 2514 Τὴν
908 2435 1200 2500 ἑαυτοῦ
1244 2455 1438 2515 φαςιν
1486 2436 1955 2515 ὠλιγωρῆςθαι,
2016 2438 2175 2501 καθὸ
2219 2439 2335 2516 τὴν
2382 2441 2498 2518 μὲν
2544 2439 2613 2503 ἐν
2660 2438 2822 2521 ἀρχῇ
2871 2441 3155 2506 ςύνθεςιν

563 2536 904 2621 αἰτιατικῆς
953 2536 1110 2615 ἔχει,
1155 2538 1232 2601 τὸ
1279 2538 1349 2601 δὲ
1391 2539 1577 2602 τέλος
1621 2542 1893 2616 γενικῆς.
1967 2539 2137 2603 Ἀλλ’
2180 2538 2329 2603 οὔτε
2376 2541 2453 2603 τὰ
2500 2541 2766 2604 ςύνθετα
2809 2542 2923 2619 τὴν
2955 2542 3154 2619 αὐτὴν
3192 2554 3257 2600 20

471 2653 523 2707 Β
561 2637 757 2702 κλίςιν
812 2638 1189 2713 ἀναδέχεται
1243 2642 1381 2702 τοῖς
1436 2640 1596 2703 κατὰ
1649 2639 2026 2721 παράθεςιν,
2085 2640 2223 2704 ἐπεὶ
2276 2640 2418 2704 ἰδοὺ
2474 2642 2551 2704 τὸ
2598 2642 3041 2722 λεοντοφόνος
3086 2644 3156 2707 ἐκ

468 3363 514 3417 C

560 2742 813 2818 γενικῆς
859 2738 1158 2803 ςυνεςτὸς
1204 2737 1293 2804 εἰς
1339 2739 1683 2819 αἰτιατικὴν
1730 2741 2106 2819 ἀναλύεται,
2166 2741 2204 2806 ὁ
2254 2742 2488 2807 λέοντα
2532 2743 2889 2823 φονεύςας
2936 2747 3034 2810 καὶ
3079 2746 3154 2810 τὸ

560 2840 987 2920 φιλοπλάτων
1032 2840 1097 2904 ἐξ
1143 2840 1391 2905 εὐθείας
1435 2842 1522 2907 εἰς
1567 2843 1943 2924 αἰτιατικὴν,
1990 2841 2028 2905 ὸ
2074 2845 2286 2922 φιλῶν
2316 2843 2669 2910 Πλάτωνα·
2717 2845 2864 2911 οὔτε
2894 2849 3158 2913 πάντως

561 2940 860 3020 αἰτιατικὴ
906 2942 1204 3017 ἔγκειται·
1248 2943 1305 3006 τί
1348 2944 1473 3022 γὰρ
1516 2944 1682 3024 (oo)
1728 2945 1976 3021 μᾶλλον
2022 2945 2059 3022 ἡ
2107 2942 2179 3008 εὖ
2224 2945 2347 3009 ἐςτι
2394 2951 2754 3011 ςυντεθεῖςα
2797 2950 2835 3026 ἢ
2881 2950 2918 3027 ἡ
2951 2950 3154 3013 διςύλ-

558 3045 755 3121 λαβος
818 3042 858 3120 ἡ
926 3042 1031 3121 ἕο;
1096 3044 1261 3121 πρὸς
1319 3043 1415 3108 οἷς
1471 3045 1623 3109 οὐδὲ
1677 3045 1716 3123 ἡ
1776 3048 2052 3109 δοκοῡςα
2108 3045 2178 3110 ἐν
2235 3047 2513 3112 ςυνθέςει
2578 3055 3024 3127 κατωρθῶςθαι
3082 3051 3152 3114 ἐν
3189 3059 3255 3106 25

559 3144 737 3207 δυςὶν
783 3143 1179 3224 αἰτιατικαῖς,
1224 3145 1397 3220 λέγω
1442 3147 1519 3224 δὴ
1564 3148 1679 3223 τὴν
1713 3145 1975 3226 ἑαυτόν,
2021 3147 2285 3213 πάντως
2317 3150 2436 3213 δύο
2469 3147 2809 3215 αἰτιατικὰς
2842 3151 3152 3229 ςημαίνει·

558 3243 804 3308 αὐτὸς
847 3246 973 3323 γὰρ
1019 3245 1262 3322 αὑτὸν
1309 3246 1658 3311 ἔπαιςεν.

730 3345 1030 3410 «Κάκεῑνο
1075 3348 1146 3410 δὲ
1190 3348 1593 3430 ἑπιςτατέον,
1647 3349 1701 3412 εἰ
1746 3348 1920 3413 ὅλως
1975 3350 2088 3414 ςὺν
2133 3357 2224 3430 τῷ
2270 3356 2300 3414 ἒ
2345 3353 2736 3431 γραφήςεται
2779 3354 2818 3432 ἢ
2865 3354 3151 3417 διςυλλά-

561 3451 689 3526 βως
743 3447 992 3529 μόνως,
1049 3448 1252 3525 μόνον
1310 3448 1452 3511 κατ’
1508 3449 1713 3527 ἀρχὴν
1770 3452 2330 3528 προςπνεόμενον·
2389 3454 2470 3517 τὰ
2524 3456 2649 3533 γὰρ
2702 3457 2814 3531 τῆς
2869 3455 3154 3532 χρήςεως

558 3549 670 3611 ἐπ’
724 3545 912 3626 ἴςης.»
1013 3547 1262 3628 Εἴρηται
1309 3548 1398 3611 ὡς
1444 3549 1506 3612 αἱ
1564 3550 1696 3615 ἀπὸ
1740 3553 1859 3614 τοῦ
1905 3554 1938 3614 ἱ
1983 3552 2325 3631 ἀρχόμεναι
2373 3554 2942 3634 ὁμοιοκατάληκτοι
2989 3555 3151 3619 ἀπο·
3189 3565 3253 3609 30

694 3713 909 3772 Anava.
986 3721 1049 3768 13
1086 3712 1348 3768 Genetivi
1388 3715 1563 3770 dorici
1599 3717 1758 3783 τὴνω
1794 3718 1953 3771 οὕτω
2001 3700 2153 3771 recte
2194 3721 2354 3787 gravi
2389 3722 2524 3775 tono
2562 3722 2944 3791 proferuntur,
2992 3722 3150 3774 αὐτῶ

558 3799 741 3851 acuto.
782 3825 843 3835 —
880 3805 950 3853 19
988 3798 1049 3852 In
1086 3801 1291 3853 ἑαυτοῦ
1327 3798 1652 3864 offendunt,
1688 3801 1837 3865 quod
1866 3800 2090 3855 initium
2117 3805 2236 3855 eius
2261 3802 2334 3856 sit
2357 3806 2706 3858 accusativus
2743 3807 2795 3869 ἕ,
2835 3804 2960 3857 finis
2983 3821 3151 3871 genc-

557 3884 727 3935 tivus.
806 3882 914 3936 Sed
955 3885 1144 3952 potius
1179 3900 1307 3937 cum
1346 3886 1409 3937 εὖ
1449 3883 1539 3937 vel
1576 3887 1637 3938 ἕο
1673 3885 1940 3953 genetivo
1977 3887 2348 3955 compositum
2388 3893 2486 3941 est.
2534 3919 2594 3928 -
2643 3896 2709 3944 30
2745 3888 2818 3941 Et
2852 3891 3057 3942 ἑαυτοῦ
3096 3896 3154 3942 et

558 3967 737 4020 αὑτοῦ
772 3965 957 4019 forma
990 3967 1162 4036 plena
1196 3972 1311 4032 est3
1351 3967 1555 4036 quibus
1600 3968 1813 4022 formae
1850 3970 2128 4024 secundae
2175 3989 2448 4040 personae
2485 3973 2838 4040 respondent.
2912 3973 2999 4025 Ad
3036 3989 3150 4026 me·

557 4050 796 4103 moriam
828 4049 1037 4162 prioris
1073 4053 1372 4121 compositi
1408 4054 1586 4120 partis
1623 4053 1959 4106 servandam
1998 4055 2135 4108 natis
2172 4058 2258 4108 est
2292 4056 2468 4110 densa
2500 4057 2786 4126 aspiratio.

694 4202 886 4260 Dinon.
918 4222 1127 4258 scum.
1163 4211 1211 4257 3
1242 4205 1385 4258 ὤςτε
1409 4202 1683 4272 Tthrgk
1716 4205 1725 4267 1
1754 4210 1802 4257 4.
1824 4207 1982 4259 λθςαι
2007 4206 2141 4274 ἄτερ
2169 4208 2329 4261 Ι-’έθεν
2355 4208 2391 4260 b
2417 4207 2734 4262 HLAhrens
2752 4207 3044 4278 ThBergk‚
3058 4212 3148 4264 λυ-

558 4302 755 4354 ςεατερ
779 4291 946 4352 γεθεν
972 4289 1013 4341 Α
1046 4289 1055 4354 Ι
1086 4294 1133 4340 5.
1152 4286 1442 4356 inscriptio
1468 4304 1592 4354 περι
1616 4304 1719 4354 της
1746 4305 1874 4344 εους
1898 4289 2127 4344 maiusc.
2151 4292 2194 4345 A
2226 4293 2235 4356 Ι
2268 4297 2313 4345 7.
2340 4295 2372 4345 ὁ
2399 4293 2490 4347 Ab
2517 4292 2612 4344 HI
2617 4294 2832 4347 Ahrens
2856 4293 3150 4364 ThBergk‚

556 4371 628 4423 ὃν
656 4369 991 4424 GHermann
1023 4375 1032 4438 Ι
1064 4374 1480 4440 μεγαλοςθένης
1505 4371 1600 4426 Ab
1624 4369 1917 4444 ThBergk,
1946 4378 2368 4439 μεγαλοςθένεις
2394 4374 2711 4430 HLAhrene
2740 4390 2749 4437 ι
2779 4381 2826 4431 8.
2849 4378 3087 4445 Ὠαρίων
3113 4376 3149 4430 b

556 4452 875 4508 HLAhrens
902 4454 1194 4526 ThBergk.
1222 4457 1488 4524 ῶαρειων
1509 4460 1552 4513 Α
1586 4460 1595 4525 Ι
1629 4464 1711 4513 10.
1732 4458 2021 4527 inscriptio
2042 4475 2171 4526 περι
2202 4477 2304 4526 της
2335 4476 2432 4514 εου
2450 4461 2679 4513 ωιιίιιεο.
2703 4463 2746 4514 Α
2778 4467 2786 4523 Ι
2822 4467 3032 4514 10—11.
3055 4479 3146 4515 κα·

556 4540 795 4608 τ’ἀρχὴν
831 4542 932 4592 aut
967 4540 1284 4595 eiciendum
1322 4543 1422 4594 aut
1452 4545 1584 4610 post
1607 4560 1734 4610 περι
1759 4547 1863 4596 τοῦ
1889 4542 2215 4611 ponendum
2240 4559 2358 4597 csse
2385 4546 2576 4598 censet
2598 4543 2979 4610 RSkrzeczka,
3020 4547 3146 4612 περὶ

555 4626 666 4676 τοῦ
704 4625 839 4675 κατ’
872 4626 1049 4692 ἀρχὴν
1085 4625 1259 4679 etiam
1284 4625 1627 4695 PEgenolfffl
1660 4632 1739 4679 13.
1767 4626 2056 4694 inscriptio
2093 4645 2222 4694 περι
2257 4645 2377 4680 των
2411 4644 2655 4693 γενικων
2692 4644 2794 4695 της
2820 4645 3032 4682 εκεινος
3059 4646 3146 4682 και

555 4721 732 4759 ουτος
766 4707 991 4763 maiusc.
1032 4710 1073 4762 A
1105 4710 1115 4777 Ι
1143 4715 1230 4778 τῷ
1266 4709 1332 4775 b,
1369 4726 1437 4763 το
1475 4712 1518 4763 Α
1550 4713 1558 4778 Ι
1592 4716 1670 4763 17,
1708 4727 1855 4764 εςτιν
1882 4713 1924 4764 Α
1958 4713 1965 4774 Ι
2001 4716 2079 4764 18.
2117 4710 2335 4765 litteras
2370 4727 2437 4776 ης
2462 4712 2613 4764 vocis
2645 4716 3145 4779 περιςπαςθηςεται

556 4805 629 4841 ex
670 4805 733 4842 εν
767 4790 902 4844 fecit
938 4794 1000 4846 A·
1035 4799 1044 4854 1
1079 4799 1157 4846 19.
1194 4790 1485 4861 inscriptio
1522 4811 1649 4862 περι
1684 4811 1788 4863 της
1826 4796 2030 4848 εαυτοῦ
2063 4795 2294 4848 mainsc.
2322 4795 2365 4848 A
2407 4796 2416 4862 Ι
2456 4800 2521 4847 24
2576 4797 2683 4862 γὰρ
2718 4797 2786 4848 οὐ
2825 4795 2889 4860 b,
2926 4812 3033 4863 γαρ
3061 4799 3104 4850 Α

555 4879 644 4929 25.
681 4875 939 4944 δοκοῠςα]
976 4875 1072 4929 fol.
1114 4881 1210 4930 173
1235 4893 1288 4929 v.
1320 4885 1328 4941 ι
1359 4880 1438 4931 28.
1479 4894 1704 4932 κακεινο
1741 4879 1813 4944 Α,
1851 4878 2094 4948 κάκείνῳ
2131 4879 2167 4931 b
