3738 5530
578 340 1022 396 Commentarius
1052 341 1279 396 criticus
1307 343 1367 395 et
1393 339 1715 411 exegeticus
1742 340 1802 395 in
1831 339 2121 411 Apollonii
2147 340 2378 410 Dyscoli
2408 340 2619 411 scripta
2645 341 2876 396 minora.
2952 343 3082 407 217

643 513 848 587 214,4
896 506 1331 572 Ποςειδώνιος
1377 505 1449 570 ἐν
1485 511 1579 591 τῷ
1625 506 1772 585 περὶ
1809 506 2200 590 ςυνδέςμων]
2246 511 2335 570 Ex
2373 510 2579 571 eodem
2617 511 2771 572 libro
2809 510 3083 589 desump-

458 604 590 661 tum
636 619 761 660 esse
805 600 1043 660 videtur
1088 599 1245 676 quod
1290 599 1449 659 idem
1495 600 1567 658 de
1615 595 1753 660 ἐπεί
1800 600 2034 660 dixerat
2077 603 2233 677 synt.
2284 603 2434 677 337,
2457 603 2541 661 20
2588 596 2914 675 ἐδείξαμεν
2960 598 3082 677 γὰρ

462 685 561 751 ὅτι
609 685 915 764 αἰτιατική
964 684 1291 764 ἐγκειμένη
1340 684 1468 749 ἐςτὶ
1513 684 1672 762 μετὰ
1716 688 1830 763 τῆς
1876 685 1984 750 διά
2019 685 2386 765 προθέςεως
2425 682 2516 771 (in
2553 681 2764 772 διότι),
2814 687 2917 751 καὶ
2963 688 3086 766 οὐχ

465 775 503 839 ὁ
542 774 641 839 ὅτι
689 775 1047 853 ςύνδεςμος,
1096 774 1235 839 ἐπεὶ
1279 773 1400 839 κᾶν
1445 773 1707 838 πάντως
1743 775 1817 839 ἓν
1854 775 2048 854 μέρος
2095 776 2298 851 λόγου
2345 776 2749 854 καθειςτήκει,
2796 775 3084 856 καθάπερ

463 865 594 942 ἔχει
650 866 753 929 καὶ
808 864 846 928 ὁ
903 864 1042 929 ἐπεί
1096 863 1477 929 ςυναπτικὸς
1532 863 1939 941 ςυγκείμενος
1994 864 2065 929 ἐκ
2118 868 2235 928 τοῦ
2292 863 2350 929 εἴ
2406 865 2751 943 ςυνδέςμου
2814 865 2917 930 καὶ
2971 870 3087 943 τῆς

464 954 568 1018 ἐπί
604 953 984 1033 προθέςεως,
1033 953 1123 1017 ὥς
1160 973 1312 1032 φηςι
1350 953 1453 1016 καὶ
1488 953 1942 1018 Ποςειδώνιος.
1998 958 2144 1017 Veri
2171 958 2364 1017 01111110
2403 961 2495 1018 est
2529 959 2634 1034 qui
2670 958 2827 1017 hunc
2864 958 3087 1018 librum

463 1049 700 1124 scripsit
746 1067 880 1107 eum
925 1048 1108 1108 fuisse
1155 1047 1259 1123 qui
1305 1042 1345 1107 ὁ
1391 1040 1805 1121 ἀναγνώςτης
1849 1042 2264 1122 Ἀριςτάρχου
2311 1048 2756 1124 appellabatur,
2803 1049 2874 1106 cf.
2914 1049 3088 1123 Blau,

463 1138 553 1197 De
581 1137 912 1197 Aristarchi
949 1136 1275 1213 discipulis,
1312 1136 1499 1196 Jenae
1533 1137 1722 1212 1883,
1757 1156 1816 1213 p.
1839 1138 1927 1197 40
1945 1155 2061 1214 sq.3
2098 1136 2518 1197 Friedlaender
2543 1136 2805 1197 Ariston.
2839 1157 2895 1213 p.
2932 1140 3087 1213 1263

463 1228 760 1286 Duentzer
807 1225 1019 1286 Zenod.
1066 1246 1123 1303 p.
1167 1228 1278 1300 93,
1325 1225 1641 1301 Susemihl,
1688 1225 1893 1286 Gesch.
1934 1226 2038 1286 der
2082 1226 2298 1305 griech.
2337 1225 2482 1285 Litt.
2521 1227 2584 1286 H
2633 1228 2777 1287 160.

646 1317 851 1391 214,6
900 1315 1133 1394 Uhligii
1179 1314 1512 1376 emendatio
1556 1315 1898 1391 recipienda
1944 1318 2093 1391 erat,
2138 1318 2210 1375 cf.
2249 1316 2529 1395 Egenolff
2566 1316 2599 1375 I
2647 1317 2792 1376 839.

647 1408 794 1481 214,
816 1408 851 1464 7
894 1400 1179 1467 ςύνταξις
1215 1405 1492 1465 vocabuli
1526 1406 1694 1465 notio
1732 1404 1787 1462 h.
1817 1405 1854 1462 l.
1896 1406 2016 1464 late
2060 1408 2258 1482 patet3
2300 1405 2599 1484 significat
2645 1406 2803 1465 enim
2841 1407 3091 1465 alteram

464 1515 668 1554 vocem
723 1514 858 1554 cum
914 1496 1105 1554 altera
1148 1496 1430 1572 coniungi
1483 1512 1591 1553 nec
1650 1496 1856 1571 quaeri
1916 1496 2071 1555 sitne
2130 1495 2426 1571 synthesis
2473 1514 2550 1554 an
2595 1496 2959 1572 parathesis,
3018 1496 3090 1554 cf.

469 1588 622 1661 synt.
667 1586 813 1660 305,
837 1586 937 1644 26.
988 1585 1257 1658 318,14.
1309 1586 1593 1658 321,17;
1637 1582 1759 1642 ind.

574 1690 582 1698 ·
646 1675 853 1748 214,ss
911 1670 984 1733 ἓν
1039 1669 1233 1748 μέρος
1291 1669 1494 1745 λόγου
1549 1667 1590 1746 ἥ
1646 1689 1717 1733 τε
1776 1669 2073 1747 πρόθεςις
2126 1669 2233 1734 καὶ
2289 1669 2329 1734 ὁ
2386 1668 2755 1753 ςύνδεςμος]
2815 1675 2887 1734 cf.
2936 1677 3092 1751 synt.

469 1765 616 1839 305,
640 1766 719 1823 23
769 1759 954 1824 ἔνθεν
1000 1758 1124 1837 γὰρ
1179 1758 1284 1822 καὶ
1329 1758 1391 1823 οἱ
1438 1758 1570 1822 ἀπὸ
1626 1761 1739 1836 τῆς
1795 1760 2007 1824 Στοᾶς
2061 1760 2482 1837 προθετικοὺς
2539 1758 2816 1824 ἐκάλουν
2875 1761 3092 1824 ςυνδέ-

467 1869 677 1928 ςμους.
704 1848 820 1912 τὰς
865 1847 1219 1927 προθέςεις,
1274 1846 1538 1926 ἄμεινον
1583 1846 1971 1927 ἡγηςάμενοι
2019 1846 2151 1913 ἀπὸ
2198 1849 2311 1926 τὴς
2357 1848 2684 1928 ἑξαιρέτου
2733 1849 3095 1916 ςυντάξεως

465 1939 583 2017 τὴν
630 1937 979 2016 ὀνομαςίαν
1025 1936 1238 2002 θέςθαι
1281 1937 1446 2016 ἤπερ
1494 1935 1627 2002 ἀπὸ
1673 1941 1785 2016 τῆς
1830 1936 2183 2015 δυνάμεως.
2242 1942 2422 2003 Prisc.
2460 1943 2603 2002 XIV
2655 1944 2734 2002 18
2782 1963 2840 2020 p.
2884 1944 2986 2018 34,
3010 1944 3092 2003 23

467 2026 609 2092 enon
654 2030 801 2091 bene
846 2034 1047 2090 tamen
1094 2033 1309 2090 stoici
1346 2032 1847 2107 praepositionem
1882 2032 2042 2091 inter
2078 2032 2520 2092 coniunctiones
2556 2033 2876 2109 ponebant,
2921 2051 3094 2108 prae-

467 2120 788 2197 positivam
834 2121 1308 2180 coniunctionem
1354 2139 1485 2180 eam
1531 2121 1927 2195 nominanteS,
1973 2140 2107 2181 cum
2153 2122 2491 2181 coniunctio
2538 2124 2599 2181 et
2644 2121 2986 2181 nominibus
3035 2124 3097 2181 et

465 2209 660 2271 verbis
709 2213 769 2268 et
823 2209 1093 2269 omnibus
1149 2212 1278 2269 tam
1323 2209 1775 2270 declinabilibus
1833 2229 2014 2286 quam
2066 2211 2585 2271 indeclinabilibus
2641 2229 2749 2287 per
2803 2211 3094 2297 app-ositi-

467 2320 640 2359 onem
695 2300 887 2360 soleat
942 2299 1215 2377 adiungi;
1268 2318 1375 2359 nec
1429 2301 1623 2359 solum
1676 2300 2086 2376 praeponitur,
2141 2300 2244 2360 sed
2299 2301 2484 2360 etiam
2540 2300 2922 2377 subiungitur
2968 2302 3096 2358 tam

468 2389 625 2465 apud
672 2392 879 2465 poetas
926 2408 1106 2465 quam
1152 2389 1313 2466 apud
1358 2391 1484 2449 sine
1530 2391 1734 2449 metris
1781 2389 2133 2465 scribentes;
2186 2391 2554 2465 praepositio
2600 2408 2760 2465 ver0,
2805 2391 2876 2448 ut
2920 2408 3095 2465 saepe

468 2477 693 2537 dictum
722 2481 829 2553 est,
867 2482 928 2538 et
962 2481 1251 2555 praeponi
1287 2479 1421 2539 vult
1449 2497 1697 2555 semper,
1734 2497 1872 2538 cnm
1899 2481 2062 2538 recto
2091 2479 2297 2538 ordine
2324 2480 2584 2555 ponitur,
2623 2481 2685 2538 et
2715 2477 2911 2538 verbis
2942 2480 3094 2538 cete-

466 2571 666 2645 risque
703 2567 974 2645 partibus
1010 2566 1529 2628 indeclinabilibus
1575 2570 1693 2628 nisi
1737 2569 1801 2626 in
1847 2568 2275 2644 compositione
2311 2587 2429 2629 non
2471 2562 2859 2646 adiungitur'.
2891 2600 2976 2609 -—
3007 2566 3094 2626 Cf.

468 2657 646 2718 schol.
676 2657 875 2716 DThr.
908 2658 1056 2732 519,
1079 2659 1159 2716 26
1181 2675 1309 2734 sqq.
1346 2657 1511 2736 Hilg.
1570 2656 1838 2717 Schmidt
1866 2656 2046 2717 Stoic.
2079 2659 2161 2716 47
2175 2676 2332 2734 sqq.3
2368 2655 2739 2718 GFSchoem.
2768 2657 2916 2716 Red.
2949 2658 3094 2717 206.

654 2749 800 2823 214,
824 2748 860 2807 9
909 2746 1095 2824 Uhlig
1139 2746 1172 2806 I
1222 2748 1321 2807 13.

650 2838 797 2912 214,
820 2838 903 2896 10
947 2839 1088 2912 post
1131 2831 1419 2912 δύναμιν,
1466 2856 1619 2913 quae
1665 2840 1756 2897 est
1800 2838 2018 2897 ultima
2060 2839 2161 2898 fol.
2205 2839 2286 2898 92
2334 2856 2468 2913 vox,
2513 2837 2816 2916 integrum
2859 2835 3099 2897 videtur

467 2926 839 2986 intercidisse
883 2926 1113 3001 folium,
1159 2945 1299 2985 nam
1344 2946 1464 2986 non
1511 2929 1601 2987 est
1637 2929 1763 2986 veri
1809 2928 2020 3003 simile,
2069 2946 2220 3004 quae
2259 2927 2335 2987 ad
2381 2926 2881 3003 comprobandam
2927 2945 3098 2987 suam

470 3015 541 3076 de
586 3015 699 3075 hac
742 3035 807 3074 re
852 3016 1211 3076 sententiam
1255 3017 1589 3092 protulerat
1635 3016 2015 3092 Posidonius,
2073 3037 2142 3077 ea
2187 3017 2394 3093 paucis
2440 3016 2636 3076 verbis
2684 3019 2746 3076 et
2790 3034 3098 3076 enarrasse

470 3108 531 3165 et
583 3106 874 3165 refutasse
918 3104 1321 3181 Apollonium.
1413 3105 1485 3164 In
1541 3105 1747 3165 eadem
1799 3108 2099 3166 sententia
2153 3108 2283 3166 erat
2336 3108 2397 3165 et
2451 3106 2693 3166 Dronke
2750 3108 2810 3165 et
2853 3105 3097 3165 KLehrs

471 3196 575 3271 qui
619 3195 878 3272 margini
923 3194 1070 3254 haec
1116 3194 1392 3271 ascripsit
1465 3194 1619 3253 Ann.
1666 3194 1783 3254 litt.
1830 3194 1962 3254 Jen.
2008 3197 2176 3255 1879
2226 3216 2285 3272 p.
2326 3186 2511 3275 224):
2584 3189 2725 3254 ‘Hic
2771 3195 2989 3255 excidit
3033 3197 3097 3254 in

474 3283 612 3344 cod.
670 3304 855 3342 unum
912 3286 1110 3343 totum
1169 3285 1382 3343 folium
1468 3287 1539 3343 ut
1596 3285 1745 3342 mihi
1803 3284 2108 3345 Dronkius
2173 3280 2457 3364 αὐτοψίᾳ
2522 3283 2765 3344 edoctus
2820 3275 3099 3365 scribit).'

470 3374 662 3432 Multo
706 3374 883 3451 plura
925 3373 1297 3433 intercidisse
1342 3376 1543 3433 censet
1586 3373 1800 3433 Matth.
1839 3373 1873 3433 Ι
1920 3376 2019 3433 21.
2095 3374 2168 3432 V.
2207 3376 2382 3451 epim.

647 3462 836 3537 Saepe
878 3465 950 3536 fit
991 3467 1059 3521 ut
1101 3465 1368 3522 diversae
1411 3464 1695 3523 oratiom's
1727 3467 1937 3538 partes
1971 3466 2127 3523 vocis
2161 3465 2357 3537 foma
2392 3466 2732 3539 eonyruamt,
2777 3464 2935 3524 velut
2964 3456 3096 3522 ἵνα

473 3557 524 3612 et
581 3547 730 3627 ὄφρ
744 3569 786 3611 α
846 3556 900 3611 et
950 3554 1376 3612 coniunctiones
1432 3554 1721 3626 effectivae
1780 3543 2043 3634 (finales)
2106 3556 2158 3612 et
2211 3554 2493 3614 adverbia
2547 3552 2892 3628 temporalia
2943 3555 3096 3612 sumt.

470 3642 683 3716 Itaque
728 3659 878 3715 quae
924 3643 1166 3701 eandem
1209 3644 1329 3701 vim
1370 3642 1583 3702 habent
1626 3646 1798 3716 atque
1842 3643 2295 3712 coniunctione&
2352 3645 2457 3702 etsi
2499 3659 2634 3703 voce
2679 3659 2812 3702 cum
2844 3658 3100 3716 praepo-

472 3731 778 3791 sitzombus
823 3732 1175 3804 qmbusdam
1220 3735 1569 3806 congruunt,
1622 3733 1754 3791 iure
1798 3732 2174 3791 attribuimus
2219 3733 2741 3801 coniunctionibus,
2789 3733 3101 3806 praeposi-

474 3823 654 3879 tiones
700 3839 740 3880 a
785 3821 1282 3880 coniunctionibus
1326 3825 1680 3880 secernentes
1726 3822 1876 3896 214,
1901 3821 2226 3895 11-215,
2250 3823 2347 3880 13.

653 3911 800 3983 214,
825 3913 901 3968 11
955 3909 1132 3968 Sterk
1177 3909 1249 3968 de
1293 3910 1688 3986 paraplerom.
1727 3912 1789 3968 in
1829 3909 2031 3986 Symb.
2064 3912 2181 3969 litt.
2211 3909 2485 3969 Bat.VH
2529 3931 2585 3987 p.
2631 3911 2730 3969 17.
2807 3907 2895 3968 cf.
2945 3909 3096 3968 coni.

479 3999 925 4072 243,11-—-25.
976 4000 1560 4075 244‚6—245,14;
1621 3999 1754 4058 adv.
1798 4000 1945 4074 154,
1968 4001 2247 4059 28—31.
2336 3998 2534 4075 Apoll.
2574 3998 2740 4075 soph.
2779 4016 2823 4058 s.
2862 4018 2917 4057 v.
2961 3992 3097 4069 ἵνα;

472 4086 580 4146 AO
618 4087 650 4146 I
689 4089 790 4164 63,
815 4089 926 4163 133
973 4086 1341 4148 GFSchoem.
1379 4088 1522 4148 Red.
1557 4090 1714 4163 2063
1759 4088 1946 4167 Uhh'g
1983 4089 2059 4148 ad
2096 4088 2292 4147 DThr.
2326 4090 2428 4163 93,
2451 4090 2506 4146 2.
2549 4089 2648 4148 94.
2722 4087 2868 4147 Veri
2905 4088 3099 4148 simile

474 4179 565 4236 est
611 4179 749 4236 ante
785 4171 904 4253 (τὸ
949 4171 1059 4237 ἵνα
1107 4172 1465 4256 ἐπίρρη>μά
1511 4193 1725 4253 φαμεν
1771 4174 2040 4239 τοπικόν
2097 4178 2431 4254 exemplum
2476 4179 2658 4237 fuisse
2694 4172 2810 4255 <ἐν
2856 4178 2948 4257 τῷ
2991 4171 3103 4238 ἵνα

473 4262 528 4325 τ’
559 4262 843 4341 ἔτραφεν
879 4262 978 4341 ἠδ’
1009 4262 1317 4338 ἐγένοντο
1357 4258 1423 4348 (κ
1451 4259 1670 4347 417)>,
1717 4286 1859 4326 nam
1897 4267 2103 4327 eadem
2140 4268 2409 4343 exempla
2446 4266 2654 4327 afferre
2692 4267 2844 4327 solet
2869 4265 2984 4343 Ap.
3013 4299 3102 4308 ——

478 4355 602 4414 Ska
649 4351 809 4415 αὐτὸ
855 4357 919 4413 111
963 4356 1184 4415 litteris
1222 4356 1299 4415 ad
1345 4377 1439 4415 me
1485 4356 1661 4416 datis.

658 4446 805 4519 214,
829 4446 909 4503 17
951 4444 1075 4504 Ska
1100 4445 1189 4503 VI
1230 4447 1310 4505 13
1351 4440 1487 4522 Ἃρ.
1525 4446 1712 4506 nennt
1748 4465 1862 4504 nur
1898 4446 2121 4504 einmal
2158 4438 2259 4527 (de
2297 4447 2445 4504 coni.
2477 4445 2610 4505 480
2650 4438 2763 4524 [---
2788 4446 2935 4520 214,
2959 4437 3102 4525 17])

475 4528 654 4609 ὄφρα
692 4534 844 4593 ohne
881 4534 1150 4594 weiteres
1186 4535 1251 4593 in
1287 4535 1509 4595 diesem
1557 4534 1739 4594 Sinne
1776 4536 1948 4594 einen
1987 4535 2156 4595 ςυνδ.
2187 4529 2616 4605 αἰτιολογικός
2643 4581 2657 4593 .
2688 4580 2702 4594 .
2775 4534 2872 4594 Da
2906 4533 3104 4594 weder

472 4617 583 4683 ἵνα
640 4618 769 4702 [0οᾶ
815 4644 871 4684 v.
910 4626 1060 4684 coni.
1102 4626 1250 4698 243,
1275 4627 1353 4684 19
1405 4625 1554 4684 dicit
1609 4619 1741 4697 ἔχει
1787 4622 1861 4684 δὲ
1909 4616 2012 4705 (sc.
2059 4619 2138 4684 τὸ
2181 4615 2320 4704 ἵνα)
2376 4620 2481 4684 καὶ
2533 4619 2649 4684 τὰς
2696 4619 3103 4697 ςυνδεςμικὰς

475 4709 798 4788 διαφορὰς
852 4709 973 4773 δύο
1029 4707 1250 4786 οὔςας,
1305 4708 1454 4786 μίαν
1511 4711 1626 4788 μὲν
1684 4708 2132 4787 αἰτιολογικήν,
2190 4708 2419 4788 ἑτέραν
2466 4709 2539 4773 δὲ
2586 4706 3097 4787 ἀποτελεςτικήν.

476 4803 632 4877 synt.
674 4803 894 4877 266,4.
946 4804 1093 4877 268,
1116 4804 1217 4862 23.
1291 4802 1424 4864 adv.
1467 4805 1611 4879 154,
1636 4806 1716 4864 29
1748 4822 1795 4862 0.
1844 4798 2007 4882 adn]
2055 4802 2206 4861 noch
2267 4797 2448 4863 ὅπως
2503 4801 2647 4863 oder
2700 4796 2879 4877 ὄφρα
2936 4804 3103 4863 sonst

474 4910 594 4950 von
638 4891 763 4949 ihm
809 4910 875 4951 so
920 4895 1187 4970 genannt
1231 4892 1384 4968 sind,
1430 4911 1495 4953 so
1531 4911 1694 4955 muss
1739 4893 1900 4952 wohl
1946 4887 2433 4953 ἀποτελεςτικός
2479 4894 2631 4952 statt
2673 4886 3098 4964 αἰτιολογικός

478 4979 858 5058 geschrieben
901 4977 1181 5043 werden'.
