3738 5530
598 338 1041 397 Commentarius
1069 338 1384 396 criticus-et
1410 340 1731 411 exegeticus
1759 340 1819 397 in
1847 341 2139 413 Apollonii
2166 342 2395 413 Dyscoh'
2424 344 2638 416 scripta
2663 345 2896 403 minora.
2978 348 3105 415 103

484 513 560 574 ad
604 510 645 574 Γ
686 513 830 573 128.
894 509 956 572 11
997 511 1381 586 23‚29—33
1413 536 1497 560 ==
1528 511 1705 573 schol.
1735 511 1791 572 A
1830 512 1909 574 ad
1945 508 1996 574 Α
2038 515 2193 589 1143
2239 512 2354 573 ΕΜ
2396 517 2630 592 124‚9;
2676 516 2785 578 EG
2823 519 3104 596 161‚56;

482 602 590 664 Ao
626 604 658 663 1
699 604 844 677 142,
866 604 965 662 20.

481 691 570 772 {23
659 694 983 768 Diyamma
1044 691 1327 751 aeolicum
1389 694 1472 750 est
1530 692 1633 753 ubi
1684 693 2061 768 praefigatur
2113 694 2528 768 personalibus
2590 699 2710 756 tert.
2755 715 2916 772 pers.
3007 697 3103 760 De

480 786 690 858 fonnis
735 778 910 844 ἑοῦ(
958 784 1010 841 et
1054 776 1185 842 ἑοῦ
1237 782 1337 856 76,
1360 781 1764 857 32-77,12.

663 875 767 948 76,
787 873 868 932 32
917 867 1010 932 Τὸ
1047 865 1344 932 Αἰολικὸν
1380 865 1686 950 δίγαμμα]
1729 871 1874 931 Ahr.
1905 871 2069 933 diall.
2098 873 2130 932 I
2166 873 2457 950 30-403
2500 874 2636 935 Mei.
2666 874 2699 935 I
2730 877 3099 938 103—114.

661 965 763 1038 77,
784 964 824 1021 4
860 956 1084 1040 feeev]
1112 959 1493 1021 1111111111
1524 962 1679 1038 1243
1715 961 1902 1022 Meu
1934 963 2078 1022 166.
2127 960 2519 1038 ofloffinm,
2550 985 2636 1043 gr.
2657 965 2837 1027 Dim.
2858 966 2921 1026 11
2949 969 3097 1028 455.

662 1054 824 1128 77,5
875 1046 1050 1130 ἑοῦε]
1098 1049 1278 1111 Prisc.
1317 1050 1467 1110 XIII
1503 1053 1543 1111 4
1590 1072 1648 1128 p.
1689 1047 1885 1128 2,31;
1935 1051 2080 1112 Ahr.
2118 1051 2282 1113 dian.
2319 1052 2383 1113 Π
2422 1054 2567 1115 250.
2656 1054 2744 1115 De
2791 1049 2900 1117 ἀπ’
2948 1052 3099 1120 ἑοῦ(

478 1143 557 1203 id.
603 1143 635 1203 I
676 1144 820 1203 169.
901 1141 1037 1201 Mei.
1075 1139 1108 1200 I
1146 1141 1291 1199 248.
1343 1142 1488 1200 273.
1581 1140 1670 1201 De
1716 1136 1996 1216 Ὠαρίων
2041 1142 2278 1202 nomine
2325 1163 2381 1204 v.
2421 1142 2564 1203 Lob.
2606 1144 2721 1203 En.
2758 1144 2821 1204 H
2864 1148 2986 1206 107
3009 1166 3095 1225 sq.

390 1226 398 1233 ’
661 1235 761 1308 77,
787 1235 860 1291 11
916 1224 1185 1309 εἴρηται]
1233 1250 1398 1307 pron.
1434 1231 1534 1307 75,
1559 1233 1658 1289 17.
1713 1263 1788 1272 —
1843 1225 1988 1292 Κατ’
2037 1226 2242 1307 ἀρχὴν
2278 1228 2425 1308 περὶ
2461 1231 2579 1294 τοῦ
2615 1229 3097 1298 πλεονάεαντοε

475 1320 512 1383 ἒ
576 1317 737 1382 κατὰ
800 1316 877 1381 τὸ
942 1315 1249 1395 δεύτερον
1313 1315 1665 1396 πρόςωπον
1711 1346 1797 1369 =
1844 1317 1991 1397 περὶ
2055 1319 2173 1383 τοῦ
2236 1316 2372 1382 κατ’
2437 1316 2644 1398 ἀρχὴν
2707 1341 2760 1384 κ.
2816 1341 2869 1385 τ.
2928 1325 2981 1386 δ.
3030 1343 3094 1387 π.

478 1405 959 1473 πλεονάεαντοε
994 1406 1055 1481 ’ἑ;
1101 1408 1220 1469 vid.
1260 1429 1412 1486 quae
1450 1409 1528 1471 ad
1557 1411 1661 1486 42,
1684 1411 1765 1469 25
1804 1411 1992 1471 mirae
2030 1411 2345 1472 verborum
2380 1412 2789 1474 collocationis
2828 1416 3098 1493 exempla

476 1502 758 1581 congessi.
833 1499 1028 1570 Quare
1065 1518 1172 1559 nec
1210 1496 1365 1560 Skae
1412 1491 1471 1581 (Ι
1512 1491 1623 1580 19)
1670 1519 1778 1560 nec
1805 1498 2139 1579 Egenolffio
2186 1493 2327 1584 (An.
2358 1522 2606 1581 gramm.
2636 1506 2776 1581 epit.
2808 1498 3094 1587 XXXIII)

480 1592 787 1654 assentior.

656 1681 920 1743 Genetiva?
965 1680 1150 1740 dorici
1193 1675 1396 1753 τήνω
1442 1673 1690 1739 τούτω
1734 1684 1885 1740 recte
1916 1684 2292 1758 parooeytona
2335 1687 2498 1751 sunt,
2554 1685 2696 1758 quia
2748 1685 3097 1744 nminativi

465 1774 983 1847 proper-ispmnma
1041 1773 1209 1841 suma·
1260 1772 1573 1844 praeterea
1631 1768 1878 1830 τουτῶ
1935 1771 2132 1844 forma
2189 1772 2546 1833 adverbiali-s
2606 1776 2812 1842 exstat,
2877 1792 2917 1834 a
2976 1793 3095 1849 qua

474 1857 722 1922 τούτω
767 1860 1181 1936 distinquenda
1226 1862 1324 1919 est.
1396 1854 1610 1920 Αὐτῶ
1656 1862 1786 1919 iare
1810 1862 2262 1935 perispomnoen
2299 1866 2395 1932 est,
2442 1866 2509 1922 ut
2542 1864 2696 1937 quod
2740 1864 2815 1924 ab
2864 1859 3095 1925 αὐτό(

474 1952 783 2012 descendat
830 1952 931 2026 77,
956 1948 1232 2009 13—18.

657 2042 863 2116 77‚14
911 2039 984 2099 of.
1031 2038 1175 2098 ΜΠ.
1222 2038 1386 2098 dian.
1433 2037 1496 2097 11
1537 2039 1681 2098 203.

654 2132 859 2205 77,17
910 2129 983 2189 cf.
1031 2127 1164 2189 adv.
1216 2129 1496 2203 190‚20;
1541 2128 1686 2187 Ahr.
1732 2127 1898 2189 dian.
1945 2128 2007 2188 H
2047 2127 2317 2206 374,12.

650 2218 924 2280 Genetivi
971 2220 1120 2297 sing.
1169 2209 1237 2299 b)
1281 2216 1548 2277 reflexivi
1591 2220 1727 2278 tert.
1765 2236 1917 2295 pers.
1952 2220 2054 2294 77,
2081 2220 2360 2295 19-80,
2383 2222 2483 2279 23.

647 2305 958 2371 Ἑαυτοῦ
1012 2309 1288 2368 abnorme
1341 2323 1462 2367 esse
1504 2308 1730 2377 dicunt,
1794 2309 1950 2382 quod
1992 2310 2228 2368 initium
2272 2312 2397 2369 eius
2439 2312 2515 2370 sit
2560 2313 2929 2372 accusativus
2974 2308 3084 2390 (ἕ),

469 2401 610 2472 finis
666 2401 962 2475 ymeri-vus
1025 2392 1301 2476 (αὐτοῦ).
1391 2395 1508 2456 Sed
1559 2399 1827 2471 primvm
1888 2401 2201 2471 composita
2253 2399 2424 2459 aliter
2481 2399 2851 2460 declinantia
2913 2405 3086 2476 atque

468 2491 770 2565 appo-sitm
832 2488 1040 2548 deinde
1089 2489 1292 2562 potius
1354 2480 1435 2546 εὗ
1499 2486 1588 2546 vel
1647 2480 1729 2547 ἕο
1787 2489 2087 2561 ,ametimos
2146 2490 2297 2548 inest
2359 2506 2538 2562 quam
2599 2492 2968 2550 accusativus
3025 2487 3082 2563 ἕ;

468 2580 714 2654 devoiqnoe
767 2573 1071 2648 ἑαυτόν,
1127 2577 1281 2650 quod
1331 2576 1451 2650 leye
1496 2593 1527 2635 e
1569 2576 1796 2636 duobus
1848 2579 2199 2636 acmasatim's
2252 2580 2626 2652 compositum
2670 2596 2791 2639 esse
2836 2581 3079 2649 videtur,

466 2686 837 2744 nemcaqaam
880 2669 1132 2727 duorum
1175 2668 1642 2727 accusativorum
1683 2668 1973 2727 notionem
2014 2668 2209 2727 induit
2253 2659 2385 2749 (sed
2420 2667 2774 2728 nominativi
2812 2671 2874 2729 et
2910 2687 3079 2731 accu-

467 2760 648 2821 sativi
728 2758 1131 2835 77‚19-27.

648 2750 748 2925 37,
771 2849 1043 2909 20-21
1115 2842 1384 2908 εύνθετα
1418 2877 1507 2890 -
1543 2842 1625 2907 τὰ
1686 2842 1849 2908 κατὰ
1911 2841 2289 2927 παράθεειν]
2354 2867 2406 2909 v.
2456 2852 2796 2911 accuratam
2842 2848 3080 2911 Ottonis

468 2938 814 3000 Schneideri
859 2940 1419 2999 commentationem
1463 2937 1509 2996 Ι.

646 3030 748 3103 77,
770 3028 1030 3087 24-25
1078 3023 1137 3088 τί
1183 3022 1305 3101 γὰρ
1352 3021 1519 3105 <οὐ>
1564 3024 1812 3100 μᾶλλον
1847 3058 1937 3069 -
1975 3021 2077 3106 ἕο]
2126 3020 2273 3087 ‘Gur
2316 3047 2436 3088 non
2483 3022 2555 3088 εὖ
2602 3029 2802 3106 potius
2845 3048 3078 3106 compo·

465 3121 646 3179 situm
702 3120 795 3178 est
847 3118 943 3178 vel
999 3113 1072 3178 ἕο
1130 3110 1340 3197 (quam
1387 3108 1447 3197 ἕ)
1461 3109 1515 3173 ¹?’
1619 3115 1750 3177 Hoc
1795 3115 1867 3176 de
1914 3115 2267 3177 Herodoteis
2314 3117 2520 3177 formis
2566 3120 2842 3178 statuunt
2884 3137 3082 3179 recen-

464 3210 646 3270 tiores
691 3208 1093 3287 grammatici,
1140 3207 1212 3267 de
1257 3205 1603 3285 vulgaribus
1648 3225 1768 3266 non
1814 3208 2116 3281 statuunt3
2176 3207 2248 3266 cf.
2299 3205 2528 3267 Gustav
2571 3207 2801 3285 Meyer,
2848 3207 3079 3270 Griech.

465 3288 866 3360 Grammatik²
912 3298 1237 3358 398-99.

640 3389 723 3447 In
772 3389 839 3447 id
889 3389 1220 3461 inquirunt,
1275 3390 1475 3445 uorum
1527 3402 1751 3460 semper
1805 3380 2094 3446 ἑαυτοῦ
2150 3403 2193 3444 e.
2231 3403 2283 3460 q.
2320 3403 2386 3455 s.‚
2433 3404 2517 3446 an
2568 3403 2793 3462 semper
2848 3383 3085 3449 αὑτοῦ

460 3480 830 3539 scribendum
871 3480 979 3548 εἰη
1022 3477 1124 3536 sed
1166 3479 1415 3550 utraque
1457 3476 1653 3548 forma
1700 3475 1836 3535 bene
1879 3475 2063 3535 habet.
2118 3508 2192 3517 —
2250 3476 2433 3536 Dicat
2473 3477 2723 3549 fortasse
2768 3480 3082 3553 quispiam,

463 3569 811 3643 bisyllabum
863 3567 1139 3627 abnome
1193 3582 1337 3634 esse,
1403 3567 1544 3639 quia
1589 3566 1777 3624 onmis
1819 3581 1933 3625 vox
1985 3566 2298 3640 composita
2332 3569 2568 3641 partem
2612 3584 2817 3627 samm
2861 3586 3079 3637 vocum,

463 3658 1266 3734 exquibuscompositaest,
1311 3658 1509 3715 servet.
1581 3653 1698 3714 Sed
1740 3657 1888 3715 satis
1933 3652 3084 3732 estaspirabioadmenwffamgpro-

461 3749 716 3809 nominis
778 3748 1145 3807 servandam.
1241 3746 1402 3822 Quae
1454 3746 1740 3820 aspiratio
1792 3746 1927 3817 fieri
1982 3761 2102 3804 non
2136 3748 2327 3820 potest
2368 3750 2435 3805 ut
2478 3746 2795 3815 abiciatur,
2860 3765 3004 3805 nam
3048 3745 3083 3806 ἒ

460 3855 580 3898 non
623 3839 944 3899 detractum
990 3840 1100 3905 est,
1147 3837 1249 3896 sed
1294 3835 1450 3895 crasi
1494 3835 1833 3894 admixtum.
1944 3834 2155 3909 Itaqm
2197 3839 2265 3895 ut
2308 3831 2631 3896 (ἑαυτόν
2679 3839 2731 3895 et
2774 3831 3081 3909 ἑαυτόν,

459 3931 547 3988 ita
591 3922 870 3989 (αυτόν
917 3931 969 3985 et
1014 3921 1250 3986 αὑτόν
1290 3927 1557 3998 yeminae
1598 3924 1826 3997 somnae
1868 3928 2009 3984 sunt
2057 3926 2156 3999 77,
2180 3924 2586 4001 28-78,13.

643 4019 678 4076 7
688 4019 745 4093 7,
767 4017 849 4077 28
900 4011 1167 4077 Κάκεῖνο
1212 4035 1332 4075 non
1379 4016 1469 4073 est
1513 4013 1895 4089 mutandum3
1949 4016 2019 4073 ut
2064 4013 2224 4091 apud
2271 4015 2420 4076 alios
2467 4014 2783 4092 scriptores
2861 4015 3077 4092 Phryn.

466 4110 584 4168 281
638 4126 772 4167 cum
819 4105 1018 4167 adnot.
1056 4097 1249 4186 Lob.)‚
1293 4107 1383 4165 ita
1428 4103 1586 4181 apud
1633 4102 1746 4180 Ap.
1795 4098 2085 4179 ἐφίςτημι
2134 4096 2234 4186 (cf.
2285 4096 2624 4185 ἐπίεταειε)
2673 4107 2764 4164 est
2813 4109 2844 4165 1
2930 4098 3079 4165 ‘ani-

459 4218 622 4258 mum
670 4189 959 4270 adverto',
1005 4189 1267 4273 ‘inquiro
1311 4196 1376 4254 in
1416 4187 1595 4269 rem’3
1641 4213 1820 4270 quam
1865 4194 2169 4255 notionem
2205 4193 2308 4253 ubi
2343 4193 2556 4268 induit,
2605 4196 2666 4254 et
2701 4212 2835 4254 cum
2873 4194 3078 4256 dativo

461 4291 522 4348 et
583 4305 718 4347 cum
783 4286 1123 4346 accusativo
1137 4331 1153 4360 ,
1227 4286 1480 4343 maxime
1545 4284 1813 4342 neutrius
1878 4286 2110 4360 generis
2173 4286 2591 4360 pronominum
2605 4329 2621 4358 ,
2687 4286 3079 4345 construitur:

461 4380 614 4454 synt.
669 4377 770 4451 13,
794 4379 868 4435 11
933 4371 1156 4454 ἐκείνῳ
1203 4390 1295 4434 τι(
1342 4369 1677 4447 ἐπιετήεει,
1726 4367 1800 4431 τί.
1894 4372 1971 4431 11).
2026 4374 2170 4448 103,
2194 4376 2269 4432 11
2326 4367 2549 4453 ἐκείνῳ
2608 4389 2702 4433 τι(
2750 4369 3077 4449 ἑπιετήεει,

462 4462 650 4526 ἕνεκα
695 4461 886 4526 τίνος.
951 4484 1116 4541 pron.
1157 4464 1261 4538 45,
1283 4465 1321 4522 8
1372 4459 1491 4538 χρὴ
1539 4456 1660 4522 οὖν
1706 4455 2090 4536 ἐφιετάνταε
2134 4462 2212 4541 τῇ
2259 4457 2539 4538 διαβάεει
2571 4508 2583 4522 .
2615 4509 2655 4535 .,
2703 4459 3076 4538 πότερον..

459 4552 516 4629 ἤ.
574 4555 706 4616 adv.
741 4555 885 4629 195,
908 4555 945 4613 3
987 4549 1266 4629 ἐφίετων
1302 4553 1397 4632 τῷ
1436 4542 1712 4634 (versus).
1761 4554 1916 4628 synt.
1949 4553 2050 4626 90,
2074 4553 2156 4611 24
2195 4546 2568 4613 ἑπιετατέον
2606 4548 2682 4613 τὸ
2722 4544 2875 4634 (ΑΒ,
2914 4554 3073 4632 vulg.

459 4636 580 4726 τῷ)
620 4692 633 4704 .
673 4691 686 4705 .
725 4640 1007 4720 πότερον
1046 4690 1058 4704 .
1098 4690 1111 4702 .
1148 4637 1206 4717 ἤ.
1279 4641 1358 4701 11).
1400 4642 1502 4718 94,
1523 4642 1562 4699 4
1602 4636 1761 4703 καθὸ
1800 4635 1882 4700 ἄν
1919 4658 2012 4701 τι(
2049 4636 2305 4702 κάκεῖνο
2344 4634 2528 4723 (libri,
2574 4642 2735 4721 vulg.
2774 4635 3074 4724 κάκείνῳ)

461 4731 820 4810 ἐπιετήεειε.
911 4733 990 4793 11).
1043 4735 1186 4807 190,
1208 4733 1246 4791 8
1296 4728 1416 4806 χρὴ
1465 4727 1681 4808 μέντοι
1728 4725 1983 4791 κάκεῖνο
2033 4724 2215 4813 (111)ι·1,
2262 4732 2419 4810 vulg.
2470 4723 2767 4812 κάκείνῳ)
2827 4728 3074 4806 ἐπιετῆ-

461 4840 576 4896 (αι,
623 4820 701 4885 δι’
747 4820 828 4897 ἣν
884 4818 1108 4883 αἰτίαν.
1201 4821 1278 4881 11).
1332 4822 1535 4895 169,9
1595 4816 1650 4882 εἰ
1705 4815 1995 4895 τάκριβές
2054 4837 2147 4880 τι(
2205 4816 2605 4895 ἑπιετήεειεν.
2683 4820 2814 4882 adv.
2870 4823 3072 4897 137,7

461 4908 514 4974 εἰ
561 4910 634 4974 δέ
679 4929 773 4973 τι(
818 4909 894 4973 τὸ
942 4907 1193 4987 ἀκριβὲς
1241 4904 1431 4993 (κατὰ
1467 4907 1543 4971 τὸ
1582 4905 1638 4970 ἀ.
1677 4910 1714 4969 1)
1762 4911 1822 4968 in
1871 4929 1992 4969 var.
2036 4902 2199 4992 lect.)
2249 4906 2592 4986 ἐπιετήεειε
2630 4958 2643 4969 .
2683 4958 2696 4971 .
2754 4907 2834 4971 ἂν
2882 4906 3074 4987 εὕροι.

459 5004 661 5065 Etiam
706 5022 836 5063 cum
886 4997 1049 5076 ὑπέρ
1096 5000 1533 5080 praepositione
1580 5001 1961 5078 coniungitur
2004 5020 2170 5079 pron.
2213 5000 2315 5077 38,
2338 5002 2373 5059 7
2425 4995 2584 5062 ὅταν
2632 4995 3076 5077 ἑφιετάνωμεν
