3738 5530
558 353 684 418 258
1513 354 1692 409 ΠΕΡΙ
1728 353 2209 409 ernastum«.

637 471 644 477 ’
975 477 982 482 ’
1658 479 1702 515 p.
1728 469 1818 517 526,
1839 469 1872 508 5
1897 489 1942 497 -
1974 469 2025 508 25
2054 469 2081 507 b

566 560 917 641 ςυνδέςμου
964 561 1070 625 ἐπὶ
1111 562 1340 625 τέλους
1384 561 1540 640 ἰ’ςχει
1585 564 1701 628 τὸν
1746 565 1983 629 δέοντα
2026 565 2224 630 τόνον
2268 568 2386 628 τοῦ
2418 564 2786 644 ςυνδέςμου.
2838 564 2938 630 καὶ
2974 564 3163 630 ἕνεκά
3229 581 3237 588 ·

565 683 639 739 γε
681 666 800 727 τοῦ
845 661 1148 728 τοιούτου
1206 665 1616 742 ςημειώςαιτο
1674 664 1754 731 ἄν
1800 685 1893 730 τις
1944 667 2061 745 τὴν
2123 665 2226 729 ἐπὶ
2268 666 2497 731 τέλους
2557 670 2839 747 βαρεῖαν.
2913 668 2994 731 τὰ
3037 666 3162 745 γὰρ

572 764 730 843 μέρη
775 768 893 830 τοῦ
941 766 1167 841 λόγου,
1221 765 1448 831 ἐάν-τε
1505 769 1694 844 δηλοῖ
1735 765 1851 833 ἐάν
1895 788 1964 832 τε
2008 768 2111 832 καὶ
2163 767 2476 852 παρέλκῃ,
2532 773 2648 833 τοῦ
2705 768 2906 832 αὐτοῦ
2938 767 3161 852 ,τόνου

572 865 697 931 ἑςτὶ
741 867 1186 945 παραςτατικά.
1260 866 1440 948 εἴπερ
1486 867 1605 933 οὖν
1650 869 2032 947 παρέλκεται
2087 867 2125 932 6
2171 869 2292 934 οὖν
2337 869 2681 949 ςύνδεςμος
2724 869 2881 949 μετὰ
2925 872 3034 947 τῆς
3081 867 3159 933 οὔ
3215 889 3264 928 ιο

496 981 529 1028 5
566 967 958 1049 ἀποφάςεως
1033 970 1742 1052 παραλαμβανόμενος,
1825 971 1906 1036 οὐ
1981 972 2260 1036 δεόντως
2334 973 2450 1037 τὸν
2521 973 2720 1037 τόνον
2796 970 3161 1050 μετατίθηςι.

562 1071 762 1155 ταύτῃ
806 1076 969 1147 γοῦν
1015 1072 1115 1136 καὶ
1158 1073 1198 1150 ἡ
1244 1074 1327 1152 μή
1374 1071 1815 1151 ἀπαγόρευςις,
1863 1073 2413 1156 <ςυν>ταττομένη
2458 1080 2550 1158 τῷ
2582 1072 2701 1139 οὖν
2738 1075 2842 1137 καὶ
2882 1075 3164 1150 δηλοῦςα

491 1241 502 1250 ‚
563 1173 1025 1255 ἀπαγόρευςιν,
1072 1173 1265 1239 οὐδὲν
1314 1167 1832 1241 ἐξαλλάςςείτοῦ
1877 1177 2097 1242 τόνου.
2173 1177 2385 1256 φαμὲν
2430 1175 2554 1254 γὰρ
2599 1174 2828 1251 οὕτως,
2875 1176 2969 1254 μὴ
3015 1173 3160 1239 οὖν

557 1276 981 1356 παρὲςται;
1037 1276 1255 1341 καὶέν
1300 1277 1671 1361 προςτάξει,
1730 1279 1821 1356 μὴ
1869 1277 2014 1343 οὖν
2068 1278 2366 1359 γράφε,
2421 1279 2513 1357 μὴ
2561 1276 2703 1341 οὖν
2748 1276 3156 1352 διαλέγου.
3216 1294 3265 1332 1⁵
3356 1315 3369 1323 -

562 1377 664 1440 καὶ
705 1376 782 1441 τὸ
826 1378 1365 1443 τοιοῦτον-πάλιν
1409 1380 1574 1456 πρός
1617 1400 1816 1444 τινων
1878 1379 2237 1458 βαρύνεται.
2311 1381 2512 1457 δῆλον
2571 1380 2642 1442 δὲ
2699 1377 2789 1441 ὡς
2834 1377 2921 1442 εἰς
2963 1377 3158 1441 ταύτὸ

463 1501 528 1548 ιο
565 1480 994 1557 περιςτήςεται
1050 1480 1129 1544 τὰ
1184 1479 1382 1562 <τοῦ>
1438 1482 1656 1546 τόνου.
1736 1481 1969 1560 ῥητέον
2030 1481 2151 1546 οὖν
2209 1482 2298 1547 ὡς
2355 1480 2719 1559 παράλογοι
2764 1478 2827 1543 αἱ
2876 1483 3159 1544 τοιαῦται

561 1582 914 1661 προφοραί.
991 1583 1194 1646 διςςὸς
1240 1582 1362 1647 οὖν
1409 1582 1573 1647 ἐςτιν
1619 1581 1657 1646 6
1704 1581 1853 1658 οὖν,
1912 1585 2396 1664 περιςπώμενος
2448 1584 2563 1662 μὲν
2609 1582 2680 1646 ἐν
2727 1584 3159 1663 ςυλλογιςτικῇ

562 1682 847 1767 ἐκφορᾷ,
893 1682 1283 1763 ὀξυνόμενος
1328 1687 1400 1749 δὲ
1446 1684 1553 1749 ὅτε
1599 1685 1726 1749 ἑςτὶ
1767 1685 2464 1768 παραπληρωματικός,
2521 1685 2625 1748 καὶ
2667 1685 2869 1760 δῆλον
2915 1681 3011 1746 ὅτι
3056 1682 3159 1745 καὶ
3208 1701 3263 1738 20

558 1788 693 1849 τῶν
761 1785 1160 1869 ἐγκλιτικῶν,
1226 1784 1335 1851 ἵνα
1391 1785 1491 1851 καὶ
1546 1784 1584 1849 6
1642 1787 1834 1852 τόνος
1889 1791 2001 1865 τῆς
2057 1785 2468 1868 ἀποφάςεως.
2545 1787 2649 1851 καὶ
2702 1785 2807 1850 ἐπὶ
2860 1788 2977 1850 τοῦ
3034 1786 3160 1862 ἂρ’ὅι

563 1887 948 1970 ςυνδέςμου,
1018 1886 1472 1969 ὁμοιογράφου
1526 1892 1948 1966 καθεςτῶτος,
2014 1890 2091 1954 τὸ
2159 1890 2371 1955 διςςόν
2429 1887 2677 1970 <ἔςτιν>
2744 1886 3161 1952 ἀναδέξαςθαι

471 2001 535 2049 15
570 1993 687 2053 τοῦ
718 1991 934 2055 τόνου.
995 1989 1103 2054 ὅτε
1147 1989 1270 2069 γάρ
1316 1990 1479 2056 ἐςτιν
1527 1990 2002 2069 ἀπορηματικός
2045 1991 2085 2069 ἢ
2130 1991 2275 2055 κατ’
2319 1991 2621 2069 ἐρώτηςιν
2662 1986 3158 2068 παραλαμβανό-

567 2112 780 2174 μενος,
826 2092 972 2155 τότε
1018 2092 1120 2156 καὶ
1166 2092 1236 2157 ἐν
1282 2091 1524 2157 ἐκτάςει
1569 2092 1693 2157 ἐςτὶ
1737 2094 1813 2157 τὸ
1857 2097 1932 2156 ἃ·
1977 2093 2085 2158 ὅτε
2128 2091 2347 2173 μέντοι
2390 2091 2847 2171 ἐπιφορητικὸς
2883 2089 2922 2167 ἢ
2953 2107 3157 2166 παρα·
3211 2105 3263 2144 25

558 2193 1082 2276 πληρωματικός,
1129 2194 1328 2274 βραχὺ
1377 2192 1509 2272 ἔχει
1550 2195 1627 2259 τὸ
1673 2197 1734 2258 ἃ.
3226 2199 3232 2204 ’

696 2377 915 2432 Anovu.
988 2383 1019 2431 8
1065 2379 1250 2446 Atque
1296 2394 1368 2432 ne
1414 2378 1540 2446 quis
1577 2377 1828 2434 offendat
1861 2379 1920 2432 in
1957 2379 2200 2438 accentu,
2241 2379 2345 2433 οὖν
2383 2376 2695 2447 particulae
2733 2375 2789 2429 in
2829 2378 3038 2431 οὔκουν
3073 2390 3159 2428 re-

549 2462 771 2521 tracto:
838 2463 1152 2515 statuamus
1207 2462 1347 2515 duas
1402 2478 1521 2517 esse
1580 2464 1708 2530 οὖν,
1776 2464 2017 2518 alteram
2072 2462 2426 2517 collectivam
2483 2460 2837 2516 circumflexo
2890 2461 3161 2524 notatam,

568 2545 804 2599 alteram
844 2546 1189 2616 expletivam
1228 2562 1468 2615 eamque
1509 2548 1732 2602 acutam
1773 2547 1862 2602 vel
1901 2547 2072 2603 etiam
2111 2547 2449 2602 encliticam.
2514 2545 2604 2600 Ita.
2627 2547 2734 2614 ἄρα
2758 2543 3170 2613 interrogativa

567 2629 763 2685 differt
797 2631 867 2684 ab
905 2631 1011 2700 ἄρα
1050 2633 1354 2700 expletiva.

699 2803 894 2859 Discn.
941 2813 1143 2857 SCRIP'I‘.
1227 2810 1275 2861 6.
1324 2806 1506 2873 (cuv)
1563 2806 1629 2872 b,
1674 2821 1783 2859 om.
1830 2807 1874 2859 Α
1925 2803 2082 2857 nullo
2126 2802 2364 2858 lacunae
2410 2784 2619 2856 indicio
2684 2804 2694 2871 Ι
2759 2808 2839 2856 10.
2886 2802 3074 2869 (roo)
3109 2798 3163 2861 b,

562 2905 674 2947 om.
702 2890 744 2943 Α
770 2888 926 2941 nullo
952 2888 1189 2943 lacunae
1215 2888 1422 2943 indicio
1474 2892 1484 2955 Ι
1539 2895 1619 2948 15.
1658 2896 1766 2956 (ῖρᾶ
1795 2888 2172 2954 RSchneider,
2208 2889 2316 2956 ἄρα
2350 2887 2387 2941 b
2438 2889 2449 2955 Ι
2500 2894 2578 2941 14.
2608 2888 2840 2955 (ἐςτιν)
2866 2886 2931 2953 b,
2972 2900 3080 2940 om.
3117 2888 3160 2938 Α

547 2972 716 3029 ‚nullo
751 2972 987 3027 lacunae
1025 2971 1236 3026 indicio
1265 2976 1275 3041 Ι
1309 2980 1388 3031 13.
1427 2990 1883 3042 απορρηματικος
1924 2976 1966 3027 Α
2022 2976 2032 3039 Ι
2088 2979 2165 3032 17.
2200 2973 2537 3040 subscriptio
2571 2971 2712 3025 haec
2749 2971 2834 3024 est
2866 2968 2923 3022 in
2971 2967 3162 3022 codice

558 3057 631 3111 ab
668 3058 735 3110 Αι
772 3057 968 3111 addita
1004 3058 1470 3114 ΑΠΟΛΛΩΝΙΟΥ
1506 3058 1666 3115 ΠΕΡΙ
1705 3057 2163 3113 (ΥΝΔΕΕΜωΝ

1633 3336 2087 3343 ——.-———————-——

1185 3591 1517 3664 ADDEN
1523 3590 1651 3663 DA
1705 3590 1833 3662 ET
1890 3589 2374 3664 OORRIGEN
2380 3590 2526 3663 DA.

562 3756 616 3807 p.
659 3744 773 3807 181,
814 3746 876 3795 16
909 3758 1012 3812 pro
1050 3742 1315 3809 αἰτιακὴν
1353 3742 1552 3811 (etiam
1587 3741 1643 3794 in
1681 3727 1769 3795 ed.
1806 3740 2006 3810 Bekk.)
2046 3756 2149 3799 set.
2186 3741 2519 3810 αἰτιατικὴν.

561 3841 618 3892 p.
656 3830 771 3893 181,
809 3832 875 3880 27
911 3844 1014 3896 pro
1051 3830 1194 3883 καθὸ
1229 3845 1301 3882 κα
1337 3844 1440 3886 scr.
1478 3829 1619 3882 καθὸ
1655 3829 1765 3884 καὶ.

562 3926 616 3977 p.
656 3915 771 3977 185,
811 3918 874 3966 15
908 3913 1145 3969 uncinus
1181 3929 1291 3967 non
1326 3914 1457 3983 post
1491 3917 1603 3978 πῶ,
1643 3910 1742 3966 sed
1778 3912 2104 3993 post—affl&
2142 3911 2436 3981 ponendus
2471 3911 2559 3967 ist.
2848 3982 2912 3989 *-

561 4012 619 4063 p.
661 4002 778 4061 207,
815 4003 847 4052 8
883 3997 1116 4054 DISCR.
1145 3997 1414 4053 SCRIPT.
1452 3998 1583 4067 post
1617 3998 1705 4050 διὰ
1739 4001 1844 4051 τοῦ
1881 4004 1979 4052 θεν
2017 3996 2337 4051 addendum
2374 4012 2494 4049 esse
2519 3997 2653 4062 (καὶ
2687 4000 2792 4048 τοῦ
2845 3997 2939 4065 θι>
2974 3996 3165 4049 censet

561 4186 618 4237 p.
657 4174 774 4235 209,
812 4176 843 4223 6
881 4082 1419 4228 Ιξὲὃὸΐῆῃῗιὲἓὲψᾞ
1458 4184 1624 4221 corin:
1661 4184 1764 4237 pro
1801 4173 1943 4223 κεῖθι
1980 4165 2185 4221 conicit
2218 4168 2387 4222 ἐκεῖθι
2422 4164 2798 4219 RSchneider.
