3738 5530
793 405 1334 471 (PERSONALIVM
1368 406 1720 460 GENETIVI
1757 408 2213 475 SINGVLARIS)
2251 406 2688 462 REFLEXIVA.
2964 409 3044 474 67

704 610 857 677 Αἴας
900 612 957 676 δ’
1002 612 1269 687 ἐγγύθεν
1314 612 1509 691 ἦλθεν
1557 611 1634 694 (Ρ
1682 611 1859 695 128)·

454 710 616 775 ἄλλα
661 712 866 792 μυρία.
941 715 1041 778 διὸ
1087 716 1190 778 καὶ
1233 714 1335 778 ἐπὶ
1379 717 1492 792 τῆς
1524 715 1953 794 ,προκειμένης
1998 717 2230 780 λέξεως
2272 717 2311 794 ἡ
2343 717 2615 784 ἐξέταςις
2647 719 3042 795 προαγέςθω.

454 813 518 876 Εἰ
574 814 688 892 μὲν
744 812 863 879 οὖν
919 815 989 879 ἐν
1044 821 1136 897 τῷ
1193 815 1413 894 ἐμέθεν
1470 817 1572 880 καὶ
1627 816 1805 881 ςέθεν
1851 816 2121 892 ἔγκειται
2174 818 2250 883 τὸ
2297 817 2389 895 ἕξ,
2456 820 2738 897 καθάπερ
2784 818 2888 883 ἐπὶ
2930 824 3049 884 τοῦ

454 915 846 995 οὐρανόθεν,
904 918 1176 991 Διόθεν,
1238 917 1565 996 ὁμόλογον
1620 915 1717 980 ὅτι
1763 916 2004 997 ὁμοίως
2045 919 2298 984 τούτοις
2341 922 2748 1000 παραχθέντα
2791 921 3046 1000 ἐπιρρή-

286 1029 417 1081 85Α
453 1017 613 1097 ματά
669 1018 865 1082 ἐςτιν·
930 1018 984 1082 εἰ
1041 1019 1113 1081 δὲ
1168 1020 1280 1096 τὴν
1340 1019 1541 1097 αὐτήν
1594 1019 1887 1100 ςύνταξιν
1945 1019 2075 1099 ἔχει
2127 1028 2203 1103 τῇ
2248 1028 2495 1104 γενικῇ,
2562 1024 2761 1102 ςαφὲς
2806 1023 2903 1086 ὅτι
2947 1028 3047 1087 καὶ
3082 1035 3115 1083 5

450 1118 643 1183 ταύτὸ
701 1119 895 1198 μέρος
940 1119 1184 1195 λόγου·
1256 1118 1335 1184 οὐ
1393 1121 1517 1198 γὰρ
1584 1123 1838 1199 φωναῖς
1897 1123 2247 1201 μεμέριςται
2305 1125 2384 1188 τὰ
2436 1126 2554 1186 τοῦ
2610 1125 2812 1200 λόγου
2867 1125 3044 1207 μέρη,

451 1222 929 1300 ςημαινομένοις
985 1222 1077 1286 δέ.
1187 1228 1318 1288 τῶν
1384 1227 1658 1298 γενικῶν
1725 1224 1881 1300 μετὰ
1946 1227 2048 1289 καὶ
2113 1224 2331 1289 ἄλλων
2387 1225 2755 1305 προθέςεων
2822 1226 2861 1303 ἡ
2915 1226 3043 1305 πρό

450 1322 720 1399 ἡγεῖται,
767 1329 902 1388 τῶν
947 1325 1018 1387 δὲ
1050 1325 1120 1388 ἐκ
1149 1325 1358 1388 τόπου
1391 1320 1839 1404 ἐπῑρρημάτων
1872 1326 2216 1392 οὐδέποτε·
2265 1327 2346 1390 οὐ
2375 1328 2498 1404 γὰρ
2529 1328 2680 1405 πρὸ
2726 1327 3041 1392 οἰκόθεν

449 1425 596 1503 φηςί
639 1445 765 1506 τις,
821 1427 949 1504 πρὸ
998 1424 1180 1491 οἴκου
1227 1426 1329 1508 δέ,
1387 1425 1540 1490 οὐδὲ
1583 1427 1735 1505 πρὸ
1780 1427 2196 1508 Λεςβόθεν,
2255 1429 2383 1506 πρὸ
2427 1429 2667 1506 Λέςβου
2712 1429 2804 1492 δέ.
2892 1427 3043 1493 ὅθεν

449 1524 504 1589 εἰ
545 1516 621 1589 τὸ
1504 1584 1509 1589 .

1103 1628 1233 1706 πρὸ
1278 1629 1422 1694 ἕθεν
1471 1630 1543 1711 (Ε
1584 1628 1697 1708 96)

446 1727 562 1804 τὴν
618 1727 819 1806 αὐτὴν
877 1728 1168 1794 ςύνταξιν
1213 1728 1343 1808 ἔχει
1384 1736 1476 1813 τῷ
1532 1731 1659 1809 πρὸ
1705 1730 1941 1813 αὐτοῦ,
2000 1730 2366 1813 ἀντωνυμία
2421 1732 2747 1809 γενήςεται
2789 1732 2828 1809 ἡ
2876 1731 3042 1797 ἕθεν.

370 1839 415 1893 Β
450 1829 645 1894 ταύτὸ
691 1831 792 1895 καὶ
835 1830 940 1894 ἐπὶ
982 1835 1097 1895 τοῦ

700 1931 765 1996 ἐξ
809 1931 1032 2009 ἐμέθεν
1075 1931 1122 2015 (Ι
1167 1932 1342 2013 456).

442 2031 584 2097 ἴςον
626 2035 749 2112 γὰρ
793 2040 884 2118 τῷ
932 2034 995 2100 ἐξ
1040 2034 1213 2112 ἐμοῦ.
1314 2038 1526 2115 παρὸν
1583 2038 1654 2100 δὲ
1712 2036 1810 2099 καὶ
1853 2036 1967 2101 τὰς
2011 2037 2263 2112 γενικὰς
2308 2036 2906 2116 μεταλαμβάνοντας
2951 2036 3039 2101 εἰς

442 2136 555 2197 τὰς
600 2136 1023 2215 προκειμένας
1069 2135 1508 2213 ἀνεπίληπτον
1552 2139 1667 2214 τὴν
1713 2137 1947 2218 φράςιν
1994 2138 2402 2203 καθιςτάνειν.
2487 2139 2562 2203 τὸ
2609 2138 2666 2202 δ’

1307 2238 1372 2302 ἐξ
1417 2237 1774 2317 οὐρανόθεν
1820 2237 1902 2323 (Θ
1947 2238 2059 2322 21)

443 2337 783 2405 πλεονάζει
826 2344 919 2422 τῷ
965 2340 1067 2415 ἔξ,
1116 2338 1367 2403 ἐντελὲς
1412 2342 1628 2420 μέντοι
1672 2342 1748 2405 τὸ

1188 2441 1546 2520 οὐρανόθεν
1591 2441 1946 2521 προΐαλλεν
1994 2442 2073 2519 (Θ
2118 2439 2288 2524 365).

444 2539 607 2623 [Οὐχ
675 2540 847 2617 ὑγιὲς
915 2542 1125 2618 λέγειν
1183 2542 1279 2607 ὅτι
1339 2544 1448 2607 «τὰ
1502 2543 1899 2622 ἐπιρρήματα
1952 2542 2264 2620 πρόςωπα
2319 2542 2437 2605 οὐκ
2494 2542 2651 2621 ἔχει·
2718 2551 2858 2608 πῶς
2915 2543 3036 2609 οὖν

366 2649 407 2703 C
444 2641 697 2723 ἐμέθεν,
742 2642 954 2725 ςέθεν,
1000 2644 1203 2719 ἕθεν;»
1249 2646 1414 2723 πρὸς
1457 2645 1581 2724 γὰρ
1625 2648 1820 2709 τοῦτο
1867 2644 2051 2724 φήςει
2099 2663 2222 2725 τις,
2268 2643 2365 2707 ὅτι
2412 2645 2570 2707 κατὰ
2613 2645 2930 2722 πρόςωπα
2959 2646 3038 2709 τὰ

441 2742 834 2823 ἐπιρρήματα
877 2746 1237 2829 παρῆκται.]

608 2846 737 2938 Τὰς
781 2846 895 2925 μὲν
943 2845 1062 2912 οὖν
1120 2846 1319 2913 ἄλλας
1363 2853 1492 2913 τῶν
1537 2847 1825 2923 πλαγίων
1874 2849 2255 2928 ςυμβέβηκεν
2310 2847 2382 2912 ἐν
2437 2847 2765 2926 μεταβάςει
2810 2846 3035 2925 ἑτέρου

440 2948 797 3025 προςώπου
852 2950 1165 3030 νοεῖςθαι,
1222 2948 1352 3027 ἐμὲ
1410 2948 1917 3029 ἐπαίδευςας,
1984 2948 2384 3031 Διονυςίῳ
2449 2948 2865 3027 ἐλάληςας·
2932 2950 3036 3018 διὰ

441 3050 562 3127 γὰρ
617 3055 748 3114 τῶν
804 3047 1103 3128 ῥημάτων
1161 3049 1222 3112 αἱ
1277 3049 1541 3114 εὐθεῖαι·
1612 3049 1762 3114 Τὰς
1818 3051 1891 3113 δὲ
1947 3051 2378 3115 ςυνθέτους
2432 3052 2565 3114 τῶν
2612 3049 3034 3128 ἀντωνυμιῶν

440 3151 555 3229 τὴν
599 3151 934 3231 μετάβαςιν
978 3153 1286 3216 ποιεῖςθαι
1317 3148 1448 3214 ἀπὸ
1480 3154 1596 3215 τοῦ
1629 3150 1829 3214 αὐτοῦ
1858 3150 2211 3230 προςώπου
2244 3150 2330 3214 εἰς
2361 3151 2436 3214 τὸ
2473 3150 2631 3214 αὐτὸ
2663 3150 3033 3229 πρόςωπον,

264 3262 403 3315 86Δ
443 3251 782 3331 ἐμαυτὸν
829 3250 1141 3334 ἔπαιςα,
1190 3252 1497 3335 ἐμαυτῷ
1543 3251 1899 3329 ἐλάληςα.
1997 3249 2125 3335 (διὸ
2172 3253 2273 3315 καὶ
2317 3250 2881 3329 ἀντανακλώμεναι
2926 3270 3036 3315 κα-

441 3354 735 3434 λοῦνται,
793 3351 922 3416 ἀπὸ
969 3356 1335 3432 μεταφορᾶς
1378 3358 1509 3416 τῶν
1555 3352 1643 3416 εἰς
1687 3351 1848 3416 αὑτὰ
1894 3351 2489 3431 ἀντανακλωμένων
2533 3351 2871 3434 ςωμάτων)
2917 3353 3032 3430 τὴν

440 3453 656 3542 μέντοι
698 3455 954 3531 γενικὴν
998 3455 1101 3517 καὶ
1146 3455 1251 3518 ἐπὶ
1294 3453 1516 3532 ἕτερον
1561 3453 1915 3530 πρόςωπον
1962 3454 2326 3519 ςυντείνειν.
2403 3453 2473 3517 ἐν
2521 3451 2618 3516 οἷς.
2657 3454 2759 3517 καὶ
2789 3452 3031 3531 ἄρθρον

439 3553 583 3617 τότε
627 3553 1012 3633 ἐπιδέχεται,
1068 3558 1201 3619 τῶν
1245 3553 1463 3619 ἄλλων
1509 3554 1929 3632 ἀντωνυμιῶν
1974 3554 2215 3633 ἄρθρον
2261 3554 2340 3618 οὐ
2382 3557 3031 3635 προςλαμβανουςῶν,

440 3658 541 3736 τῷ
587 3653 929 3731 ἐμαυτοῦ
976 3655 1179 3738 φίλῳ
1210 3655 1719 3737 διελεξάμην,
1763 3659 1903 3719 τοῦ
1936 3656 2274 3730 ἐμαυτοῦ
2308 3656 2609 3720 δούλου
2655 3654 3029 3719 δεςπόῑω.

440 3755 539 3818 καὶ
586 3756 780 3835 ςαφὲς
824 3756 898 3819 τὸ
946 3755 1172 3821 αἴτιον.
1248 3756 1384 3819 ἐπεὶ
1428 3759 1551 3835 γὰρ
1596 3757 1762 3821 ἅπαξ
1792 3759 1963 3821 πᾶςα
1993 3758 2203 3836 γενικὴ
2236 3757 2340 3820 ἐπὶ
2369 3757 2628 3835 πρᾶγμά
2656 3777 2712 3818 τι
2747 3756 3030 3837 φέρεται,

358 3855 875 3920 ΒΠλάτωνος
930 3856 1252 3937 ἤκουςα,
1317 3858 1357 3935 ἢ
1415 3857 1522 3940 ἐπί,
1571 3878 1627 3922 τι
1685 3861 1915 3940 κτῆμα,
1980 3858 2408 3922 Πλάτωνος
2461 3859 2782 3938 δοῦλος,
2838 3857 3030 3936 ἐμοῦ

574 4040 792 4096 Anava.
876 4047 942 4094 25
982 4040 1061 4094 De
1107 4040 1429 4109 compositis
1475 4040 1589 4109 (vel
1636 4040 1956 4108 reflexivis).
2029 4040 2349 4109 Composita
2394 4040 2476 4092 issa
2520 4040 2847 4107 comparata
2881 4040 3028 4105 sunt,

439 4131 503 4176 ut
545 4123 694 4176 actio
740 4121 813 4176 ad
859 4124 1098 4178 eandem
1144 4140 1469 4193 personam,
1527 4125 1675 4179 unde
1720 4125 1980 4193 profecta
2024 4126 2133 4184 est.
2188 4123 2399 4181 redeat.
2473 4122 2780 4177 Genetivus
2839 4124 3030 4176 autem

438 4223 629 4262 eorum
668 4207 840 4267 etiam
879 4207 951 4260 ad
987 4208 1155 4262 aliam
1192 4225 1491 4276 personam
1526 4208 1689 4262 simul
1727 4208 2003 4277 pertinet,
2041 4207 2257 4261 seilicet
2290 4223 2618 4275 possessam.
2681 4206 2766 4259 Ad
2792 4222 2917 4260 eam
2944 4223 3028 4259 ar-

435 4291 644 4345 ticulus
689 4292 935 4358 accedit,
979 4308 1148 4361 quem
1195 4309 1365 4361 supra
1409 4291 1756 4346 ostendimus
1798 4307 1913 4346 non
1958 4292 2031 4345 ad
2065 4291 2393 4361 genetivum
2415 4333 2426 4354 ‚
2474 4291 2574 4345 sed
2621 4290 2693 4344 ad
2730 4306 3027 4359 personam

434 4392 745 4445 possessam
791 4377 1091 4444 pertinere.
1177 4376 1375 4445 Itaque
1420 4377 1593 4430 ceteri
1637 4392 1820 4440 casus,
1866 4376 1965 4443 qui
2008 4390 2298 4441 nunquam
2346 4392 2472 4429 cum
2507 4391 2567 4429 re
2604 4391 2860 4443 possessa
2895 4392 3024 4429 con-

432 4460 771 4530 iunguntur,
811 4461 1050 4515 articulo
1085 4476 1197 4514 non
1234 4460 1507 4528 indigent.

564 4629 762 4683 D1scn.
788 4648 1000 4682 somn.
1058 4631 1489 4708 43nupaxokvw
1516 4628 1572 4694 b,
1597 4629 2022 4695 παραδεχθεντα
2044 4629 2112 4693 Α,
2137 4629 2406 4696 punctum
2433 4626 2642 4681 adiecit
2664 4627 2728 4679 ΑΙ
2756 4628 2762 4694 Ι
2785 4632 2833 4680 9.
2856 4643 3025 4694 φηςιν

429 4715 476 4768 Α
507 4715 629 4780 sle.
663 4730 735 4768 το
772 4715 823 4766 δ’
858 4715 934 4778 Α,
967 4716 1037 4768 τὸ
1071 4715 1132 4768 δὲ
1169 4715 1204 4767 b
1236 4715 1246 4783 Ι
1277 4719 1494 4767 20-22.
1533 4713 1672 4766 haee
1707 4711 1864 4764 delet
1897 4709 2257 4765 RSchneider
2286 4714 2295 4779 Ι
2325 4719 2405 4766 20.
2441 4729 2507 4765 ου
2543 4727 2691 4775 υγιες
2717 4712 2761 4766 Α
2794 4714 2803 4774 Ι
2835 4716 2917 4764 23.
2942 4710 3024 4763 in-

428 4797 663 4868 scriptio
701 4814 831 4865 περι
866 4814 970 4866 της
1008 4813 1250 4863 εμαυτου
1285 4795 1514 4850 maiuso.
1556 4799 1598 4851 Α
1630 4798 1639 4864 Ι
1669 4802 1753 4849 27.
1792 4796 1994 4849 ἐπαιςα
2029 4796 2084 4862 b,
2123 4812 2295 4850 επεςα
2327 4798 2369 4850 Α
2402 4797 2411 4863 Ι
2442 4796 2685 4862 ἐλάληςα
2719 4794 2787 4862 b,
2826 4797 3026 4860 ελαλη-

344 4951 357 4960 β
424 4900 522 4939 cac
545 4884 619 4948 Α,
658 4882 763 4936 sed
799 4881 983 4934 altera
1016 4898 1044 4935 ς
1080 4881 1271 4935 deleta
1302 4883 1420 4949 128.
1458 4882 1574 4935 ἀπὸ
1613 4879 1964 4947 μεταφορᾶς]
2003 4879 2100 4933 fol.
2143 4886 2235 4932 169
2265 4896 2312 4935 v.

2553 4968 2623 5016 5*

3084 1539 3144 1587 10

3077 2045 3142 2092 15

3072 2550 3141 2598 20

3071 3056 3137 3103 25

3070 3561 3135 3606 30
