3738 5530
665 297 1104 355 Commentarius
1133 297 1358 354 criticus
1387 299 1446 353 et
1472 298 1793 370 exegeticus
1820 298 1882 353 in
1908 297 2197 369 Apollonii
2224 296 2452 368 Dyscoli
2481 299 2691 370 scripta
2718 300 2949 356 minora.
3040 301 3126 366 39

509 470 1007 545 pronuntiantur;
1070 469 1352 538 secunda,
1408 486 1540 527 cum
1593 485 1664 529 ea
1705 486 1967 543 persona
2025 470 2401 543 compellam
2444 469 2516 529 de
2559 487 2678 544 qua
2712 471 3130 543 praedicatur,-

521 578 652 619 cum
683 559 1070 633 praedicatur
1114 560 1185 618 de
1218 575 1480 632 persona
1523 575 1674 632 quae
1715 575 1901 632 neque
1945 559 2245 633 compellat
2285 575 2470 632 neque
2512 560 2914 632 omnpellatur,
2963 563 3132 621 tertia

526 650 626 724 18,
649 650 925 708 19-22.
1032 645 1119 707 Cf.
1176 649 1332 724 synt.
1384 647 1591 723 254‚4
1658 642 1783 708 ἔςτι
1847 643 1971 723 γὰρ
2035 647 2299 722 πρῶτον
2360 643 2766 726 (πρόςωπον)
2831 644 2908 709 τὸ
2965 645 3127 725 ὑπὲρ

521 734 756 799 ἑαυτοῦ
820 731 1369 814 ἀποφαινόμενον,
1436 731 1740 812 δεύτερον
1803 734 1877 797 δὲ
1936 732 2100 813 πρὸς
2154 733 2193 798 ὃ
2245 731 2287 811 ἡ
2334 730 2638 799 ἀπόταςις
2701 732 2862 814 ὑπὲρ
2925 734 3126 800 αὐτοῦ

520 826 638 888 τοῦ
683 822 1298 902 προςφωνουμένου.
1389 825 1466 885 ib.
1515 828 1616 901 13,
1639 828 1718 886 19
1772 821 1853 886 τὰ
1909 819 2199 901 ὀνόματα
2252 822 2485 901 τρίτων
2540 823 2907 900 προςώπων
2965 823 3130 889 ἐςτὶν
3240 863 3246 868 -

521 911 965 992 ἀποφαντικά,
1031 912 1191 976 καθὸ
1247 910 1320 975 αἱ
1366 909 1475 975 ἀπ’
1532 911 1747 976 αὐτῶν
1803 911 2002 976 θέςεις
2066 911 2393 990 γινόμεναι
2451 910 2603 976 οὔτε
2660 911 2729 976 ἐκ
2787 915 2904 977 τοῦ
2966 911 3128 978 ἀπο-

520 1001 919 1082 φαινομένου
982 1001 1333 1080 προςώπου
1390 999 1567 1076 εἰςίν,
1633 998 1794 1079 ὅπερ
1852 1000 2019 1065 ἑςτὶν
2076 998 2245 1065 ἴδιον
2299 1001 2563 1079 πρώτου
2617 1002 2993 1080 προςώπου·
3049 1003 3128 1068 οὐ

520 1091 643 1170 γὰρ
698 1091 777 1169 δή
835 1110 909 1167 γε
965 1090 1219 1156 ἑαυτοῖς
1264 1089 1540 1155 τίθενται
1587 1089 1650 1154 οἱ
1694 1093 1920 1155 παῖδες
1965 1090 2047 1154 τὰ
2092 1089 2406 1168 ὀνόματα,
2469 1088 2620 1155 οὔτε
2674 1091 2838 1170 πρὸς
2893 1092 3130 1158 αὐτοὺς

522 1179 1040 1260 ἀποφαινόμενοι
1085 1179 1200 1244 τὰς
1246 1177 1589 1257 ὀνομαςίας
1630 1179 2004 1259 ποιούμεθα,
2052 1177 2214 1258 ὅπερ
2255 1178 2381 1243 ἐςτὶ
2419 1181 2723 1259 δευτέρου
2761 1181 3129 1260 προςώπου.

519 1274 600 1333 ib.
643 1275 787 1347 113,
811 1275 922 1348 2ος
979 1293 1144 1351 pron.
1196 1274 1298 1348 52,
1321 1275 1432 1348 2ος
1487 1272 1664 1333 schol.
1702 1271 1812 1331 AG
1850 1274 2056 1347 888‚9
2099 1298 2183 1320 ==
2226 1274 2605 1349 248‚6—11
2656 1272 2819 1353 Hilg.
2866 1272 3130 1350 πρῶτον

518 1359 593 1424 δέ
649 1359 774 1423 ἐςτι
827 1359 1177 1438 πρόςωπον
1233 1358 1309 1422 τὸ
1366 1357 1527 1437 ὑπὲρ
1574 1358 1809 1424 ἑαυτοῦ
1866 1356 2399 1437 ἀποφαινόμενον
2445 1359 2484 1436 ἢ
2533 1359 2737 1437 μόνου
2782 1360 2821 1437 ἢ
2869 1360 2973 1423 καὶ
3018 1361 3130 1425 ςὺν

521 1447 742 1516 ἄλλοις
780 1499 793 1512 .
833 1499 847 1513 .
885 1448 1190 1526 δεύτερόν
1256 1446 1381 1512 ἐςτι
1441 1448 1605 1527 πρὸς
1664 1447 1743 1511 ὃν
1797 1447 1836 1525 ἡ
1896 1446 2200 1513 ἀπόταςις
2257 1447 2420 1527 ὑπὲρ
2477 1447 2678 1513 αὐτοῦ
2732 1449 2771 1526 ἢ
2830 1450 3033 1527 μόνου
3089 1450 3128 1527 ἢ

519 1537 622 1602 καὶ
668 1538 779 1602 ςὺν
828 1535 1048 1603 ἄλλοις
1086 1587 1099 1601 .
1139 1588 1152 1601 .
1192 1537 1407 1615 τρίτον
1463 1535 1629 1601 ἐςτὶν
1673 1537 1713 1601 ὃ
1761 1536 1916 1616 μήτε
1971 1536 2133 1615 ὑπὲρ
2195 1536 2431 1602 ἑαυτοῦ
2488 1535 2919 1617 ἀποφαίνεται
2976 1538 3130 1616 μήτε

521 1627 684 1706 πρὸς
740 1627 819 1691 ὃν
873 1627 912 1691 ὁ
959 1627 1157 1702 λόγος
1204 1626 1384 1691 ἐςτίν.
1473 1630 1549 1689 ib.
1602 1630 1887 1706 917,18;
1937 1631 2140 1706 918,6
2182 1656 2266 1678 =
2308 1631 2650 1704 83,5—1o
2696 1631 2856 1710 Hilg.
2948 1631 3127 1691 Prisc.

516 1719 668 1779 VIII
709 1722 831 1780 101
872 1741 930 1799 p.
971 1722 1119 1795 448,
1142 1722 1220 1780 11
1272 1714 1451 1780 ‘Sunt
1493 1721 1683 1798 igitur
1724 1738 2012 1796 personae
2047 1718 2361 1779 verborum
2406 1722 2542 1779 tres.
2610 1721 2806 1797 prima
2851 1723 2942 1781 est
2978 1739 3130 1798 quae

520 1809 593 1869 de
649 1829 711 1870 se
765 1810 1032 1885 loquitur
1093 1810 1188 1870 vel
1243 1810 1372 1869 sola
1425 1809 1520 1869 vel
1583 1828 1717 1869 eum
1771 1809 1907 1868 aliis
1946 1854 1958 1868 .
2000 1855 2012 1867 .
2051 1808 2307 1894 secunda
2371 1808 2447 1867 ad
2503 1828 2683 1885 quam
2737 1810 3004 1886 loquitur
3058 1811 3129 1870 de

516 1898 652 1976 ipsa
705 1899 798 1958 vel
845 1898 973 1959 sola
1018 1899 1112 1958 vel
1157 1916 1293 1957 cum
1338 1898 1472 1958 aliis
1512 1945 1522 1955 .
1566 1944 1578 1956 .
1614 1900 1825 1974 tertia,
1885 1898 1957 1957 de
2014 1918 2130 1974 qua
2191 1900 2357 1957 extra
2402 1917 2464 1958 se
2510 1901 2572 1957 et
2614 1898 2784 1957 illam
2829 1898 2905 1958 ad
2952 1918 3130 1975 quam

519 1987 729 2066 dirigit
782 2007 1142 2063 sermonem,
1203 1990 1401 2065 posita
1464 1987 1733 2064 loquitur
1793 1982 2029 2064 prima.’
2122 1986 2428 2057 Quomodo
2490 2006 2776 2065 personae
2832 1991 2975 2048 ante'
3015 1988 3129 2066 Ap.

520 2076 797 2137 definitae
851 2079 999 2152 sint,
1063 2076 1344 2137 discimus
1390 2096 1423 2137 e
1466 2076 1662 2136 DThr.
1713 2077 1905 2153 51‚4,
1952 2096 2128 2153 quem
2182 2077 2498 2154 impugnat
2542 2076 2654 2154 Ap.
2705 2080 2766 2137 et
2800 2078 2855 2136 h.
2887 2078 2923 2136 l.
2963 2080 3024 2137 et
3066 2080 3130 2138 in

520 2168 603 2226 eis
649 2186 802 2243 quae
847 2169 1196 2243 sequuntur,
1238 2167 1312 2225 cf.
1359 2165 1546 2245 Uhlig
1589 2166 1666 2225 ad
1710 2165 1747 2225 l.
1779 2185 1822 2226 s.
1853 2185 1898 2226 s.
1949 2165 2072 2225 ska
2097 2165 2185 2225 VI
2226 2167 2502 2226 18—19.

708 2257 808 2331 18,
832 2258 915 2316 20
972 2254 1127 2315 Skae
1191 2254 1659 2315 emendationem
1715 2249 1773 2338 (I
1811 2246 1880 2336 8)
1926 2256 2277 2333 recepimus,
2340 2274 2701 2332 quamquem
2763 2257 2891 2333 ipse
2954 2256 3130 2315 dixit:

520 2338 648 2404 ‘sed
693 2346 944 2406 fortasse
993 2345 1126 2404 aliis
1162 2345 1418 2404 Bekkeri
1464 2345 1798 2405 emendatio
1832 2344 2220 2423 praeferenda
2256 2343 2556 2408 videbitur
2594 2391 2605 2403 .
2647 2391 2658 2402 .
2700 2364 2852 2421 quae
2891 2346 3131 2422 quidem

518 2434 754 2512 longius
812 2454 849 2494 a
906 2434 1031 2495 cod.
1087 2435 1338 2495 lectione
1389 2434 1638 2510 recedit,
1702 2434 1803 2494 sed
1858 2435 2051 2513 magis
2106 2453 2240 2494 cum
2286 2434 2591 2495 Prisciano
2639 2437 2962 2511 consentit,
3027 2437 3127 2512 qui

521 2542 629 2583 sua
674 2543 736 2584 se
782 2523 857 2583 ab
904 2524 1224 2601 Apollonio
1271 2523 1702 2601 deprompsisse
1749 2517 1936 2583 dicit'.

705 2614 806 2688 18,
829 2616 1087 2673 21—22
1155 2613 1275 2673 Ska
1318 2613 1350 2672 I
1391 2615 1428 2672 8
1495 2607 1683 2682 ‘Quae
1746 2615 2075 2690 sequuntur
2139 2612 2297 2689 apud
2342 2612 2456 2691 Ap.
2516 2614 2667 2672 miro
2734 2631 2873 2673 sane
2933 2613 3129 2688 modo,

523 2701 625 2762 sed
689 2722 850 2764 more
913 2721 1155 2781 prorsus
1210 2702 1610 2780 Apolloniano
1673 2701 1835 2763 diota
1899 2705 2062 2762 sunt:
2128 2702 2270 2779 quid
2334 2702 2491 2761 enim
2554 2703 2636 2762 sit
2698 2697 2769 2762 ἐν
2832 2702 2909 2782 τῇ
2975 2699 3130 2777 μήτε

520 2789 991 2874 προςφωνούςῃ
1057 2787 1162 2876 (sc.
1211 2785 1561 2874 ἀποφάςει)
1627 2789 1780 2868 μήτε
1844 2788 2398 2872 προςφωνουμένῃ
2455 2794 2638 2852 sentis
2697 2790 2963 2868 quidem,
3027 2792 3129 2851 sed

518 2882 813 2984 quomodo
849 2886 976 2942 tam
1010 2882 1216 2959 paucis
1253 2883 1447 2943 verbis
1474 2884 1539 2941 in
1566 2882 1849 2942 Latinum
1876 2901 2203 2942 sermonem
2232 2884 2338 2942 aut
2365 2880 2778 2942 Germanicum
2804 2882 3129 2942 transferas

520 2971 622 3030 vix
668 2966 930 3032 dixeris?
1021 2971 1292 3032 Profecto
1337 2974 1438 3031 vix
1484 2991 1554 3031 ac
1597 2992 1672 3032 ne
1716 2971 1817 3031 vix
1854 2972 2094 3048 quidem
2131 2971 2373 3031 dixeris·
2418 2990 2559 3030 nam
2594 2973 2700 3048 qui
2733 2972 2932 3047 potest
2967 2965 3128 3032 ἀπό-

524 3076 713 3137 φαςις
759 3061 876 3121 dici
925 3058 1004 3135 μὴ
1053 3058 1649 3137 προςφωνουμένηῗ
1755 3061 1902 3120 Tale
1948 3060 2092 3137 quid
2136 3080 2210 3121 ne
2255 3064 2560 3121 contortae
2607 3059 2845 3136 quidem
2890 3079 3129 3120 consue-

523 3149 722 3209 tudini
766 3149 878 3227 Ap.
926 3151 1213 3227 imputari
1257 3154 1473 3228 potest.
1563 3151 1688 3211 Nec
1742 3151 2198 3227 patrocinantur
2251 3151 2533 3229 angatae
2589 3150 2917 3226 scripturae
2971 3150 3131 3226 pedi-

522 3259 837 3316 sequorum
893 3240 1302 3317 paraphrases.
1395 3240 1608 3316 Itaque
1654 3238 2066 3299 PSchmiederi
2120 3240 2455 3298 emendatio
2510 3238 2819 3315 probanda
2877 3232 3126 3300 videtur

701 3329 871 3390 Male
903 3346 1196 3403 personas
1239 3332 1326 3389 ita
1369 3331 1683 3403 definiunt:
1729 3324 1949 3404 prima
1994 3333 2077 3389 est
2114 3347 2264 3403 quae
2299 3330 2567 3403 loquitur,
2615 3329 2802 3388 altera
2838 3330 2920 3388 ad
2954 3347 3132 3403 quam

527 3422 744 3492 spectat
786 3420 998 3487 oratiO,
1047 3421 1216 3478 tertia
1260 3437 1410 3492 quae
1455 3423 1538 3477 est
1572 3419 1642 3478 de
1678 3437 1741 3478 re
1778 3419 1981 3491 aliqua
2021 3420 2122 3493 19,
2146 3420 2331 3477 1—2.
2409 3416 2495 3476 Cf.
2526 3420 2679 3494 synt.
2714 3419 2957 3493 259,14
2978 3410 3128 3499 sq.*)

704 3507 875 3567 Hanc
921 3525 1045 3567 esse
1092 3508 1367 3584 Dionysii
1414 3508 1658 3569 Thracis
1705 3507 2110 3568 definitionem
2156 3525 2337 3584 supra
2380 3509 2731 3566 monuimus.

696 3596 859 3658 Nam
912 3614 1044 3656 cum
1086 3599 1292 3672 prima
1336 3615 1598 3670 persona
1651 3592 1885 3674 (ἡμεῖς)
1941 3601 2057 3656 tres
2110 3598 2246 3656 illas
2298 3615 2460 3656 voces
2508 3591 2654 3668 ἐγώ
2700 3591 2781 3656 ςύ
2829 3591 3127 3657 ἐκεῖνος

511 3687 812 3760 praedicet
857 3678 981 3768 (vel
1018 3687 1330 3763 complecti
1374 3677 1620 3767 possit):
1664 3689 1791 3745 sine
1834 3687 2010 3746 dubio
2056 3687 2371 3760 loquentem
2404 3703 2725 3760 personam
2769 3686 2957 3745 dicere
3001 3687 3130 3745 licet

522 3778 574 3834 et
606 3777 870 3849 primam
915 3779 966 3834 et
1009 3777 1324 3836 sectandam
1370 3780 1423 3834 et
1465 3778 1693 3836 tertiam
1742 3778 1843 3851 19,
1865 3776 2053 3835 2-5,

699 3863 821 3923 Ska
863 3862 953 3923 VI
993 3867 1072 3924 19
1132 3866 1346 3925 miram
1404 3867 1606 3925 monet
1663 3882 1789 3925 esse
1846 3864 2001 3924 hanc
2057 3862 2359 3924 refutandi
2416 3864 2740 3939 rationem,
2805 3881 2940 3923 cum
2997 3866 3126 3940 ipse

522 4158 675 4232 (ro)
688 4087 1204 4242 {53¹3stssssss
1224 4090 1342 4214 ⁶¹21
1344 4089 1853 4215 ,κῖζὲἻὲίΜἫῖΞι
1868 4089 2814 4226 {sistitis.{⁶.⁶{?.{f⁹35.
2830 4089 3131 4228 ’ξὲἓῆἭῖ

519 4230 760 4301 perativi
797 4230 999 4286 tertiae
1034 4177 1357 4302 persoxci'ae)
1365 4232 1738 4287 ςυντάςςεται
1774 4232 2002 4300 (reone
2028 4249 2072 4286 π
2080 4233 2472 4301 ροςτάςςεται)
2518 4178 2624 4298 »etv
2655 4179 2935 4298 δὲπέροις
2961 4248 3127 4299 προς-

522 4305 720 4385 ώποις,
768 4304 837 4357 ου
891 4305 999 4370 μὴν
1037 4305 1270 4371 δεύτερά
1307 4304 1518 4372 ἐςτιν(
1495 4302 1553 4372 (i.
1594 4318 1640 4358 e.
1682 4320 1808 4357 cum
1909 4319 1975 4357 co
2011 4306 2244 4370 λεγέτω,
2284 4301 2561 4357 secundae
2600 4301 2824 4356 cuidam
2859 4316 3131 4370 personae

525 4346 764 4512 ἰιιιρῖιιᾙ-
775 4375 842 4499 αἱ
875 4372 1047 4500 tgrtia
1083 4374 1486 4500 quaedssamsemul
1399 4373 1477 4428 ali
1516 4373 1617 4428 uid
1653 4372 1853 4440 faciat;
1907 4373 2040 4511 sedel
2051 4373 2200 4499 ἰᾶὲεὲιὸ
2217 4372 2367 4498 αἳτᾏοᾱ
2382 4373 3003 4498 2ιξοιέιέιέαιί4ρεὲἷς>9ῃῗῖ
3027 4372 3130 4426 im-

560 4461 656 4500 era
1045 4462 1158 4500 non
1194 4461 1253 4499 es
1631 4460 1904 4515 personae
2046 4488 2056 4498 .
2205 4488 2218 4512 ‚
2312 4476 2378 4486 —
2463 4467 2477 4512 ς
2623 4487 2636 4511 ,
2739 4466 2753 4510 ς
2900 4487 2914 4511 ,
3008 4486 3019 4496 .
3058 4474 3127 4484 —

517 4462 665 4571 ibid.
697 4522 803 4571 260
806 4462 1151 4587 ,ῗιιῖιῗιαι-οὺ
1185 4532 1298 4571 non
1334 4516 1417 4571 sic
1451 4516 1753 4587 legendum
1789 4448 1951 4571 esse)
1948 4517 2071 4571 οἷόν
2105 4534 2168 4571 τε
2195 4518 2326 4608 Ηγάρ
2349 4518 2461 4572 ἑςτι
2493 4518 2668 4584 φάναι
2696 4519 2785 4571 καὶ
2812 4516 3132 4584 ἀθροίςματι

530 4587 927 4657 ’ἐγρηγορείτω
974 4591 1007 4643 ὁ
1045 4591 1420 4657 ςτρατηγὸς
1464 4589 1701 4656 ὑμῶν’,
1759 4587 1858 4642 sed
1905 4590 1937 4643 ὁ
1975 4589 2258 4656 ςτρατὸς
2303 4590 2515 4655 ὑμῶν;
2552 4605 2600 4640 v.
2640 4602 2787 4656 quae
2824 4588 3132 4654 sequuntur

525 4662 613 4714 καὶ
650 4662 730 4715 ἑνὶ
771 4660 1168 4729 τὲγρηγορείτω
1207 4676 1303 4715 ςου
1341 4662 1374 4714 ὁ
1412 4659 1723 4728 oecnomc’.
1754 4690 1821 4700 —
1858 4658 2000 4713 Ibid.
2041 4663 2163 4727 260,
2185 4663 2251 4713 18
2289 4661 2448 4714 ἔνθεν
2484 4661 2613 4726 γὰρ
2629 4662 2718 4714 καὶ
2752 4665 2873 4713 ταῖς
2910 4659 2971 4712 ἑν
3009 4660 3131 4713 δευ-

522 4731 667 4811 τέρψ
702 4733 983 4801 προςώπῳ
1030 4733 1357 4799 νοουμέναις
1403 4729 1952 4814 (εοί1.προςτάξεςιν)
2000 4731 2279 4785 ἁπάντοτε
2316 4734 2628 4798 κλητικαῑς
2667 4732 2953 4785 ςύνεςτιν
2992 4730 3129 4800 (cor-

524 4799 644 4884 rigo
679 4806 954 4870 κλητικαί
991 4805 1285 4858 ςύνειςινε
1323 4801 1643 4870 ubicunque
1679 4801 1818 4872 ipsis
1856 4801 2117 4856 secundis
2152 4801 2405 4871 personis
2441 4802 2781 4884 imperamus
2819 4802 2883 4854 ut
2910 4799 3129 4868 aliquid

525 4871 756 4939 faciant,
792 4872 1032 4928 vocativi
1070 4873 1363 4941 accedunt,
1400 4872 1604 4942 quibus
1642 4888 1737 4928 eas
1776 4871 2151 4943 alloquimur),
2189 4871 2257 4927 cl.
2296 4877 2418 4941 260,
2438 4878 2521 4927 26.
2562 4904 2629 4913 -
2667 4871 2807 4926 Γοίὰ
2848 4876 3058 4939 262,17
3097 4872 3129 4926 ὃ

526 4946 1061 5012 προςδεχόμενον-
1091 4950 1158 5000 26
1197 4947 1229 5000 ό
1269 4945 1493 5001 Ἑλικών
1529 4944 1968 5014 Byzantinorum
2006 4944 2455 5000 additamentum
2492 4948 2591 5000 est.
