3738 5530
562 339 1005 397 Commentarius
1032 341 1261 397 criticus
1289 345 1350 398 et
1374 342 1696 412 exegeticus
1723 342 1782 396 in
1811 342 2099 412 Apollonii
2126 341 2352 412 Dyscoli
2380 342 2593 412 scripta
2619 343 2850 397 minora.
2931 341 3058 407 155

451 502 745 593 (prorsus)
781 513 1095 590 repugnat,
1139 532 1280 577 nam
1324 507 1406 587 ἦν
1452 513 1747 591 analogon
1793 514 1857 571 in
1901 514 2183 589 promptu
2228 507 2358 572 est.'
2446 511 2630 591 Uhlig
2675 513 2869 572 locum
2916 532 2952 571 a
2996 530 3059 573 se

450 602 744 661 mutatum
806 600 892 661 sic
948 602 1206 679 explicat
1260 596 1466 661 ‘etiam
1520 603 1633 662 hac
1686 602 1748 661 in
1802 622 1867 661 re
1922 622 2107 661 unum
2162 602 2455 680 analogon
2512 605 2628 677 est,
2688 604 2757 660 ut
2812 601 2875 659 in
2937 597 3056 676 χρή

451 682 603 772 (scil.
642 683 807 773 φή)’.
895 690 1136 750 KLehrs
1181 693 1244 751 in
1289 691 1442 750 Ann.
1482 691 1599 751 litt.
1639 690 1768 751 Jen.
1804 693 1975 751 1879
2014 712 2071 769 p.
2105 694 2232 750 224
2279 693 2365 751 sic
2410 691 2642 751 scribit:
2689 686 2900 765 ἐχρῆν,
2947 685 3059 750 ὅτε

451 776 553 840 καὶ
612 776 726 840 ςὺν
779 782 872 860 τῷ
926 778 964 840 ν
1019 776 1270 853 λέγεται
1328 777 1549 856 ἐχρῆν·
1632 778 1734 841 καὶ
1789 775 2144 841 ἀπολύεται
2198 775 2279 842 αὖ
2335 779 2477 840 oder
2531 777 2635 841 καὶ
2687 775 2882 841 πάλιν
2942 776 3062 840 οὐκ

452 863 768 930 ἀπίθανον
814 865 975 930 κατὰ
1021 865 1144 930 κτὲ.
1224 869 1416 939 Quam
1451 871 1805 948 scripturam
1849 872 2036 931 miror
2077 870 2447 947 probabilem
2492 870 2682 930 videri
2729 868 3060 947 Egenolffio

451 958 550 1017 III-
592 959 751 1034 1653
804 978 946 1018 nam
989 959 1249 1035 primum
1294 956 1398 1020 καὶ
1442 957 1555 1021 ςύν
1601 961 1693 1041 τῷ
1737 958 1776 1021 V
1824 956 2077 1032 λέγεται
2129 960 2282 1019 nihil
2337 960 2501 1019 aliud
2554 962 2755 1036 potest
2797 958 3061 1018 indicare

451 1049 568 1108 nisi
625 1048 763 1123 hoc,
824 1051 1062 1125 praeter
1118 1044 1314 1123 ἐχρῆν
1373 1051 1604 1110 exstare
1664 1051 1847 1109 etiam
1905 1051 2159 1109 formam
2218 1045 2397 1125 ἐχρῆ,
2463 1068 2615 1125 quae
2668 1068 2788 1108 non
2843 1050 3063 1122 exstat3

452 1136 663 1197 deinde
718 1156 870 1214 quae
915 1140 1211 1198 sententia
1253 1138 1510 1199 Lehrsii'
1531 1141 1882 1199 coniecturis
1937 1140 2187 1214 elicitur,
2242 1138 2449 1198 eadem
2492 1141 2650 1198 inest
2705 1140 2769 1197 in
2815 1138 3063 1217 vulgata

455 1223 556 1287 καὶ
603 1222 798 1287 πάλιν
846 1223 942 1298 οὐ,
990 1229 1113 1288 scil.
1154 1223 1547 1304 ἐπίμεμπτόν
1594 1225 1738 1300 ἐςτι,
1786 1224 1948 1288 κατὰ
1992 1225 2111 1303 τὴν
2158 1224 2384 1302 ἑτέραν
2430 1222 2793 1302 παράθεςιν.

632 1308 690 1397 c)
737 1317 1028 1392 Deinceps
1080 1319 1476 1392 quaerenchom
1532 1323 1614 1378 est
1665 1323 1864 1378 utrwm
1921 1313 2046 1391 ἕκη
2059 1334 2126 1377 τι
2183 1319 2678 1378 commotionibus
2728 1318 3063 1377 causalibus

455 1407 824 1466 tribuendum
875 1409 952 1467 sit
1005 1426 1087 1467 an
1141 1408 1449 1467 adverbiis.
1541 1408 1675 1483 Qua
1727 1409 1799 1467 de
1850 1426 1917 1467 rc
1961 1426 2317 1482 quamquam
2362 1410 2632 1469 acc-mate
2683 1409 2749 1465 in
2803 1407 2948 1466 libro
2994 1406 3066 1465 de

455 1497 949 1556 com'uncbt’mibus
1005 1489 1185 1578 (231,
1205 1498 1487 1572 4—234,
1509 1488 1623 1578 12)
1679 1499 2001 1572 eamosibwm
2055 1501 2160 1565 est,
2216 1502 2411 1557 tamen
2461 1514 2621 1556 nwnc
2673 1498 2918 1556 breviter
2970 1496 3065 1555 de-

452 1587 916 1656 monstrandam,
960 1587 1111 1646 illud
1142 1588 1344 1661 potius
1380 1587 1462 1647 ad
1507 1588 1787 1647 adverbia
1819 1587 2131 1661 pertinere
2206 1577 2276 1667 α)
2310 1585 2753 1647 Coniumctwnes
2789 1586 3067 1659 quoniam

444 1692 559 1749 per
591 1692 656 1734 se
688 1676 836 1735 nihil
870 1677 1221 1751 significant,
1267 1677 1370 1735 sed
1405 1677 1800 1736 tantummodo
1842 1677 2146 1736 enuntiata
2190 1679 2543 1745 connectunt,
2588 1692 2693 1735 nec
2736 1677 3067 1749 neqationes

454 1781 559 1824 nec
602 1762 648 1824 ’ἇ
680 1766 1046 1838 privativum
1091 1769 1414 1826 aemam.
1491 1765 1705 1840 Itaque
1749 1783 1881 1825 oum
1914 1769 2155 1840 practer
2201 1760 2405 1840 ἕκητι
2452 1768 2626 1825 etiam
2671 1759 2928 1838 ἀέκητι
2975 1781 3067 1823 ex·

456 1856 577 1923 stet,
622 1858 894 1914 nemmem
938 1857 1258 1915 coniunctio
1305 1873 1427 1915 esse
1460 1859 1662 1929 potest.
1747 1847 1811 1937 β)
1857 1854 1926 1915 Si
1970 1872 2120 1928 quae
2156 1857 2576 1914 emmtiabiones
2622 1856 3067 1928 coniwnqunbur,

455 1959 574 2002 non
633 1943 721 2001 ita
779 1947 1028 2017 κεραύνι-
1088 1947 1156 2003 ut
1216 1942 1260 2003 α’
1320 1947 1688 2019 privativam,
1750 1946 2071 2013 adio-iabiu,
2137 1945 2239 2004 sed
2297 1948 2366 2003 ut
2424 1945 2651 2019 neyatio
2714 1946 3066 2018 apponatur.

456 2023 525 2113 γ)
574 2029 794 2090 Contra
848 2033 1131 2091 adverbia
1185 2038 1237 2092 et
1282 2038 1536 2107 possunt
1588 2052 1719 2094 cum
1764 2031 1806 2094 ἃ
1839 2035 2140 2109 privativo
2185 2035 2447 2109 commoni
2503 2037 2557 2093 et
2600 2036 2793 2108 potest
2840 2034 3069 2106 neyatio

461 2125 542 2181 eis
587 2123 806 2195 (φρονῶ
855 2123 1466 2198 133,13-134,13.

638 2211 786 2286 133,
807 2212 888 2270 26
929 2209 1295 2271 GFSchoem.
1325 2212 1356 2271 Ι
1396 2214 1433 2271 8
1465 2238 1550 2260 =
1580 2231 1776 2289 opusc.
1806 2212 1894 2271 IV
1926 2213 2049 2271 251
2103 2203 2202 2293 (cf.
2242 2212 2384 2272 Red.
2429 2214 2631 2272 20911.
2674 2209 2795 2270 Ska
2829 2210 2893 2268 H
2926 2200 3071 2290 10):

459 2293 654 2359 ‘Hanc
689 2302 847 2359 enim
885 2302 1395 2362 coniunctionibus
1431 2304 1555 2362 vim
1591 2304 1968 2380 grammatici
2002 2304 2227 2378 passim
2254 2302 2545 2375 tribuunt,
2580 2303 2651 2361 ut
2678 2295 2854 2362 τάξιν
2884 2318 3070 2377 quan-

459 2389 598 2448 dam
633 2407 676 2448 s.
708 2389 1141 2451 ordinationem
1176 2394 1604 2451 sententiarum
1640 2385 1991 2469 designent?
2053 2388 2428 2451 OSchneider
2465 2392 2867 2451 coniecturam
2902 2407 3071 2449 suam

461 2481 523 2537 in
560 2480 779 2539 litteris
817 2480 894 2540 ad
933 2501 1027 2539 me
1064 2481 1220 2541 datis
1255 2501 1486 2541 mecum
1531 2482 2003 2541 communicavit.

643 2571 848 2645 134,2
910 2570 1276 2631 GFSchoem.
1324 2570 1386 2631 Π
1434 2573 1471 2630 9
1513 2596 1596 2619 =
1637 2588 1831 2648 opusc.
1881 2570 1970 2630 IV
2019 2572 2146 2631 252
2213 2565 2317 2631 εἐν
2382 2565 2661 2630 ςυνθέςει
2727 2564 3074 2645 ςτερήςεως

462 2658 666 2718 eodem
719 2658 895 2719 modo
941 2659 1166 2721 dictum
1212 2662 1304 2720 est
1348 2663 1528 2738 atque
1575 2656 1646 2721 ἐν
1690 2656 2022 2736 προςθέςει
2079 2656 2205 2721 ἑςτὶ
2249 2659 2367 2720 τοῦ
2412 2657 2448 2717 ἱ
2493 2655 2570 2719 τὸ
2616 2653 2827 2719 οὕτως
2882 2651 3070 2737 [πᾶν]

470 2749 615 2823 167,
638 2750 739 2824 11,
777 2744 848 2809 έν
886 2743 1180 2830 ἀποβολῇ
1219 2749 1336 2811 τοῦ
1370 2744 1407 2814 Ξ
1444 2746 1797 2825 γενόμενον
1837 2742 1942 2834 (τὸ
1978 2741 2260 2832 ὑπόδρα)
2289 2749 2366 2810 ib.
2401 2749 2549 2824 139,
2571 2750 2672 2824 17,
2707 2744 2784 2809 τὸ
2822 2744 2895 2808 δὲ
2932 2741 3075 2822 ῥεῖα

462 2834 533 2898 ἐν
587 2836 969 2920 πλεοναςμῷ
1017 2837 1141 2901 ἐςτι
1188 2838 1306 2901 τοῦ
1351 2839 1375 2902 ἰ
1418 2841 1495 2900 ib.
1539 2841 1686 2915 152,
1706 2836 1798 2917 5'3
1845 2841 2058 2918 quibus
2106 2840 2257 2900 adde
2301 2840 2379 2899 ib.
2421 2839 2672 2914 136,16
2720 2836 3073 2911 ποιητοῑςιν

460 2922 619 3006 <έν>
665 2923 948 3003 ἐλλείψει
994 2926 1120 2990 ἐςτὶ
1164 2929 1282 2991 τοῦ
1329 2924 1419 2991 εὖ.
1503 2928 1590 2989 Of.
1629 2929 1752 2990 Ska
1784 2930 1848 2989 Π
1898 2932 1996 2989 22.

642 3019 790 3092 134,
808 3020 980 3079 4-5
1030 3014 1085 3079 εἰ
1131 3015 1169 3079 ὁ
1217 3015 1415 3092 λόγος
1451 3050 1540 3062 -
1576 3015 2175 3098 παραλαμβάνοιτο]
2226 3013 2302 3079 ‘ei
2338 3019 2671 3079 enuntiatio
2717 3036 2854 3076 cum
2895 3033 3076 3094 nega-

461 3108 623 3166 tione
667 3110 1115 3169 coniunctorum
1150 3109 1506 3186 proferatur,
1550 3109 1604 3167 h.
1637 3129 1683 3169 e.
1724 3112 1808 3169 sic
1843 3112 1913 3168 ut
1959 3128 2111 3187 quae
2147 3128 2254 3186 per
2293 3109 2766 3169 coniunctionem
2812 3123 3074 3165 connexa

462 3200 603 3256 sunt
654 3200 945 3275 negentur
999 3192 1101 3280 (cf.
1150 3197 1222 3258 de
1275 3201 1423 3259 coni.
1476 3199 1623 3273 231,
1645 3191 1787 3281 29);
1847 3195 2033 3270 λόγοι
2089 3192 2221 3258 ἀπὸ
2277 3196 2565 3273 ςυναφῆς
2619 3213 2915 3256 connexae
2968 3215 3076 3273 per

463 3287 933 3347 coniunctionem
959 3290 1397 3349 enuntiationes
1425 3288 1704 3347 dicuntur
1731 3288 1804 3348 de
1831 3290 1980 3349 coni.
2014 3288 2161 3362 250,
2185 3281 2292 3347 16'
2331 3286 2596 3346 Schoem.
2615 3285 2678 3344 Π
2708 3288 2745 3346 9
2768 3311 2854 3333 =
2874 3302 3071 3361 opusc.

463 3374 550 3433 IV
598 3375 743 3435 252.
827 3375 943 3436 Sed
986 3380 1117 3455 ipso
1162 3378 1269 3439 illo
1315 3377 1669 3454 syndesmici
1725 3379 1854 3438 loco
1906 3379 2052 3452 231,
2076 3379 2156 3436 29
2205 3372 2290 3437 τὸ
2337 3370 2524 3437 ὅλον
2572 3369 2692 3436 οὖν
2739 3369 2989 3448 ἀναιρεῖ
3034 3368 3072 3447 ἡ

465 3459 812 3540 ἀπόφαςις,
870 3463 1015 3542 οὐχὶ
1067 3463 1184 3528 τὸν
1231 3464 1579 3541 ςύνδεςμον
1625 3468 1841 3528 collato
1896 3486 2055 3526 nunc
2098 3467 2273 3526 facile
2320 3464 2581 3525 adducor
2624 3468 2696 3524 ut
2747 3482 2859 3542 pro
2905 3458 3076 3524 ὅλως

464 3573 583 3612 non
632 3549 670 3614 ὁ
718 3552 914 3627 λόγος
963 3556 1065 3616 sed
1112 3553 1197 3616 τὸ
1243 3552 1429 3618 ὅλον
1475 3556 1742 3616 scribam.

653 3646 901 3719 134,12
951 3646 1021 3704 ef.
1061 3644 1425 3705 Lob.E11.1
1475 3648 1618 3706 209.

643 3733 760 3793 Sed
801 3737 1055 3808 forsitam
1097 3738 1164 3794 in
1205 3753 1267 3795 eo
1312 3737 1444 3809 quis
1478 3737 1760 3809 offendat,
1808 3735 1961 3809 quod
2006 3736 2287 3795 adverbia
2334 3752 2464 3794 cum
2509 3732 2552 3793 ἃ
2587 3736 2887 3808 privativo
2932 3749 3078 3791 com-

455 3824 656 3896 posita
697 3841 816 3882 non
859 3843 973 3898 per
1017 3841 1079 3884 se
1123 3829 1253 3885 orta
1297 3829 1459 3893 sumt,
1518 3826 1621 3885 sed
1667 3843 1736 3885 ex
1780 3826 2081 3885 adiectivis
2126 3841 2257 3884 cum
2301 3822 2345 3884 ἆ
2378 3825 2678 3899 privativo
2725 3823 3081 3897 comositae:

465 3929 576 3984 quo
611 3913 681 3984 fit
714 3917 780 3972 ut
823 3917 1090 3973 accentus
1125 3915 1395 3974 adiectivi
1429 3918 1713 3988 quantum
1746 3916 1883 3986 ficri
1915 3917 2105 3988 potest
2148 3917 2435 3974 servetur:
2482 3907 2808 3986 ἄςεμνος
2855 3905 3078 3983 ἀςέμ-

467 4016 642 4071 νως,
709 3996 1049 4076 ἀψευδής
1109 3998 1479 4077 ἀψευδῶς.
1592 4002 1778 4064 Cuius
1825 4005 2058 4078 ymeri-3
2121 4005 2469 4064 affectivum
2533 3996 2794 4074 ἀέκητι
2857 4002 3084 4075 formae

456 4093 697 4163 praesto
740 4108 861 4150 non
906 4096 990 4151 est
1038 4093 1483 4167 134,14-17.

650 4181 795 4255 134,
817 4182 897 4239 15
948 4177 1020 4241 ἐν
1066 4177 1418 4256 μεταλήψει
1464 4176 1811 4260 ςυνθέτων]
1862 4200 2014 4257 quae
2051 4174 2561 4258 ‘uapacuvflem',
2611 4173 3082 4256 ‘decomposita',

467 4268 584 4328 dici
621 4269 830 4344 solent,
876 4272 1023 4330 coni.
1065 4271 1213 4344 232,
1234 4271 1405 4330 8—9
1455 4267 1771 4332 οὐδέποτε
1809 4266 2124 4346 ἐπίρρημα
2169 4268 2281 4331 ςὺν
2328 4266 2605 4345 ςτερήςει
2654 4262 3078 4330 ἀποτελεῖται.

467 4353 548 4417 τὰ
582 4355 706 4434 γὰρ
743 4353 906 4419 ὄντα
941 4356 1387 4434 παραςύνθετά
1424 4356 1574 4420 έςτι·
1621 4362 1714 4441 τῷ
1753 4354 2039 4436 ἀςέμνως
2066 4357 2143 4421 τὸ
2183 4354 2452 4435 ἄςεμνος
2482 4354 2857 4434 παράκειται
2894 4374 3009 4417 ιςτ.
3026 4356 3081 4417 λ.

649 4449 899 4524 134‚18
947 4449 1018 4509 cf.
1058 4449 1190 4510 adv.
1233 4450 1380 4524 170,
1401 4451 1501 4509 24.

649 4537 880 4612 Trypho
916 4539 1057 4599 dicit
1087 4543 1332 4614 propter
1375 4540 1711 4600 abnormem
1745 4543 2044 4599 accentum
2088 4534 2295 4612 ἕκητι
2340 4533 2599 4612 ἀέκητι
2644 4554 2765 4596 non
2797 4554 2975 4611 posse
3018 4538 3085 4596 in

470 4627 880 4688 adverbiorum
912 4646 1222 4689 nwmemm
1255 4629 1494 4701 referri:
1540 4630 1688 4689 talia
1724 4631 1878 4689 enim
1913 4629 2195 4689 adverbia
2229 4645 2413 4702 usquc
2447 4631 2698 4701 oaeytona
2733 4642 2867 4686 esse.
2916 4625 3086 4685 Haec

425 4740 432 4746 ·
468 4732 603 4775 vero
654 4718 807 4776 ratio
858 4718 1153 4777 reicienda
1207 4721 1301 4777 est.
1399 4719 1560 4793 Quae
1615 4720 1768 4778 enim
1821 4718 2107 4778 vocabula
2160 4722 2398 4779 accentu
2450 4717 2539 4776 vel
2593 4717 2953 4790 affliratione
2996 4716 3087 4774 vel

471 4806 609 4865 aldis
645 4807 818 4867 rebus
852 4825 1002 4882 quae
1036 4808 1269 4868 vocibus
1306 4808 1579 4868 accidmzt
1613 4825 1745 4868 owm
1780 4808 2000 4882 leyibus
2034 4811 2325 4883 puqnant,
2374 4824 2503 4867 emm
2537 4806 2607 4864 ob
2654 4823 2898 4865 causam
2941 4822 3087 4865 suae

469 4897 750 4955 orationis
792 4899 960 4970 pam·
1011 4914 1132 4956 non
1186 4898 1530 4957 eximwntur.
1622 4898 1937 4957 Praeterea
1981 4898 2469 4957 demonstrabitur
2512 4896 2622 4955 illa
2665 4895 2818 4969 quod
2863 4895 2945 4954 ad
2989 4911 3086 4953 ac-

472 4988 697 5045 centum
740 4987 942 5047 attinet
985 4987 1240 5061 analoya
1285 5005 1407 5047 esse
1454 4988 1901 5062 134‚19—27.
