3738 5530
635 378 1075 434 Commentarius
1104 377 1330 433 criticus
1359 379 1419 433 et
1444 377 1764 446 exegeticus
1792 377 1852 431 in
1882 376 2167 447 Apollonii
2196 374 2422 447 Dyscoli
2451 377 2662 448 scripta
2689 377 2921 432 minora.
3012 377 3099 442 25

496 549 847 625 admittunt,
894 551 965 607 ut
1007 543 1047 622 ἡ
1095 544 1371 622 χελιδών
1416 544 1454 608 ὁ
1503 542 1717 619 ἀετός,
1774 546 2052 607 dicuntur
2096 542 2279 608 κοινά
2324 547 2420 608 vel
2467 566 2593 608 esse
2640 543 2711 609 ἐν
2758 543 3103 621 κοινότητι;

491 658 657 716 pron.
708 639 811 714 30,
836 640 872 698 7
939 632 1124 699 κοινά
1189 632 1313 698 ἑςτι
1378 632 1540 698 κατὰ
1595 633 1785 710 γένος
1822 684 1836 697 .
1877 684 1890 697 .
1928 632 2010 697 τὰ
2055 632 2326 698 ςύνθετα
2363 683 2375 696 .
2416 683 2456 708 .,
2521 633 2597 698 τὸ
2645 633 2997 697 ςύνδουλος
3035 683 3048 696 .
3090 684 3102 695 .

492 724 728 789 κοινόν.
794 727 874 786 ib.
923 728 1029 803 31,
1049 729 1134 787 20
1180 722 1364 789 κοινὰ
1410 722 1649 803 ὁμοίως
1693 725 1830 788 τοῖς
1878 722 2216 788 ςυνθέτοις.
2291 730 2446 803 synt.
2497 727 2600 802 55,
2623 728 2659 785 2
2708 723 2789 786 τὰ
2835 722 3105 787 ςύνθετα

494 814 827 894 πρόδηλον
883 812 1014 891 ἔχει
1069 813 1186 890 τὴν
1241 814 1582 892 κοινότητα
1635 815 1767 877 τῶν
1814 814 2042 888 γενῶν.
2161 816 2239 875 ib.
2292 817 2436 892 105,
2460 817 2541 875 23
2589 812 2670 877 τὰ
2713 814 2876 888 γοῦν
2920 812 3106 877 κοινὰ

494 903 812 981 λεγόμενα
849 901 920 967 ἐν
957 902 1145 978 γένει,
1185 901 1355 978 λέγω
1393 901 1498 966 ἐπὶ
1535 905 1666 967 τῶν
1703 904 2189 981 προςηγορικῶν
2227 952 2240 965 .
2280 952 2294 966 .
2332 901 2452 966 οὐκ
2488 900 2763 980 ἐξίςχυςε
2800 901 2876 965 τὸ
2914 900 3105 977 γένος

494 994 851 1068 διαςτεῖλαι,
899 991 1070 1066 λέγω
1117 990 1222 1056 ἐπὶ
1266 994 1384 1056 τοῦ
1433 990 1632 1058 ἵππος
1676 992 1717 1069 ἢ
1767 989 2125 1069 ἄνθρωπος.
2217 994 2294 1054 ib.
2330 997 2474 1070 200,
2497 996 2577 1053 27
2619 990 2690 1055 ἐκ
2734 991 3105 1070 κοινότητος

494 1085 612 1147 τοῦ
658 1080 889 1156 γένους
934 1081 1551 1161 παραλαμβάνεςθαι.
1623 1084 1702 1144 ib.
1754 1086 1900 1160 208,
1924 1085 2006 1143 24
2052 1080 2129 1144 τὸ
2176 1080 2325 1145 θεός
2369 1079 2408 1158 ἤ
2456 1100 2513 1144 τι
2561 1083 2693 1144 τῶν
2729 1080 3106 1158 δυναμένων

493 1170 655 1235 κατὰ
700 1171 1041 1249 κοινότητα
1086 1172 1288 1249 μόνον
1331 1169 1682 1235 ἀκούεςθαι.
1771 1173 1904 1234 adv.
1940 1175 2086 1250 124,
2110 1175 2191 1233 23
2241 1169 2330 1234 ὥς
2375 1189 2450 1245 γε
2496 1170 2600 1234 καὶ
2647 1169 2750 1233 ἐπὶ
2787 1168 3106 1248 ὀνόματος

494 1260 661 1326 ἔςτιν
715 1259 1044 1337 ἐπινοῆςαι
1101 1260 1443 1338 κοινότητα
1497 1260 1830 1338 ἀρςενικοῦ
1890 1259 1993 1323 καὶ
2053 1261 2349 1337 θηλυκοῦ.
2458 1262 2625 1322 Haeo
2668 1263 2855 1342 igitur
2909 1264 3110 1323 omnia

496 1356 636 1415 sunt
679 1354 1163 1414 monooatalecta.

676 1442 1016 1520 Sequuntur
1060 1446 1182 1502 iam
1228 1462 1299 1502 ea
1343 1442 1636 1503 vocabula
1682 1461 1836 1520 quae
1873 1443 2105 1521 generis
2141 1441 2390 1503 notandi
2427 1459 2607 1501 causa
2641 1444 2821 1515 finem
2853 1446 3109 1503 mutan-t:

501 1553 573 1592 ea
625 1533 820 1592 minus
877 1536 1149 1593 accurate
1195 1533 1476 1593 dicuntur
1540 1528 1814 1604 γένους
1871 1525 2393 1608 παραςτατικά
2437 1549 2603 1608 pron.
2656 1534 2861 1608 28,14
2929 1525 3110 1614 (quae

497 1623 622 1683 noli
666 1622 1024 1682 confundere
1069 1641 1204 1682 oum
1259 1621 1748 1697 παραςτατικοῖς
1793 1621 1927 1681 τῶν
1973 1622 2169 1696 τριῶν
2215 1618 2424 1693 γενῶν
2470 1640 2523 1679 v.
2564 1613 2637 1700 s.)
2695 1622 2789 1680 vel
2835 1616 3110 1693 γένους

496 1708 1080 1788 παρεμφαντικὰ
1115 1714 1269 1789 synt.
1306 1712 1541 1787 136,6;
1586 1707 1671 1771 τὸ
1710 1706 1933 1783 γένος
1979 1706 2456 1771 διαςτέλλειν
2493 1729 2659 1785 pron.
2701 1712 2936 1787 12,13;
2983 1708 3105 1783 γέ-

499 1817 630 1863 νος
677 1797 1067 1875 ςημαίνειν
1112 1801 1189 1861 ib.
1242 1802 1343 1877 16,
1365 1802 1478 1877 233
1535 1801 1631 1860 vel
1683 1801 1891 1877 paullo
1936 1801 2275 1861 distinctius
2322 1795 2445 1859 διὰ
2491 1798 2623 1873 τῆς
2667 1800 2930 1875 φωνῆς
2976 1795 3108 1872 γέ-

495 1907 676 1952 νους
722 1886 1246 1965 παραςτατικὰ
1289 1890 1367 1950 ib.
1418 1891 1642 1965 61,10.
1708 1922 1797 1932 —-
1861 1890 2127 1961 Quorum
2182 1891 2331 1950 haee
2383 1906 2509 1949 esse
2561 1892 2813 1965 possunt
2865 1909 3111 1969 genera:

497 1979 835 2058 significant
886 1981 1007 2039 tria
1060 2000 1278 2058 genera
1333 1984 1442 2040 aut
1494 1980 1733 2039 trifaria
1778 1971 1879 2064 (fi)
1926 1983 2033 2039 aut
2083 1979 2302 2039 bifaris.
2347 1971 2444 2061 (β)
2488 1979 2934 2055 terminatione3
2993 1979 3110 2039 duo

496 2089 710 2148 genera
766 2073 872 2128 aut
924 2070 1160 2129 trifario
1217 2061 1313 2151 (γ)
1371 2071 1478 2128 aut
1531 2069 1746 2129 bifario
1793 2062 1889 2152 (δ)
1935 2071 2111 2130 exitu.
2217 2069 2307 2128 Ex
2354 2068 2568 2146 quibus
2613 2067 2874 2145 primum
2918 2071 2980 2128 et
3024 2086 3111 2128 se-

500 2158 756 2218 cundum
803 2177 988 2237 genus
1035 2154 1144 2234 ἇβ
1189 2159 1364 2218 modo
1411 2178 1530 2218 uno
1575 2155 1929 2233 τριγενής
1975 2158 2213 2219 nomine
2258 2156 2799 2235 comprehenditur:
2864 2153 2935 2218 ἐν
2982 2175 3109 2233 τρι-

503 2248 679 2320 γενεῖ
733 2249 825 2328 τῷ
879 2244 973 2308 τίς
1033 2250 1186 2325 synt.
1240 2249 1384 2324 136,
1409 2250 1520 2323 11;
1584 2242 1715 2307 ἀπὸ
1778 2247 2091 2323 τριγενῶν
2156 2246 2491 2308 πτωτικῶν
2555 2242 2843 2325 (εὐςεβής
2888 2242 3111 2324 καλός)

503 2337 634 2396 adv.
687 2338 968 2414 167,17;
1032 2332 1378 2412 όνοματικὴ
1444 2334 1760 2413 τριγένεια
1824 2332 2111 2415 (ἀφανής
2172 2331 2448 2413 ἀφανές)
2512 2335 2588 2395 ib.
2642 2337 2921 2412 169,13;
2986 2332 3112 2398 ἔςτι

501 2422 644 2488 τινὰ
690 2426 962 2501 τριγενῆ,
1011 2423 1082 2488 ἐν
1130 2422 1355 2507 ἑκάςτῃ
1403 2427 1594 2506 φωνῇ
1642 2424 1986 2501 λεγόμενα,
2033 2423 2229 2488 καλός
2275 2423 2434 2500 καλή
2481 2421 2711 2497 καλόν,
2780 2422 3111 2487 ἐπικοινω-

504 2510 751 2577 νοῦντά
795 2532 865 2577 τε
910 2517 1003 2597 τῷ
1050 2511 1363 2596 ἀρρενικῷ
1409 2513 1580 2588 γένει
1626 2512 1730 2575 καὶ
1776 2515 2061 2596 θηλυκῷ,
2110 2511 2148 2576 ὁ
2194 2511 2439 2590 ψευδής
2484 2510 2587 2573 καὶ
2631 2509 2671 2588 ἡ
2720 2511 2965 2590 ψευδής
3011 2511 3114 2577 καὶ

500 2602 578 2666 τὸ
624 2602 862 2679 ψευδές
907 2605 985 2664 ib.
1038 2607 1318 2682 201,11;
1363 2601 1439 2665 τὸ
1487 2599 1680 2666 οὗτος
1727 2600 1805 2665 οὐ
1853 2601 2217 2679 μοναδικόν,
2264 2600 2547 2679 τριγενὲς
2594 2601 2667 2664 δὲ
2710 2603 2787 2662 ib.
2833 2605 2978 2680 167,
3003 2606 3114 2678 183

501 2691 564 2754 αἱ
628 2694 935 2770 τριγενεῖς
1000 2694 1133 2756 τῶν
1198 2690 1618 2769 ἀντωνυμιῶν
1684 2691 1898 2769 μόνως
1962 2689 2465 2770 όρθοτονοῦνται
2521 2712 2685 2772 pron.
2738 2694 2840 2771 61,
2860 2694 2971 2770 183
3034 2689 3115 2753 τὰ

505 2780 832 2859 δυνάμενα
877 2781 1006 2845 ὑπὸ
1048 2781 1402 2860 τριγένειαν
1440 2781 1693 2845 πίπτειν
1741 2777 1854 2867 (===
1887 2803 2038 2861 quae
2074 2786 2164 2844 ita
2196 2785 2356 2845 flecti
2391 2787 2644 2861 possunt
2678 2787 2749 2843 ut
2784 2802 2893 2844 sua
2931 2784 3113 2861 quod-

509 2894 624 2950 que
669 2892 854 2953 genus
889 2874 1311 2934 terminatione
1349 2865 1742 2952 exprimatur)
1789 2877 1942 2950 synt.
1977 2875 2123 2949 208,
2145 2875 2246 2950 23,
2291 2873 2569 2949 idemque
2606 2872 2905 2951 signifieat
2946 2892 3111 2951 pron.

513 2966 613 3039 12,
638 2964 719 3023 16
759 2960 848 3023 τὰ
885 2963 1035 3024 τῶν
1080 2962 1312 3038 τριῶν
1348 2962 1594 3035 γενῶν
1633 2958 2059 3037 διακριτικά
2096 2956 2404 3043 (opposita
2438 2963 2624 3042 igitur
2652 2958 2731 3022 τὰ
2758 2962 2891 3023 τῶν
2919 2962 3115 3038 τριῶν

501 3051 717 3125 γενῶν
762 3049 1196 3128 παραςτατικά
1242 3055 1302 3113 et
1347 3069 1399 3112 τ.
1438 3070 1489 3113 τ.
1529 3069 1580 3112 τ.
1619 3069 1675 3124 γ.
1723 3043 2125 3134 διακριτικά);
2176 3052 2352 3113 modo
2399 3072 2471 3112 ea
2518 3072 2670 3129 quae
2717 3052 2970 3113 seeundo
3016 3073 3115 3131 ge·

501 3142 632 3202 neri
680 3134 774 3224 (B)
823 3142 1203 3203 attribuenda
1249 3144 1404 3217 sunt,
1450 3143 1488 3200 i.
1529 3161 1574 3201 e.
1625 3162 1775 3219 quae
1821 3161 1941 3201 uno
1986 3145 2147 3202 exitu
2193 3142 2588 3202 masculinum
2629 3142 3115 3219 femininumque,

504 3233 696 3291 altero
741 3235 1019 3292 neutrum
1065 3231 1358 3307 exhibent,
1405 3226 1590 3291 κοινά
1629 3235 1921 3291 vocantur
1967 3223 2047 3313 (v.
2088 3223 2162 3310 s.)
2209 3227 2290 3290 τὰ
2336 3227 2425 3292 εἰς
2471 3229 2565 3291 ᾖ
2612 3229 2913 3305 λήγοντα,
2965 3227 3113 3292 ὀνό-

509 3336 674 3394 ματα
721 3317 835 3394 μὲν
879 3316 1055 3392 ὄντα,
1103 3316 1704 3397 παραςχηματιςμὸν
1743 3316 1873 3395 ἔχει
1910 3315 2052 3394 ἤτοι
2090 3316 2163 3381 ἐν
2199 3317 2519 3393 κοινότητι
2556 3315 2645 3381 ῶς
2683 3316 2720 3381 ὁ
2758 3317 3038 3397 ςώφρων
3074 3315 3114 3394 ἡ

504 3405 812 3484 ςωφρων,
887 3406 926 3470 ὁ
984 3407 1216 3482 γείτων
1269 3406 1309 3485 ἡ
1366 3406 1623 3482 γείτων,
1688 3406 1727 3483 ἢ
1785 3406 1855 3470 ἐν
1912 3406 2245 3484 καταλήξει
2291 3410 2367 3488 τῇ
2417 3405 2505 3470 εἰς
2551 3407 2657 3480 Vsa,
2716 3404 2943 3471 Λάκων
2990 3404 3113 3469 Λά-

502 3514 704 3569 καινα,
753 3494 1009 3574 δράκων
1056 3495 1368 3574 δράκαινα
1404 3498 1533 3559 adv.
1569 3501 1714 3576 142,
1738 3501 1837 3559 20.
1905 3499 2090 3559 Tertii
2143 3499 2372 3578 generis
2427 3491 2523 3581 (γ)
2574 3499 2845 3576 exempla
2894 3500 3118 3559 frustra

502 3605 773 3665 quaeres;
847 3590 1043 3664 quarti
1109 3582 1247 3672 (δ),
1313 3588 1471 3664 quod
1535 3592 1825 3666 quantum
1894 3589 2016 3649 scio
2078 3591 2238 3648 oerto
2301 3589 2539 3648 nomine
2602 3607 2722 3648 non
2787 3589 3117 3665 appellavit

501 3672 819 3753 Dyscolus,
877 3679 1147 3755 exempla
1201 3679 1411 3738 attulit
1454 3678 1491 3736 1.
1540 3697 1582 3738 s.
1631 3697 1675 3738 s.
1725 3677 1855 3737 adv.
1909 3680 2053 3753 142,
2077 3680 2157 3737 22
2206 3672 2436 3739 Λάκων
2482 3672 2788 3748 Λάκαινα,
2856 3672 3113 3752 δράκων

503 3761 829 3840 δράκαινα.
1695 3790 1698 3793 ’

679 3851 1278 3918 Animadvertendum
1323 3861 1516 3916 autem
1563 3861 1645 3915 est
1686 3858 1875 3917 initiis
1919 3858 2129 3931 quibus
2175 3858 2227 3915 ei
2271 3859 2371 3931 qui
2404 3857 2709 3931 possident
2753 3856 3113 3923 indicantur,

492 3948 830 4020 possessiva
872 3948 1104 4020 pariter
1154 3948 1498 4021 inaequalia
1553 3963 1674 4006 esse
1726 3950 1898 4021 atque
1941 3948 2251 4020 primitiva
2302 3946 2460 4004 umde
2514 3946 2859 4005 derivantur
2909 3947 3010 4020 11,
3033 3945 3112 4004 31

596 4036 698 4109 12,
719 4036 776 4094 3.

684 4126 786 4200 12,
805 4127 837 4183 1
879 4124 1015 4186 τοῖς
1054 4119 1178 4203 [τε]
1217 4119 1505 4199 ἀριθμοῖς
1544 4119 1674 4203 [καὶ
1701 4123 1838 4185 ταῖς
1867 4119 2242 4204 πτώςεςιν]]
2275 4118 2581 4185 ‘Extrema
2618 4123 2802 4183 verba
2829 4119 2908 4202 (κ.
2930 4139 2982 4182 τ.
3003 4119 3116 4200 π.),

504 4215 645 4290 quia
704 4233 856 4274 unus
917 4217 1008 4274 est
1066 4232 1238 4275 casus
1297 4212 1414 4274 τοῦ
1475 4209 1659 4274 ἐντὸς
1714 4210 2093 4289 προςώπου,
2159 4214 2493 4292 genetivus,
2559 4231 2999 4289 supervacanea
3059 4216 3120 4272 et

501 4306 818 4379 propterea
865 4302 1070 4363 addita
1115 4322 1240 4364 esse
1286 4304 1476 4363 videri
1519 4307 1789 4380 possunt,
1834 4303 1994 4380 quod
2029 4303 2338 4381 primitiva
2374 4302 2609 4363 dixerat
2646 4293 2783 4383 (10,
2806 4293 2917 4384 27)
2956 4298 3117 4362 κατὰ

504 4392 742 4452 πτῶςιν
803 4389 907 4453 καὶ
971 4387 1240 4467 ἀριθμὸν
1304 4388 1589 4468 διάφορα
1643 4412 1784 4453 esse.
1880 4392 1995 4453 Sed
2048 4394 2206 4452 recte
2261 4393 2414 4452 dixit
2458 4388 2562 4453 καὶ
2608 4390 2745 4452 ταῖς
2791 4387 3118 4462 πτώςεςιν,

505 4483 649 4558 quia
703 4483 966 4559 genetivi
1021 4481 1178 4541 νῶϊν
1231 4477 1413 4557 ἡμῶν
1466 4482 1686 4559 reliqui
1741 4483 1846 4560 qui
1900 4485 2041 4542 sunt
2084 4483 2147 4541 in
2192 4482 2566 4559 possessivis,
2628 4482 2760 4559 lege
2808 4480 3119 4557 analogiae

463 4592 470 4598 ²
506 4588 622 4629 non
678 4573 931 4647 possunt
984 4571 1120 4630 duoi
1176 4572 1248 4630 ab
1305 4567 1463 4645 ἐμοῦ
1510 4575 1571 4631 et
1616 4572 1861 4649 reliquis
1908 4572 2199 4650 genetivis
2247 4572 2567 4650 singularis
2610 4563 2866 4630 numeri'
2923 4568 3045 4628 Ska
3090 4570 3120 4627 I

509 4661 567 4734 5,
587 4661 643 4718 4.
681 4692 771 4701 —
815 4659 900 4721 At
944 4660 1000 4720 h.
1038 4660 1079 4720 l.
1118 4661 1357 4720 omnino
1401 4679 1521 4719 non
1569 4659 1640 4721 de
1686 4662 1978 4739 genetivis
2023 4662 2446 4739 personalium,
2493 4660 2598 4738 qui
2642 4661 2705 4719 in
2752 4660 2948 4719 locum
2984 4677 3120 4736 pos-

507 4750 862 4809 sessivorum
909 4749 1191 4810 substitui
1235 4754 1511 4826 possunt,
1557 4769 1748 4811 sermo
1795 4754 1911 4825 est,
1966 4750 2068 4811 sed
2113 4750 2185 4811 de
2230 4751 2379 4828 ipsis
2422 4751 2801 4827 possessivis:
2846 4768 2916 4808 ea
2962 4749 3120 4808 enim

509 4838 636 4897 sola
681 4834 1097 4914 παραχθέντα
1140 4838 1433 4899 dicuntur.
1524 4839 1656 4899 Iam
1702 4859 1835 4899 oum
1892 4837 2044 4914 ἐμός
2089 4836 2395 4914 νωίτερος
2439 4835 2746 4914 ἡμέτερος
2793 4841 3121 4898 ceterorum

507 4928 974 5003 possessivorum
1035 4929 1239 5004 initia,
1302 4930 1404 4989 ubi
1462 4929 1607 4990 fines
1669 4948 1778 5007 per
1840 4948 2012 4989 ossus
2067 4929 2467 5003 declinantur,
2530 4927 2931 4988 immutabilia
2984 4928 3123 5003 sint,

510 5035 629 5076 non
673 5017 846 5077 video
891 5038 1009 5096 quo
1055 5018 1230 5078 modo
1273 5020 1608 5096 possessiva
1654 5014 1815 5079 κατὰ
1860 5016 1937 5080 τὸ
1985 5015 2170 5080 ἐντὸς
2214 5015 2564 5094 πρόςωπον
2610 5019 2646 5077 i.
2679 5038 2726 5077 e.
2762 5017 3117 5095 possessoris
