3738 5530
707 310 793 373 80
881 308 1321 364 Commentarius
1349 308 1576 364 criticus
1605 309 1666 364 et
1690 308 2012 380 exegeticus
2039 308 2100 363 in
2127 307 2427 378 Apollonii.
2442 307 2671 377 Dyscoli
2700 308 2913 378 scripta
2940 308 3171 363 minora.

705 481 911 554 statui,
955 498 1029 539 ne
1075 481 1137 538 in
1185 473 1333 550 ςύγε
1380 478 1618 555 quidem
1662 481 1877 556 potest.
1984 477 2268 555 Sequitur
2311 480 2381 537 ut
2427 473 2577 551 ςύγε
2623 477 2828 539 eodem
2872 477 3049 539 modo
3096 479 3323 538 factum

706 570 788 629 sit
833 586 950 645 quo
996 563 1204 640 ἔγωγε
1248 568 1287 626 i.
1327 586 1373 626 e.
1419 586 1528 643 per
1569 586 1915 646 paragogen
1963 569 2066 644 54,
2084 570 2210 627 4—
2222 570 2321 627 12.

885 656 1071 717 Lehrs
1118 677 1172 733 q.
1212 675 1258 715 e.
1302 657 1425 715 132
1473 655 1530 714 h.
1570 657 1607 715 1.
1662 658 1728 716 in
1785 659 2147 717 contrariam
2208 661 2442 735 partem
2505 659 2734 734 accepit
2787 652 2883 717 In
2938 652 3086 728 εύγε
3151 648 3325 739 (item

709 738 911 828 εοίγε)
975 764 1085 823 per
1138 747 1445 806 accentum
1506 746 1681 822 quale
1728 747 1880 806 illud
1925 763 2000 820 γε
2045 749 2126 807 sit
2169 766 2290 807 non
2335 746 2619 807 efficitur:
2680 745 2958 824 Apollon.
3006 764 3170 824 pron.
3221 747 3321 806 68.

709 835 953 896 Cramer
996 835 1111 895 An.
1157 835 1189 894 I
1229 835 1375 910 185,
1395 836 1453 894 3.
1558 832 1675 895 Sed
1730 836 2011 911 efficitur,
2069 835 2425 913 Apollonius
2479 837 2703 912 inquit,
2767 855 2838 895 ex
2891 836 3108 895 Dorico
3161 830 3325 909 τύγα

706 925 1065 1003 particulam
1126 923 1335 984 inesse.
1430 922 1516 983 Cf.
1581 924 1654 985 de
1701 926 1848 985 coni.
1919 927 2067 1001 517,
2097 927 2180 984 28
2228 951 2313 974 =
2363 926 2518 1001 250,
2552 929 2583 984 1
2655 921 2822 986 ἔςτιν
2884 920 3324 1000 ὑποδείγματα

706 1011 1146 1090 παρέλκοντος
1192 1011 1308 1089 μὲν
1354 1013 1472 1074 τοῦ
1518 1010 1593 1085 γέ
1631 1060 1645 1074 .
1684 1059 1698 1073 .
1735 1011 1839 1075 καὶ
1886 1010 1957 1076 ἐν
2003 1015 2096 1095 τῷ
2143 1010 2215 1075 ςύ
2262 1031 2336 1089 γε
2382 1010 2449 1076 Π
2487 1007 2641 1097 89>’.
2734 1013 2866 1085 Qua
2918 1017 2979 1073 in
3034 1017 3322 1091 interpre-

706 1107 935 1164 tatione
982 1106 1430 1180 acquiescerem,
1476 1104 1593 1163 nisi
1637 1103 1944 1163 haererem
1979 1106 2044 1163 in
2080 1103 2174 1164 his
2209 1104 2406 1164 verbis
2440 1123 2606 1182 pron.
2640 1105 2744 1180 54,
2762 1106 2803 1163 4
2852 1100 3001 1178 ςύγε
3037 1098 3323 1175 Ἀττικοί,

700 1188 993 1267 ’καθάπερ
1040 1189 1145 1253 καὶ
1202 1188 1280 1253 τὸ
1340 1188 1566 1266 ἔγωγε.
1658 1193 1813 1263 Quid
1869 1192 2036 1252 aliud
2094 1193 2428 1271 significare
2484 1196 2738 1271 possunt
2795 1195 2912 1253 nisi
2968 1193 3112 1269 hoc,
3172 1188 3321 1266 ςύγε

705 1281 911 1343 eodem
973 1281 1149 1342 modo
1212 1282 1437 1342 factum
1503 1299 1628 1342 esse
1693 1301 1810 1358 quo
1866 1278 2116 1354 ἔγωγεῗ
2209 1283 2322 1343 hoc
2375 1302 2515 1343 vero
2574 1302 2682 1361 per
2737 1301 3079 1361 paragogen
3126 1286 3323 1341 ortum

706 1391 831 1433 esse
883 1371 1156 1450 pluribus
1210 1371 1405 1432 verbis
1459 1389 1642 1448 supra
1700 1372 2035 1448 expositum
2093 1374 2207 1448 est3
2301 1373 2653 1450 praesertim
2706 1391 2841 1432 cum
2899 1374 2983 1432 sic
3040 1375 3325 1450 pergatur

705 1457 891 1522 Τινὲς
937 1457 1009 1522 ἐν
1056 1456 1194 1521 buci
1238 1457 1448 1536 μέρεςι
1493 1456 1721 1533 λόγου,
1787 1464 1856 1521 ut
1902 1464 2193 1539 appareat
2234 1461 2390 1521 hanc
2435 1463 2691 1522 aliorum
2734 1464 3093 1522 sententiam
3136 1462 3323 1538 priori

706 1552 943 1628 opponi.
1035 1548 1344 1610 Accedunt
1387 1550 1569 1610 verba
1614 1570 1764 1627 quae
1810 1553 2138 1627 sequuntur
2184 1547 2285 1612 Ἐν
2332 1547 2448 1627 μὲν
2496 1545 2615 1612 οὖν
2661 1552 2754 1632 τῷ
2800 1549 2974 1631 τόνῳ
3018 1546 3140 1624 οὐχ
3177 1544 3322 1611 οἶόν

706 1656 777 1700 τε
842 1634 1155 1711 διελέγξαι
1210 1636 1329 1714 τὴν
1383 1637 1814 1715 παραγωγήν,
1880 1636 1952 1700 ἐν
2008 1638 2081 1700 δὲ
2137 1642 2214 1720 τῇ
2262 1636 2524 1720 Δωρικῇ
2572 1636 2736 1712 τύγα
2782 1634 2937 1721 οὔςῃ
2986 1635 3322 1712 ςυνάγεται

706 1724 810 1790 καὶ
864 1725 941 1790 τὸ
997 1724 1173 1800 ςύγε;
1228 1728 1544 1805 postremis
1601 1731 1759 1788 enim
1813 1729 1965 1788 nihil
2021 1730 2185 1789 aliud
2232 1732 2581 1807 exprimitur
2625 1731 2742 1789 nisi
2784 1730 2922 1789 hoc:
2986 1724 3323 1800 ςυνὰγεται

707 1815 812 1879 καὶ
853 1813 894 1892 ἡ
941 1817 1060 1878 τοῦ
1108 1813 1257 1889 ςύγε
1303 1814 1677 1892 παραγωγή.
1777 1817 2049 1894 Denique
2112 1818 2342 1878 Lehrsii
2403 1819 2959 1895 interpretationem
3021 1818 3325 1877 dissuadet

706 1907 1037 1967 Herodiani
1080 1907 1511 1982 testimonium,
1565 1909 1668 1983 qui
1711 1909 1776 1966 in
1820 1908 1916 1967 his
1960 1908 2136 1968 rebus
2180 1910 2370 1985 patris
2416 1909 2675 1986 vestigia
2718 1926 2917 1986 presse
2961 1907 3131 1984 sequi
3174 1907 3326 1967 solet

575 2055 582 2062 ,
708 1996 772 2055 Π
812 1998 1243 2072 199,12-2Ο
1291 1989 1357 2078 (1.
1400 1998 1480 2055 12
1521 1991 1646 2057 ἔςτι
1690 2029 1766 2038 -
1812 1997 1894 2056 15
1942 1993 2241 2071 τρέπουςι
2279 1999 2466 2076 signis
2512 1992 2533 2022 ³
2574 1992 2595 2022 '
2638 1998 3025 2057 indicandum
3061 1999 3170 2072 est,
3210 1996 3324 2056 hoc

707 2104 833 2146 esse
879 2086 1160 2160 aliorum,
1204 2104 1324 2146 non
1368 2085 1696 2145 Herodiani
1738 2078 2058 2169 placitum)
2123 2081 2290 2147 ἀλλὰ
2346 2085 2592 2161 μᾶλλον
2637 2083 2903 2147 κάλλιόν
2950 2081 3078 2146 ἐςτι
3125 2085 3322 2147 δεῖξαι

710 2170 841 2236 ἀπὸ
835 2174 1011 2270 -τῆς
1054 2170 1341 2236 Ἀτθίδος
1400 2171 1736 2236 διαλέκτου
1795 2172 1869 2236 ἓν
1934 2172 2127 2251 μέρος
2181 2173 2412 2248 λόγου·
2476 2171 2553 2236 τὸ
2609 2172 2759 2248 ςύγε
2814 2170 3147 2236 ἑπέκταςιν
3192 2169 3324 2249 ἔχει

707 2260 785 2325 τὸ
830 2280 905 2337 γε
953 2260 1043 2324 ὡς
1088 2260 1165 2325 τὸ
1221 2259 1446 2337 ἔγωγε.
1550 2263 1668 2324 Sed
1733 2265 1879 2341 quid
1943 2263 2016 2324 de
2078 2266 2185 2325 illo
2248 2265 2606 2342 syndesmici
2668 2265 2799 2325 loco
2864 2256 3133 2346 (250,1)
3179 2262 3322 2323 fiet?

707 2354 983 2414 Fortasse
1027 2352 1142 2430 Ap.
1190 2357 1251 2414 et
1294 2349 1445 2426 ςύγε
1490 2371 1614 2413 esse
1660 2354 1876 2414 statuit
1920 2356 1982 2414 et
2027 2350 2099 2415 ςύ
2146 2370 2249 2427 γε,
2302 2357 2543 2415 notione
2588 2373 2708 2413 non
2752 2371 2993 2431 prorsus
3037 2355 3187 2430 pari.
3241 2385 3319 2394 —

708 2442 799 2502 Ex
843 2443 938 2503 his
983 2442 1180 2504 verbis
1224 2461 1390 2521 pron.
1424 2443 1527 2518 54,
1544 2446 1668 2503 5-
1678 2445 1714 2503 6
1768 2442 1886 2504 τοῦ
1938 2440 2013 2515 γέ
2039 2475 2129 2486 -
2157 2438 2229 2504 ἐν
2279 2439 2514 2518 τρίτοις
2564 2443 2714 2504 dicit
2752 2441 2990 2504 Lobeck
3035 2443 3151 2502 ΕΠ.
3193 2444 3323 2502 240

706 2551 922 2610 parum
965 2533 1210 2611 liquere,
1258 2532 1402 2610 quid
1445 2533 1518 2592 de
1565 2526 1679 2605 ὅγε
1727 2534 1962 2609 antiqui
2006 2535 2355 2609 statuerint,
2419 2552 2554 2593 cum
2598 2536 2660 2593 et
2704 2527 2821 2604 ὅγε
2868 2535 2928 2592 et
2973 2526 3089 2593 ὅδε
3133 2532 3327 2609 possit

705 2622 1044 2701 significari.
1111 2620 1229 2682 Sed
1256 2640 1390 2682 cum
1418 2616 1457 2682 ὅ
1485 2636 1562 2694 γε
1589 2621 1664 2681 81)
1690 2621 2034 2682 Herodiano
2065 2615 2155 2705 (H
2178 2625 2322 2698 199,
2345 2614 2635 2704 22-28)
2672 2642 2781 2700 pro
2811 2620 3040 2682 duabus
3078 2621 3323 2682 vocibus

708 2712 984 2773 habitum
1029 2712 1135 2787 sit,
1190 2730 1440 2789 cumque
1486 2711 1765 2773 credibile
1809 2710 2086 2772 videatur
2127 2713 2241 2790 Ap.
2289 2711 2362 2772 de
2405 2712 2519 2773 hac
2561 2732 2626 2773 re
2669 2711 2829 2772 idem
2875 2714 3143 2788 sensisse,
3187 2711 3243 2770 h.
3280 2710 3323 2770 1.

708 2800 780 2863 de
827 2796 942 2862 ὅδε
986 2819 1316 2862 sermonem
1359 2819 1485 2861 esse
1530 2803 1728 2861 censet
1771 2799 1958 2861 Lentz
2015 2794 2108 2884 (H
2147 2805 2270 2862 199
2319 2793 2488 2883 not).
2549 2802 2958 2878 ‘Quamquam
3000 2820 3168 2878 pron.
3219 2801 3325 2875 54,

711 2892 881 2951 5—6
929 2910 1005 2950 ne
1058 2891 1246 2968 ipsius
1293 2890 1532 2967 quidem
1575 2889 1710 2967 Ap.,
1752 2890 1857 2950 sed
1912 2909 2118 2951 eorum
2170 2891 2355 2952 verba
2408 2895 2550 2951 sunt
2603 2909 2749 2968 quos
2803 2892 3114 2967 loquentes
3159 2890 3323 2949 facit.

889 2981 993 3055 54,
1015 2981 1185 3039 7—8
1223 2983 1378 3056 synt.
1412 2982 1514 3055 50,
1537 2983 1647 3055 193
1681 2979 1865 3039 Koen.
1896 2978 2069 3059 Greg.
2100 2979 2230 3041 Cor.
2263 2982 2419 3055 2683
2456 2980 2598 3039 Ahr.
2627 2980 2790 3040 diall.
2820 2980 2883 3038 H
2914 2981 3060 3040 248.
3121 2978 3323 3039 Aeoli-

711 3088 843 3129 cam
887 3065 965 3129 τύ
1010 3069 1266 3128 formam
1310 3088 1429 3128 non
1475 3070 1920 3129 commemorari
1967 3072 2169 3130 monet
2210 3069 2354 3129 Ahr.
2393 3070 2426 3129 I
2465 3071 2611 3144 124,
2635 3072 2691 3129 2.

890 3160 1068 3235 54,9
1141 3158 1254 3218 hoc
1324 3159 1729 3236 fragmentum
1789 3157 2065 3219 Alcmani
2128 3158 2458 3221 vindicavit
2520 3159 2752 3220 Ahrens
2816 3158 2990 3218 MRh.
3038 3157 3128 3217 VI
3166 3158 3325 3234 2343

889 3337 1097 3413 54,1o
1161 3337 1235 3397 cf.
1290 3356 1455 3413 pron.
1505 3338 1742 3415 83,11;
1804 3341 1959 3416 synt.
2011 3330 2325 3421 15,12¹·);
2374 3340 2654 3416 12o,12;
2704 3338 2987 3413 131‚1e;
3036 3322 3321 3410 183‚15';

706 3425 892 3487 Lehrs
937 3445 992 3503 q.
1031 3445 1078 3485 e.
1130 3428 1273 3487 122.
1353 3426 1498 3486 Ahr.
1535 3426 1699 3486 diall.
1735 3427 1798 3487 H
1837 3429 1983 3489 248.
2056 3427 2172 3488 Pro
2220 3422 2451 3499 ἐγκλιν.
2499 3427 2930 3505 exspectaveris
2977 3420 3311 3499 ἐγκλιτική,

709 3517 780 3574 ut
828 3516 932 3591 53,
954 3518 1053 3575 17.

889 3559 993 3681 54,
1015 3607 1094 3664 11
1158 3604 1271 3665 1ιοο
1317 3625 1550 3685 quoque
1594 3606 1852 3668 frustum
1895 3606 2174 3666 Alcmani
2217 3607 2435 3667 tribuit
2476 3607 2620 3667 Ahr.
2667 3606 2840 3666 MRh.
2887 3607 2928 3665 1.
2974 3624 3019 3666 s.
3067 3623 3111 3666 s.
3158 3603 3320 3664 diall.

887 3779 990 3844 Τύ
1038 3784 1301 3845 doricum
1345 3788 1673 3845 accusativo
1719 3803 1862 3847 casn
1904 3786 2186 3847 inclinari
2242 3786 2470 3861 aliquid
2512 3786 2848 3860 offensionis
2888 3785 3072 3845 habet.
3162 3782 3323 3842 Nam

707 3873 775 3948 a)
821 3874 1053 3933 nullam
1096 3891 1420 3949 pronomen
1471 3876 1821 3935 inclamatum
1863 3894 1978 3951 per
2034 3877 2277 3936 eandm
2331 3877 2586 3950 formam
2629 3876 2888 3935 diversos
2933 3889 3106 3934 casus
3147 3874 3321 3947 siqni-

707 3964 850 4036 ficat
895 3964 1300 4039 54,13—14.
1407 3963 1468 4038 b)
1527 3964 1913 4040 Quaecumque
1973 3967 2261 4027 secundae
2311 3983 2472 4039 pers.
2525 3966 2885 4040 pronomina
2944 3963 3320 4030 inchnantur,

709 4055 884 4112 ctiam
927 4056 1078 4113 recto
1121 4057 1315 4113 tenore
1347 4054 1739 4127 profermztur
1784 4072 1927 4114 casu
1969 4072 2091 4114 non
2131 4058 2380 4114 nmtato:
2432 4057 2533 4129 qui
2576 4056 2757 4128 iyitur
2800 4055 2979 4126 βίαι
3022 4048 3108 4112 τύ
3154 4068 3318 4112 accu—

706 4144 933 4201 sativus
992 4159 1114 4202 non
1176 4133 1503 4224 (interdum
1566 4134 1776 4224 etiam)
1843 4148 2060 4203 rechem
2121 4148 2320 4203 tonum
2381 4144 2672 4217 accipiat?
2746 4143 3168 4217 54,14—17.
3231 4171 3318 4181 —

706 4230 988 4291 Fortasse
1029 4234 1264 4291 omnino
1307 4248 1427 4291 non
1472 4235 1556 4290 est
1597 4235 1984 4303 accusativae,
2029 4235 2130 4292 sed
2173 4235 2570 4292 nominativus
2613 4234 2932 4307 improprie
2968 4233 3094 4291 cius
3118 4233 3322 4306 partes

708 4321 933 4381 obtinet.
1024 4320 1225 4396 Neque
1267 4322 1332 4380 id
1374 4323 1605 4381 mirum.
1694 4321 1859 4383 Nam
1900 4326 1970 4382 ut
2006 4325 2304 4397 yenativus
2348 4323 2562 4391 dativo,
2606 4324 2694 4381 ita
2737 4323 3106 4381 accusativus
3139 4320 3321 4380 nomi-

706 4413 906 4470 nativo
951 4411 1096 4470 adeo
1140 4411 1348 4484 affinis
1392 4414 1490 4479 est,
1534 4414 1602 4470 ut
1641 4415 1881 4485 uterque
1925 4428 2098 4471 casus
2140 4428 2314 4487 saepe
2354 4429 2482 4471 wna
2527 4413 2836 4485 eademque
2870 4411 3067 4485 forma
3100 4413 3317 4469 utatur.

706 4500 1024 4560 Praeterea
1079 4501 1446 4560 accusativus
1502 4502 1819 4575 improprie
1874 4504 2196 4575 usurpatus
2253 4518 2295 4561 a
2345 4502 2701 4561 nominativo
2753 4503 2901 4561 sabis
2953 4501 3320 4567 ἀίσσω-πίων,

708 4592 810 4663 qui
872 4607 1002 4649 eam
1061 4590 1256 4665 ipsmn
1298 4590 1367 4649 ob
1419 4607 1568 4659 rem,
1633 4591 1787 4665 quod
1845 4593 2241 4651 nominativus
2305 4594 2420 4661 est,·
2469 4607 2774 4666 nunqnam
2830 4590 3154 4651 inclinatur
3217 4588 3322 4665 54,

887 4883 933 4955 ⁸)
969 4884 1070 4940 ubi
1113 4884 1354 4939 fortasse
1400 4882 1757 4941 scribendum
1802 4889 1838 4955 ἡ
1877 4891 2018 4954 γοῦν
2061 4891 2165 4956 τῆς
2211 4888 2383 4957 ὀρθῆς
2426 4890 2692 4944 πτώςεως
2736 4888 2889 4957 παρὰ
2934 4888 3210 4956 Δωριεῠςι
3252 4887 3325 4942 τὺ

711 4956 1012 5027 ἑγκλιθεῖςα
1048 4958 1361 5027 ἀναγκαίως
1395 4960 1735 5031 παρέφθειρε
1773 4963 1861 5017 καί
1896 4963 2003 5033 τήν
2040 4962 2275 5017 εὐθεῖαν.
2365 4959 2719 5035 Quamquam
2755 4977 2802 5015 v
2844 4958 2972 5017 adn.
3014 4959 3089 5014 ad
3126 4965 3213 5031 42,
3234 4963 3324 5023 25
