3738 5530
450 299 465 315 ⁶
556 303 643 367 54
1500 312 1676 361 ΠΕΡΙ
1716 311 2220 366 ΔΝΤΩΝΤΜΙΑΣ.

1432 420 2284 472 μοεωειῆιιε-τοωειοιοοι»

559 506 794 591 ἄλλος,
841 508 931 572 ως
960 510 1365 593 προείρηται,
1415 512 1564 577 οὔτε
1595 515 1670 578 τὸ
1701 514 1966 581 ἐκεῖνος.
2042 516 2194 581 ὅθεν
2227 516 2280 580 εἰ
2310 518 2388 581 τὸ
2422 517 2495 581 ςύ
2525 522 2851 598 κλητικῆς,
2897 520 3161 587 πάντως

561 610 664 672 καὶ
706 610 976 675 εὐθείας.
1024 647 1107 657 -
1151 613 1240 677 Τὸ
1286 615 1358 678 δὲ
1404 619 1815 693 ςυνεμπεςεῖν
1860 618 1979 696 τὴν
2024 620 2258 698 φωνὴν
2303 618 2390 683 οὐ
2434 622 2658 685 ξένον·
2708 621 2993 687 πλεῑςται
3035 622 3160 701 γάρ

560 711 714 776 εἰςιν
759 712 997 778 εὐθεῖαι
1044 714 1581 794 ςυνεμπίπτουςαι
1624 721 1764 781 ταῖς
1809 721 2152 798 κλητικαῑς.

734 815 930 892 (ύγε
997 816 1290 893 Ἀττικοί,
1358 817 1642 897 καθάπερ
1710 821 1816 883 καὶ
1880 821 1956 884 τὸ
2023 820 2251 899 ἔγωγε.
2367 823 2548 888 Τινὲς
2615 823 2687 889 ἐν
2754 825 2891 888 δυςὶ
2955 825 3163 904 μέρεςι

496 934 529 981 5
566 916 795 994 λόγου,
846 922 992 983 «τοῦ
1035 919 1109 993 γέ
1156 918 1226 983 ἐν
1271 920 1609 1000 παραθέςει
1654 922 1982 1006 κειμένου,
2027 922 2169 988 ἐπεὶ
2212 924 2278 987 αἱ
2323 923 2839 1004 ἐπεκτεινόμεναι
2883 925 2954 991 ἐν
2985 928 3161 1005 πρώ·

564 1039 699 1085 τοις
744 1021 847 1084 καὶ
890 1019 963 1083 ἐν
1005 1021 1291 1100 τρίτοις».
1380 1021 1482 1086 Ἐν
1529 1024 1644 1101 μὲν
1693 1021 1813 1088 οὖν
1857 1030 1951 1106 τῷ
1994 1024 2171 1107 τόνῳ
2216 1024 2339 1104 οὐχ
2382 1024 2528 1095 οἷόν
2572 1046 2642 1091 τε
2686 1027 2999 1102 διελέγξαι
3039 1029 3157 1107 τὴν
3195 1030 3242 1087 Β

564 1122 991 1201 παραγωγήν,
1048 1121 1120 1187 ἐν
1178 1124 1250 1187 δὲ
1304 1130 1380 1208 τῇ
1425 1124 1688 1207 Δωρικῇ
1744 1124 1948 1201 τύγα
2003 1125 2158 1210 οὔςῃ
2219 1126 2552 1202 ςυνάγεται
2599 1130 2701 1192 καὶ
2742 1130 2817 1193 τὸ
2863 1128 3031 1206 ςύγε.
3120 1129 3159 1207 ἡ

532 1224 686 1303 ’γὰρ
731 1224 807 1288 τύ
852 1222 1050 1303 ὀρθῆς
1093 1224 1332 1288 τάςεως
1379 1224 1539 1289 οὐςα
1585 1226 1838 1292 εὐθεῖαν
1885 1227 2164 1305 ςημαίνει
2208 1229 2386 1306 παρὰ
2429 1231 2770 1312 Δωριεῡςι,

820 1327 922 1390 καὶ
965 1327 1040 1389 τὺ
1070 1325 1236 1390 Διὸς
1279 1326 1552 1406 θύγατερ
1582 1328 2044 1407 μεγαλόςθενες
2077 1327 2220 1412 (lyr.
2254 1348 2353 1412 gr.
2385 1328 2600 1413 adesp.
2627 1331 2713 1394 42
2741 1330 2960 1416 Bergk
2983 1329 3159 1417 111³),

469 1444 530 1491 10
567 1428 981 1506 ἐγκλινομένη
1028 1429 1100 1493 δὲ
1145 1428 1509 1513 αἰτιατικήν,

819 1530 920 1594 καί
963 1551 1039 1593 τυ
1083 1529 1405 1623 φίλιππον
1451 1515 1675 1609 ἔθηκεν
1721 1530 1865 1614 (lyr.
1911 1550 2007 1615 gr.
2054 1530 2272 1616 adesp.
2315 1533 2399 1597 43
2445 1532 2660 1620 Bergk
2703 1534 2858 1621 111³)

568 1632 668 1697 καὶ
710 1631 782 1696 τί
824 1653 912 1695 τυ
959 1631 1161 1709 ἐγὼν
1206 1633 1491 1715 ποιέω;
1539 1632 1830 1713 (ώφρων
1876 1633 1985 1717 (fr.
2034 1634 2116 1723 24
2162 1632 2486 1720 Ahrens).·

741 1732 1020 1812 Οὐδεμία
1106 1732 1475 1811 ἀντωνυμία
1572 1735 1921 1810 ἐγκλιθεῑςα
2007 1736 2314 1801 πτώςεως
2400 1737 2762 1818 ἐναλλαγὴν
2849 1744 3156 1805 ποιεῖται·

572 1835 923 1917 ςημειωτέα
988 1835 1109 1900 οὐν
1171 1835 1211 1913 ἡ
1268 1836 1351 1899 τύ
1407 1835 1738 1915 ἐγκλιτική.
1805 1872 1887 1882 -
1954 1836 2025 1902 Αἱ
2081 1838 2241 1903 κατὰ
2297 1838 2374 1903 τὸ
2438 1840 2746 1918 δεύτερον
2802 1842 3158 1920 πρόςωπον
3199 1849 3242 1902 C

476 1953 535 2000 15
572 1938 1011 2017 ἐγκλινόμεναι
1076 1937 1339 2001 πάντως
1393 1938 1496 2000 καὶ
1550 1937 2116 2022 ὀρθοτονοῦνται,
2152 1945 2264 2018 τῆς
2330 1939 2525 2019 αὐτῆς
2589 1943 2893 2007 πτώςεως
2948 1942 3160 2008 οὐςαι·

571 2042 640 2126 (ἡ
697 2043 811 2118 μὲν
865 2040 991 2117 γὰρ
1047 2038 1265 2103 εὐθεῖα
1318 2038 1459 2104 οὐδ’
1501 2039 1675 2104 ὅλως
1720 2039 2179 2123 ἐγκλιθήςεται,
2236 2043 2376 2107 ἐπεὶ
2418 2042 2800 2125 ἀδύνατον)·
2857 2051 2997 2110 πῶς
3042 2044 3163 2109 οὖν

572 2145 612 2223 ἡ
668 2142 745 2206 τύ
801 2141 911 2204 ἐπ’
965 2140 1301 2218 αἰτιατικῆς
1354 2142 1473 2205 οὐκ
1530 2142 2000 2219 ὀρθοτονεῑται;
2073 2180 2144 2189 -
2216 2144 2322 2223 Μή
2377 2145 2562 2209 ποτ’·
2599 2145 2721 2211 οὖν
2788 2145 2928 2210 οὐδ’
2993 2146 3164 2211 ὅλως

573 2244 913 2322 αἰτιατικῆς
957 2242 1154 2325 ἐςτίν,
1209 2241 1353 2306 ἀλλ’
1396 2242 1467 2307 ἐν
1513 2242 1774 2321 ςχήματι
1820 2244 2236 2329 λαμβάνεται,
2293 2247 2346 2329 ᾧ
2393 2246 2571 2330 λόγῳ
2615 2248 2720 2311 καὶ
2763 2249 2977 2327 δοτικὴ
3022 2245 3165 2311 ἀντὶ

572 2349 846 2425 γενικῆς,

474 2462 540 2509 20
1410 2446 1645 2524 Ἀχιλῆι
1691 2446 2023 2525 δαμαςθείς
2069 2448 2152 2529 (Χ
2195 2447 2325 2528 55).

576 2554 676 2618 καὶ
721 2550 838 2615 οὐκ
883 2548 1209 2615 ἀνοίκειον
1252 2548 1329 2613 τὸ
1376 2552 1608 2627 ςχῆμα·
1666 2549 1705 2627 ἡ
1767 2550 1884 2628 μὲν
1928 2550 2053 2627 γὰρ
2098 2551 2312 2628 γενικὴ
2356 2555 2433 2633 τῇ
2479 2556 2696 2636 δοτικῇ
2743 2552 3083 2635 ᾡκείωται,
3125 2552 3165 2630 ἡ
3205 2561 3356 2615 69Α

576 2657 650 2718 δὲ
693 2653 996 2729 αἰτιατικὴ
1041 2657 1118 2731 τῇ
1163 2649 1378 2732 εὐθείᾳ
1423 2649 1658 2725 οὕτως,
1709 2648 1871 2714 ὥςτε
1915 2653 2016 2715 καὶ
2059 2650 2130 2715 ἐν
2176 2656 2417 2717 δυϊκοῖς
2460 2653 2652 2717 ἃπαςι
2698 2655 3167 2734 ςυνεμπίπτειν,

578 2757 680 2822 καὶ
735 2753 885 2819 καθ’
944 2752 1156 2817 ἑνικὰς
1212 2750 1497 2830 ἐκφορὰς
1509 2801 1528 2833 ,
1587 2749 1677 2817 ὡς
1732 2752 1834 2816 ἐπὶ
1892 2752 2288 2837 οὐδετέρων,
2351 2754 2454 2817 καὶ
2508 2755 2667 2819 κατὰ
2721 2755 3168 2838 πληθυντικὰς,

581 2857 672 2921 ὡς
726 2856 830 2920 ἐπὶ
894 2859 1026 2920 τῶν
1094 2852 1547 2936 ςυνῃρημένων
1611 2857 2092 2937 πληθυντικῶν,
2158 2853 2233 2918 οἱ
2299 2860 2571 2934 ταχεῖς
2632 2857 2822 2921 τοὺς
2882 2860 3168 2935 ταχεῖς.

479 2968 546 3016 25
582 2960 702 3023 οὐκ
766 2957 1025 3032 ἀλόγως
1090 2955 1162 3018 δὲ
1228 2955 1330 3018 καὶ
1394 2955 1499 3018 διὰ
1563 2958 1675 3031 τῆς
1734 2955 2071 3029 ἐγκλίςεως
2125 2957 2199 3020 τὸ
2257 2960 2458 3037 ςχῆμα
2513 2961 2622 3034 τῆς
2681 2958 3018 3035 αἰτιατικῆς
3071 2957 3169 3022 ἐν·

582 3061 927 3132 δείκνυται,
984 3055 1115 3132 εἴγε
1159 3055 1373 3118 εὐθεῖα
1418 3054 1577 3121 οὐςα
1621 3055 1927 3121 ἀδυνατεῖ
1969 3055 2380 3133 ἐγκλίνεςθαι.
2481 3058 2561 3122 οὐ
2605 3061 2724 3139 χρὴ
2770 3060 2896 3136 ἄρα
2938 3061 3170 3138 ζητεῖν,

584 3163 689 3227 διὰ
742 3159 800 3224 τί
857 3157 975 3222 οὐκ
1030 3157 1471 3236 ὸρθοτονεῖται
1524 3158 1627 3222 καὶ
1682 3157 1789 3221 ἐπὶ
1840 3161 1952 3234 τῆς
1997 3158 2352 3238 αἰτιατικῆς.
2450 3160 2505 3225 εἰ
2548 3161 2671 3239 γὰρ
2717 3162 3018 3240 λέγομεν,
3078 3160 3169 3223 ὡς
3206 3172 3257 3225 Β

587 3264 718 3327 ἀπὸ
773 3265 886 3338 τῆς
930 3261 996 3323 ςέ
1043 3259 1331 3342 ἐγένετο,
1382 3262 1801 3338 χωρήςαντος
1852 3263 1971 3323 τοῦ
2025 3263 2060 3325 ἒ
2104 3260 2192 3325 εἰς
2237 3264 2304 3336 ὓ,
2364 3264 2455 3325 ὡς
2510 3264 2661 3341 τῆλε
2714 3265 2874 3340 τῆλυ
2918 3261 3018 3326 καὶ
3062 3261 3170 3326 λά-

585 3371 756 3429 ζεται
801 3363 1092 3443 λάζυται,
1137 3361 1603 3440 καταλείψομεν
1647 3363 1932 3440 ζήτηςιν,
1977 3364 2137 3427 διότι
2183 3362 2300 3428 οὐκ
2344 3362 2797 3441 ὀρθοτονεῖται.

722 3633 935 3685 Amvu.
998 3635 1029 3682 2
1065 3629 1458 3682 Nominativus
1493 3631 1684 3683 autem
1712 3629 1862 3684 vocis
1896 3646 2032 3685 sono
2057 3632 2378 3701 saepissime
2402 3648 2506 3700 par
2530 3633 2618 3685 est
2639 3632 2917 3690 vocativa
2955 3663 3018 3672 —
3057 3638 3088 3685 4
3112 3632 3177 3685 In

589 3721 719 3783 ςύγε
766 3716 939 3771 attico
977 3713 1144 3783 quale
1189 3714 1262 3767 sit
1294 3732 1358 3778 γε
1403 3712 1572 3776 illud,
1611 3730 1680 3767 ex
1717 3717 1952 3769 accentu
2000 3732 2112 3769 non
2149 3716 2460 3784 colligitur:
2508 3716 2751 3770 efficitur
2793 3734 2896 3786 per
2931 3716 3180 3771 doricam

588 3805 761 3867 τύγα,
807 3816 921 3853 non
954 3799 1136 3853 inesse
1170 3799 1237 3862 γέ
1270 3798 1364 3851 vel
1399 3799 1472 3864 γά
1506 3798 1867 3867 particulam3
1920 3816 1991 3853 ea
2035 3799 2183 3853 enim
2220 3799 2292 3854 ad
2327 3817 2417 3853 res
2451 3799 2879 3869 distinguendas
2911 3801 3178 3869 pertinet,

589 3890 661 3941 τύ
699 3887 890 3939 autem
927 3883 1304 3948 accusativus,
1353 3884 1418 3936 ut
1452 3883 1551 3950 qui
1585 3882 1660 3936 sit
1694 3883 2015 3948 enuntians,
2061 3884 2390 3939 indefinitus
2425 3886 2534 3949 est,
2580 3884 2774 3952 itaque
2812 3885 2884 3937 ab
2918 3884 3019 3938 ina
3052 3901 3178 3954 pat-

591 3971 768 4025 ticula
802 3969 1084 4025 abhorret.
1134 3997 1193 4006 —
1249 3973 1311 4020 14
1348 3968 1430 4021 Τύ
1467 3966 1717 4021 doricum
1753 3968 2077 4022 accusativo
2114 3985 2246 4022 casu
2282 3968 2564 4034 inclinari,
2610 3968 2823 4037 aliquid
2862 3968 3181 4023 offensionis

592 4056 781 4110 habet.
863 4054 1010 4107 Nam
1054 4053 1273 4105 nullum
1312 4067 1622 4120 pronomen
1659 4052 1991 4106 inclinatum
2039 4070 2143 4121 per
2186 4052 2424 4106 eandem
2462 4054 2698 4106 sormam
2736 4053 2986 4107 diversos
3020 4069 3181 4107 casus

594 4139 896 4208 significan
934 4152 1303 4206 quaecunque
1339 4135 1674 4204 pronomina
1706 4137 1984 4190 secundae
2021 4153 2292 4205 personae
2327 4137 2695 4202 inclinantur,
2735 4137 2934 4191 eodem
2968 4153 3098 4190 casu
3122 4138 3184 4191 elz

593 4223 923 4276 inclinatum
961 4223 1021 4275 et
1054 4221 1275 4274 rectum
1310 4221 1508 4274 tonum
1544 4220 1772 4275 habent.
1842 4220 2101 4275 Fortasse
2138 4221 2363 4275 omnino
2398 4237 2510 4275 non
2548 4222 2635 4275 est
2667 4221 3042 4286 accusativus,
3079 4219 3180 4274 sed

595 4305 972 4361 nominativus
1008 4323 1118 4361 non
1153 4304 1408 4375 legitime
1445 4304 1564 4359 eius
1598 4307 1791 4374 partes
1825 4305 2063 4361 obtinet.

732 4542 922 4596 D1scn.
961 4562 1160 4601 scum.
1233 4549 1278 4595 1.
1317 4545 1570 4608 κλιτικης
1606 4543 1648 4596 Α
1681 4545 1691 4609 Ι
1722 4548 1767 4602 4,
1809 4556 2032 4609 μερεςιν
2068 4543 2110 4595 Α
2143 4543 2153 4608 Ι
2183 4547 2232 4598 6.
2256 4543 2383 4596 οἷόν
2418 4560 2482 4596 τε
2517 4543 2587 4608 b,
2624 4559 2847 4597 οιονται
2883 4545 2925 4598 Α
2958 4545 3184 4610 18.δω·

600 4644 813 4696 ριευςιν
851 4630 893 4682 Α
924 4629 934 4695 Ι
970 4634 1048 4681 11.
1084 4644 1153 4681 τυ
1188 4627 1255 4693 b,
1291 4642 1382 4680 τοι
1422 4628 1464 4681 Α
1497 4631 1505 4693 Ι
1537 4631 1739 4693 εθηκεν
1775 4628 1838 4690 Α,
1878 4628 2041 4693 ἔθηκε
2079 4625 2116 4678 b
2148 4628 2157 4694 Ι
2186 4633 2266 4680 21.
2302 4644 2590 4681 οικειωται
2627 4628 2669 4680 Α
2709 4629 2719 4693 Ι
2757 4633 2841 4685 22.
2877 4629 2940 4680 ἐν
2973 4628 3188 4680 δυϊκοῑς

603 4713 724 4776 Ab,
763 4713 859 4779 qui
894 4712 1035 4765 falso
1071 4714 1134 4765 ἐν
1169 4711 1228 4764 in
1255 4713 1297 4766 Α
1337 4725 1455 4763 esse
1490 4711 1666 4779 negat
1695 4712 1705 4777 1
1736 4725 1941 4764 απαςιν
1966 4711 2008 4763 Α
2041 4711 2051 4777 Ι
2081 4715 2163 4768 29.
2198 4713 2266 4763 οὐ
2301 4714 2405 4779 χρὴ
2442 4712 2550 4777 ἄρα
2584 4711 2798 4780 ζητεῖν]
2836 4710 2930 4768 sol,
2971 4715 3064 4762 161
3091 4727 3142 4762 v.
3174 4713 3182 4776 1

602 4802 683 4850 28.
709 4801 744 4848 ΰ
762 4796 816 4861 b,
841 4812 904 4850 cu
929 4796 1054 4850 erat
1074 4795 1132 4847 in
1159 4796 1230 4862 Α,
1256 4794 1357 4848 sed
1379 4794 1438 4846 in
1458 4796 1492 4850 ῦ
1516 4795 1654 4852 mut.
1681 4797 1758 4850 Ax
1791 4796 1801 4864 Ι
1830 4801 2068 4850 29.-30.
2088 4795 2339 4863 λάζεται,
2364 4797 2594 4850 λάζυται
2611 4794 2676 4862 b,
2705 4797 2895 4851 λαζετε
2917 4797 3117 4849 λαζυτε
3139 4796 3186 4850 Α
3274 4846 3286 4857 ,
