3738 5530
706 293 839 360 150
911 292 1358 349 Commentarius
1386 292 1613 347 criticus
1642 294 1703 347 et
1728 290 2051 362 exegeticus
2077 289 2138 346 in
2167 290 2454 361 Apollonii
2480 289 2709 360 Dyscoli
2737 290 2947 362 scripta
2973 291 3205 347 minora.

697 463 1058 538 infinitivus,
1123 466 1192 523 ut
1249 460 1514 538 πρᾶγμα
1568 460 1727 538 quod
1789 463 1853 520 in
1917 459 2042 520 illis
2094 479 2214 521 non
2275 461 2436 520 inest
2492 461 2790 538 designet,
2853 462 2942 521 ita
2993 463 3211 528 tamen
3248 467 3316 522 ut

699 552 999 614 infinitivo
1045 553 1242 613 desint
1287 571 1438 629 quae
1482 551 1663 611 verbo
1719 549 1999 611 accidunt
2042 545 2152 626 (τὰ
2205 546 2680 627 παρεπόμενα);
2745 551 2978 611 numeri
3032 570 3313 629 personae

698 642 1021 704 modalitas
1076 635 1382 723 (ἀριθμοί,
1444 638 1785 716 πρόςωπα,
1850 635 2123 701 διάθεςις
2177 637 2414 714 ψυχική
2470 640 2566 698 vel
2621 637 2856 715 ψυχικὴ
2917 638 3315 717 παρέμφαςις

700 732 834 792 adv.
877 733 1025 806 131,
1046 723 1158 813 23)
1204 733 1358 808 synt.
1401 731 1548 804 228,
1570 730 1898 804 24-230‚
1920 731 2018 789 21.
2110 729 2207 788 Ita
2252 728 2323 788 fit
2365 730 2437 788 ut
2480 728 2813 790 infinitivus
2858 724 3071 804 ὄνομα
3114 727 3312 806 πράγ-

702 837 901 897 ματος
949 821 1299 898 appelletur,
1362 839 1478 897 quo
1523 822 1587 879 in
1629 820 1869 880 nomine
1917 838 1955 878 a
1998 815 2294 896 principio
2339 819 2491 877 nihil
2537 819 2734 878 inerat
2777 820 2896 879 nisi
2938 820 3078 895 hoc,
3122 820 3314 881 infini-

698 914 827 972 tivo
890 910 1187 970 actionem
1249 909 1498 969 definiri.
1618 909 1735 969 Sed
1800 928 1934 968 cum
1998 909 2354 985 Apollonius
2427 907 2788 968 infinitivum
2860 908 3047 969 etiam
3109 904 3314 986 ὄνομα

701 996 985 1077 ῥήματος
1039 998 1378 1059 denominet
1433 990 1618 1080 (synt.
1668 1001 1773 1074 31,
1793 991 1864 1081 6)
1912 1000 1974 1058 et
2018 999 2083 1057 in
2136 997 2449 1057 infinitivis
2496 992 2883 1073 ὀνοματικὴν
2929 997 3314 1076 κατηγορίαν

699 1090 817 1152 τοῦ
873 1085 1249 1165 πράγματος
1304 1089 1496 1150 inesse
1549 1088 1911 1165 praecipiat,
1966 1106 2218 1163 cumque
2278 1088 2459 1147 etiam
2515 1087 2625 1147 hoc
2684 1089 3124 1165 epirrhematici
3186 1091 3314 1150 loco

700 1179 797 1241 δεῖ
833 1183 895 1239 et
932 1175 1051 1254 χρή
1100 1182 1168 1238 ut
1212 1179 1395 1239 verba
1440 1179 1703 1240 construi
1740 1178 2018 1238 dicantur
2055 1196 2190 1236 cum
2234 1176 2549 1236 infinitivis
2594 1180 2903 1255 tamquam
2950 1179 3315 1239 casualibus:

700 1268 1203 1346 appellationibus
1259 1262 1468 1343 ὄνομα
1520 1264 1897 1342 πράγματος
1953 1270 2014 1326 et
2058 1261 2267 1341 ὄνομα
2323 1261 2604 1341 ῥήματος
2657 1267 2809 1326 illud
2856 1286 3093 1344 quoque
3139 1269 3315 1329 simul

698 1358 962 1418 indicare
997 1358 1236 1417 videtur
1262 1358 1575 1434 Dyscolu8‚
1610 1357 1975 1417 infinitivum
2010 1356 2275 1416 medium
2312 1356 2608 1431 quendam
2647 1358 2841 1416 locum
2877 1357 3036 1416 inter
3071 1358 3315 1418 verbum

698 1451 760 1508 et
811 1466 1027 1508 nomen
1081 1447 1374 1520 obtinere,
1428 1449 1517 1507 ita
1570 1451 1770 1506 tamen
1825 1449 1897 1505 ut
1947 1448 2167 1505 natura
2219 1445 2466 1505 verbum
2521 1446 2615 1504 sit.
2715 1446 2930 1523 Itaque
2984 1466 3105 1506 nou
3155 1453 3313 1508 recte

697 1527 864 1614 Jo'lly
920 1529 1296 1618 (Geschichte
1343 1536 1444 1597 des
1488 1536 1788 1597 Infinitive
1832 1556 1890 1613 p.
1933 1526 2046 1616 25)
2093 1528 2303 1608 ὄνομα
2358 1529 2639 1609 ῥήματος
2694 1537 2880 1595 vertit
2925 1530 3314 1597 ‘Vei-halemb-

699 1621 985 1702 stantiv'3
1028 1627 1247 1686 rectius
1291 1628 1492 1686 vertas
1538 1620 1557 1650 ‘
1572 1618 2218 1686 Substantivverbum’.

879 1717 1129 1791 129,18
1176 1715 1686 1776 GFSchoemanno
1733 1708 1824 1797 (Π
1873 1707 1941 1794 9)
1986 1714 2203 1773 mirum
2249 1712 2593 1788 videbatur,
2646 1713 2737 1773 his
2794 1708 2849 1774 εἰ
2896 1709 3063 1775 ἔςτιν
3110 1710 3311 1777 εἰπεῖν

697 1807 1079 1884 hypothetice
1124 1805 1244 1865 dici
1289 1805 1447 1882 quod
1495 1806 1592 1864 all.
1632 1806 1693 1864 ll.
1731 1823 1841 1881 pro
1889 1805 2051 1863 certo
2096 1802 2421 1863 affirmavit
2455 1803 2599 1880 Ap.:
2645 1803 2747 1862 sed
2792 1805 2922 1881 ipse
2969 1823 3139 1864 suam
3184 1824 3311 1865 sen-

697 1897 951 1956 tentiam
996 1896 1252 1955 correxit
1296 1913 1492 1971 opusc.
1531 1894 1618 1954 IV
1667 1895 1816 1968 247,
1859 1895 2017 1952 recte
2064 1888 2118 1952 εἰ
2165 1887 2331 1952 ἔςτιν
2379 1887 2581 1952 εἰπεῖν
2628 1892 2927 1967 explicans
2977 1888 3172 1954 ‘wenn
3216 1897 3313 1955 ich

701 2004 767 2047 so
803 2002 988 2063 sagen
1024 1978 1211 2059 darf',
1255 2003 1375 2061 quo
1412 2000 1586 2045 sensu
1624 1986 1851 2044 veteres
1888 1982 2080 2041 Attici
2122 1977 2211 2042 ὡς
2248 1976 2451 2042 εἰπεῖν
2486 1982 2679 2041 dicere
2717 1983 2925 2042 solent.
2999 1983 3314 2044 Pr0banda

701 2093 881 2152 porro
937 2076 1029 2135 est
1072 2072 1566 2133 GFSchoemanni
1624 2071 1958 2133 emendatio
2013 2066 2525 2146 παρυφιςτάνονε
2587 2066 2757 2130 ‘hinc
2810 2072 3031 2148 pendet
3082 2092 3316 2134 accusa-

702 2166 863 2224 tivus
909 2160 987 2223 τό
1035 2159 1153 2224 οὐκ
1208 2158 1627 2237 ἐγγινόμενον
1674 2158 1747 2222 ἐν
1793 2156 2187 2236 προςώποις,
2245 2160 2473 2221 scilicet
2517 2160 2803 2235 πρᾶγμα,
2865 2162 3025 2239 quod
3070 2183 3103 2223 e
3148 2182 3316 2240 supe-

700 2254 857 2312 riore
902 2251 1166 2312 membro
1212 2252 1518 2312 subaudiri
1564 2245 1779 2311 debet?
1863 2245 2346 2325 Παρυφιςτάνω
2393 2251 2616 2328 legitur
2660 2252 2814 2327 synt.
2860 2254 3007 2327 297,
3028 2254 3096 2328 53
3151 2255 3316 2327 μεθι-

705 2338 915 2402 ςτάνω
955 2341 1086 2402 adv.
1121 2344 1268 2415 191,
1290 2343 1401 2417 133
1437 2336 1769 2418 ἀφιςτάνω
1808 2343 1965 2416 synt.
1999 2342 2146 2415 117,
2170 2342 2285 2414 143
2321 2339 2515 2399 medio
2552 2337 3028 2415 παρυφίςταμαι
3057 2342 3169 2419 Ap.
3200 2362 3318 2402 non

700 2431 909 2492 utitur.
1002 2433 1222 2491 Totum
1276 2433 1471 2491 locum
1526 2431 1611 2491 sic
1665 2432 1850 2490 vertit
1905 2428 2030 2488 ska
2073 2428 2129 2485 V
2179 2431 2289 2488 12:
2350 2423 2481 2489 ‘das
2537 2425 2706 2505 ῥῆμα
2750 2431 3002 2490 welches
3048 2432 3319 2493 darstellt

703 2521 810 2581 das
855 2520 1008 2581 noch
1053 2521 1219 2580 nicht
1264 2540 1340 2580 an
1386 2520 1685 2581 Personen
1730 2519 1857 2579 sich
1903 2516 2209 2597 zeigende‚
2254 2519 2513 2577 namlich
2557 2520 2665 2578 das
2712 2538 2836 2579 was
2882 2520 3028 2580 eben
3075 2521 3179 2581 der
3220 2522 3314 2581 In·

702 2609 898 2670 finitiv
925 2609 1091 2669 kund
1116 2610 1273 2686 thut,
1310 2610 1468 2686 oder,
1494 2613 1608 2671 wie
1633 2609 1991 2686 Apollonius
2020 2610 2188 2669 sonst
2222 2608 2467 2685 spricht,
2503 2607 2599 2668 die
2627 2608 2955 2688 Handlung
2983 2606 3314 2689 (πρᾶγμα),

702 2701 923 2760 welche
969 2700 1117 2759 eben
1161 2700 1266 2759 der
1309 2699 1579 2760 Infinitiv
1620 2698 1981 2773 bezeichnet,
2026 2716 2104 2757 an
2150 2696 2254 2757 der
2299 2698 2426 2757 sich
2470 2698 2624 2758 noch
2668 2698 2835 2758 nicht
2879 2698 3175 2761 Personen
3218 2700 3315 2761 be·

702 2784 1038 2869 theiligen.'
1135 2790 1304 2849 Nihil
1349 2791 1538 2868 igitur
1581 2787 1933 2850 mutandum
1977 2787 2229 2848 videtur.

890 2881 1037 2954 129,
1059 2881 1144 2939 20
1190 2874 1329 2940 ἐπεὶ
1375 2875 1544 2941 ἅπαξ
1591 2872 1907 2954 ‘simulac'‚
1952 2877 2113 2937 idem
2157 2878 2322 2937 valet
2367 2871 2536 2939 ἅπαξ
2584 2871 2665 2938 ἄν
2711 2877 2840 2938 adv.
2884 2880 3031 2955 135,
3056 2880 3152 2939 18.
3233 2879 3315 2941 cf.

710 2972 862 3045 synt.
906 2970 1008 3044 30,
1033 2969 1313 3044 19—34,
1336 2971 1432 3029 28.
1519 2964 1920 3043 Κατηγορίαν
1965 2962 2342 3041 πράγματος
2387 2967 2595 3027 eodem
2639 2986 2815 3028 sensu
2861 2967 3055 3029 dicere
3093 2968 3317 3030 Stoicos

711 3061 915 3118 monet
960 3056 1326 3120 GFSchoem.
1368 3077 1563 3136 opusc.
1601 3058 1687 3117 IV
1728 3059 1875 3117 239.

888 3149 1036 3225 129,
1054 3150 1134 3207 25
1164 3148 1236 3209 cf.
1255 3168 1423 3225 pron.
1441 3150 1544 3219 44,
1563 3150 1697 3223 lsq.
1746 3148 1836 3206 De
1865 3165 1938 3206 ea
1965 3148 2264 3206 structura
2292 3164 2475 3222 quam
2502 3164 2609 3206 nos
2639 3148 3044 3209 accusativum
3071 3167 3204 3209 cum
3230 3150 3316 3208 in-

705 3237 939 3297 finitivo
967 3239 1275 3298 nominare
1301 3238 1735 3312 consuevimus,
1761 3238 1874 3314 Ap.
1895 3235 2134 3295 uberius
2162 3235 2395 3295 locutus
2414 3239 2505 3295 est
2532 3239 2686 3312 synt.
2712 3239 2860 3312 240,
2878 3240 3201 3314 12-244,
3218 3240 3316 3298 22.

712 3327 860 3402 285,
881 3327 1163 3404 9—287,
1186 3329 1297 3403 263
1341 3329 1414 3387 cf.
1445 3325 1642 3386 SkaV
1674 3326 1754 3385 19
1776 3344 1861 3402 sq.
1937 3325 2009 3383 In
2054 3325 2148 3385 his
2193 3325 2382 3403 igitur
2425 3324 2524 3385 δεῖ
2559 3321 3002 3388 Ἀπολλώνιον
3047 3323 3320 3404 γράφειν

710 3416 927 3476 statuit
970 3410 1249 3492 γράφειν
1294 3417 1624 3476 subiectum
1669 3406 1856 3496 (quod
1902 3416 2098 3474 miuus
2145 3417 2418 3474 accurate
2462 3414 2612 3475 dicit
2657 3415 2787 3475 adv.
2832 3417 3027 3491 131,7
3075 3414 3152 3478 τὸ
3197 3413 3320 3491 γὰρ

706 3503 806 3566 δεῖ
850 3500 956 3565 ἐπὶ
999 3503 1073 3566 τὸ
1120 3500 1397 3582 γράφειν
1434 3496 1729 3585 φέρεται)
1766 3500 2209 3565 Ἀπολλώνιον
2252 3503 2547 3564 obiectum
2585 3505 2684 3566 δεῖ
2727 3507 2895 3566 verbi
2942 3523 3095 3567 esse:
3140 3506 3203 3565 id
3249 3526 3319 3566 ex

707 3594 973 3671 exemplo
1027 3595 1159 3654 adv.
1213 3597 1359 3670 130,
1380 3596 1550 3655 5——6
1614 3594 1800 3653 allato
1860 3593 2300 3671 apertissimum
2362 3597 2467 3654 est.
2561 3594 2769 3672 Neque
2828 3597 3026 3656 minus
3086 3599 3325 3656 constat

706 3680 745 3757 ἡ
793 3678 1064 3744 διάθεςις
1117 3680 1158 3758 ἡ
1205 3683 1323 3744 τοῦ
1378 3683 1477 3744 δεῖ
1530 3679 1889 3757 ἐλλειπτική
1945 3700 2070 3744 esse
2125 3677 2472 3743 ‘transitiva
2525 3687 2680 3744 actio
2735 3680 3087 3761 deficiendi',
3141 3704 3318 3761 quam

708 3771 809 3834 δεῖ
853 3772 1178 3852 significat,
1233 3791 1386 3850 quae
1442 3792 1511 3832 ex
1566 3772 1857 3849 subiecto,
1916 3772 1953 3830 i.
2003 3792 2048 3832 e.
2097 3792 2167 3831 ex
2212 3772 2511 3834 infinitivo
2557 3773 2805 3835 subiecti
2853 3776 2982 3835 loco
3029 3776 3324 3854 apposite,

710 3864 772 3921 in
821 3861 1143 3937 obiectum,
1202 3863 1238 3920 i.
1288 3882 1334 3921 e.
1382 3863 1494 3922 hoc
1538 3862 1667 3922 loco
1712 3858 2175 3933 Ἀπολλώνιον,
2229 3864 2475 3922 transit.
2534 3863 2781 3923 dubium
2836 3865 3026 3942 igitur
3068 3884 3185 3924 non
3232 3868 3325 3924 est

718 3952 866 4028 quin
911 3951 1410 4011 GFSchoemanni
1464 3952 1797 4013 emendatio
1842 3950 1962 4013 τοῦ
2009 3945 2479 4028 ἀπαρεμφάτου
2525 3947 2684 4031 <ἐν>
2728 3949 2943 4032 εὐθείᾳ
2989 3969 3322 4014 ςυνταςςο-

721 4037 935 4115 μένου
980 4042 1294 4102 verissima
1329 4042 1422 4102 sit.
1498 4041 1612 4101 Sed
1652 4061 1773 4119 qua
1806 4042 1882 4100 de
1928 4058 2108 4101 causa
2152 4061 2261 4118 pro
2308 4036 2466 4115 μετὰ
2510 4041 2627 4102 τοῦ
2665 4037 3137 4118 ἀπαρεμφάτου
3183 4042 3322 4103 sori-

711 4132 818 4189 bat
864 4125 935 4189 ἐκ
978 4129 1096 4190 τοῦ
1145 4125 1202 4189 ἀ.
1249 4150 1367 4190 ιιοιι
1421 4131 1719 4211 intellego.
1812 4130 1901 4190 Ut
1952 4149 2139 4209 supra
2191 4130 2345 4190 dixit
2388 4130 2681 4207 Dyscolus
2727 4128 2845 4192 ὅςα
2900 4129 3024 4207 γὰρ
3073 4128 3172 4192 ἐπ’
3219 4128 3322 4193 εὐ-

708 4215 884 4279 θείας
929 4218 1174 4280 νοεῖται
1230 4216 1414 4294 μετὰ
1459 4217 1743 4298 ῥήματος
1788 4219 1907 4280 τοῦ
1953 4217 2284 4292 ςυνόντος,
2346 4220 2549 4281 ταῦτα
2593 4219 2711 4295 τὴν
2758 4217 3089 4297 ἐνέργειαν
3135 4238 3320 4298 μετα-

707 4304 946 4382 τίθηςιν
993 4304 1098 4368 ἐπὶ
1150 4306 1268 4383 τὴν
1327 4306 1700 4386 αἰτιατικήν;
1764 4312 1853 4368 ita
1909 4328 2112 4370 rursus
2166 4311 2223 4369 h.
2272 4311 2308 4368 l.
2355 4329 2573 4386 ponere
2631 4311 2834 4387 potuit
2876 4307 2916 4385 ἡ
2964 4308 3236 4374 διάθεςι(
3278 4307 3323 4384 ἡ

707 4395 826 4457 τοῦ
873 4396 972 4456 δεῖ
1000 4442 1013 4456 .
1045 4443 1058 4456 .
1098 4394 1282 4471 μετὰ
1326 4400 1443 4461 τοῦ
1491 4394 1966 4476 ἀπαρεμφάτου
1996 4445 2009 4458 .
2041 4446 2053 4458 .
2093 4395 2359 4474 μέτειςιν
2407 4395 2511 4460 ἐπὶ
2555 4397 2673 4475 τὴν
2721 4395 3087 4475 αἰτιατικήν.
3167 4401 3327 4460 Nam

706 4486 818 4545 hoc
870 4487 1166 4564 praecipit
1217 4487 1359 4565 Ap.:
1421 4509 1529 4550 nec
1593 4489 1844 4550 verbum
1898 4489 2025 4548 sine
2089 4487 2351 4549 subiecto
2406 4508 2515 4549 nec
2568 4489 2899 4550 subiectum
2961 4491 3090 4550 sine
3145 4489 3327 4555 verbo

712 4576 1006 4635 actionem
1079 4578 1457 4638 transitivam
1528 4579 1594 4638 in
1667 4577 1965 4638 obiectum
2034 4578 2357 4638 transferre
2427 4582 2641 4655 potest.
2760 4578 3071 4641 Postrema
3144 4580 3330 4640 verba

708 4664 987 4742 Egenolff
1026 4666 1056 4724 I
1103 4667 1229 4726 842
1278 4669 1362 4728 sic
1407 4669 1617 4729 vertit:
1665 4661 1751 4726 ‘in
1798 4667 1994 4727 dieser
2031 4666 2422 4747 Verbinduug
2468 4668 2722 4729 erblickt
2765 4688 2905 4728 man
2951 4668 3329 4747 gewchnlieh

710 4748 776 4832 [ὁ
825 4750 961 4828 βίος
1006 4749 1168 4817 ‘usus
1222 4751 1603 4829 cotidianus',
1658 4756 1735 4816 ad
1789 4776 1956 4833 pron.
2009 4757 2111 4832 23,
2133 4752 2244 4837 18]
2301 4758 2486 4817 lieber
2540 4758 2670 4818 eine
2718 4757 3107 4837 Steigerung3
3164 4759 3329 4818 diese

705 4843 855 4922 liegt
892 4845 1030 4905 aber
1063 4847 1230 4908 nicht
1265 4848 1459 4922 datin,
1503 4846 1794 4906 vielmehr
1829 4846 1935 4905 der
1978 4846 2219 4924 Mangel
2265 4866 2340 4906 an
2389 4840 2525 4930 (das
2566 4847 2885 4908 Bedfirfnis
2931 4841 3117 4931 nach)
3164 4851 3331 4909 einer

705 4932 1046 5015 Handlung‚
1091 4937 1188 4996 die
1223 4956 1365 4996 man
1401 4934 1735 5013 unbedingt
1775 4935 1927 4995 thun
1974 4936 2157 4996 muss:
2202 4936 2386 4995 daher
2422 4937 2518 4996 die
2553 4938 2776 4998 falsche
2812 4937 3128 4999 Anuahme
3165 4942 3333 4998 einer
