3738 5530
551 231 994 287 Commentarius
1024 232 1250 288 criticus
1280 234 1338 287 et
1365 232 1684 302 exegeticus
1711 233 1771 288 in
1800 232 2087 304 Apollonii
2116 233 2343 304 Dyscoli
2373 235 2584 305 scripta
2610 236 2843 292 minora.
2963 239 2994 302 1
3008 239 3088 304 19

657 403 757 478 93,
781 404 862 463 13
919 400 1043 461 Ska
1087 401 1181 461 III
1227 403 1266 461 8
1324 396 1653 477 ἀφαίρεςις
1708 405 1769 462 et
1821 397 2150 479 ὑφαίρεςις
2203 406 2535 480 promiscue
2580 407 2855 483 usurpari
2901 406 3087 466 docet.

475 491 548 551 V.
595 491 714 551 ind.

655 583 862 656 93,14
909 576 1117 660 ποιές]
1165 581 1308 641 Ahr.
1355 582 1516 641 diall.
1564 581 1625 639 Π
1676 583 1819 640 176.

655 671 1038 747 93,15-16
1087 666 1240 731 νοέν
1276 703 1363 712 -
1401 666 1842 750 δαςμηφορέν]
1891 672 2034 731 Ahr.
2080 671 2243 730 diall.
2289 671 2351 730 H
2401 674 2545 747 177,
2567 675 2622 731 9.

655 762 756 835 93,
780 762 860 820 18
912 754 1137 839 ἄμμες]
1183 760 1326 820 Abx.
1366 759 1528 820 diall
1567 760 1600 819 Ι
1639 762 1798 836 124,
1842 760 1978 820 Mei
2017 761 2049 820 Ι
2089 763 2233 821 166.

654 842 717 931 β)
762 850 1138 910 Nominata'vi
1180 850 1432 927 pluralis
1478 850 1768 910 secundae
1811 869 2114 928 personae

649 934 899 1014 Ὑμεῖς
945 941 1121 1000 attica
1157 944 1211 999 et
1243 942 1437 1000 ionica
1470 941 1667 1013 foma
1702 945 1815 1010 est,·
1859 940 2178 1001 Dorienses
2221 936 2423 1015 ὑμές,
2471 937 2782 1001 Aeolenses
2826 936 3085 1016 ὔμμες,

473 1030 678 1090 Boeoti
723 1024 967 1104 οὑμές.
1063 1028 1311 1089 Omnino
1365 1023 1577 1104 ὑμεῖς
1634 1024 1849 1104 ἡμεῖς
1908 1031 2134 1128 famas
2172 1032 2464 1105 qenainas
2520 1048 2641 1091 esse
2696 1022 2841 1112 (non
2902 1027 3088 1106 ὑμέες

471 1109 707 1200 ἡμέες),
753 1119 842 1178 vel
890 1137 957 1179 ea:
994 1136 1064 1179 ea
1097 1135 1163 1179 re
1207 1123 1470 1194 apparet,
1517 1120 1671 1194 qnod
1717 1136 1784 1178 ex
1830 1121 1913 1179 eis
1947 1117 1971 1179 ῐ
2006 1121 2304 1180 subtracta
2348 1115 2527 1194 ὑμές
2574 1124 2624 1180 et
2671 1115 2851 1194 ἁμές
2895 1121 3089 1194 factae

471 1212 610 1268 sunt
662 1201 714 1291 (i
758 1209 916 1268 enim
970 1208 1341 1268 subtrahitur
1395 1229 1431 1268 a
1475 1209 1890 1285 Doriensibus,
1950 1228 2069 1268 non
2115 1225 2174 1280 ε,
2236 1209 2441 1270 ποιεῖς
2476 1241 2565 1252 -
2602 1201 2829 1291 ποιές).
2920 1210 3089 1269 Nihil

469 1301 652 1372 iyitur
697 1303 880 1373 aqum
922 1300 1024 1373 qui
1076 1299 1302 1371 formas
1347 1293 1569 1373 ὑμέες
1625 1294 1850 1372 ἡμέες
1907 1301 2056 1359 tueri
2108 1300 2363 1368 stadem,
2420 1303 2473 1358 et
2516 1301 2601 1358 ita
2646 1301 2901 1374 quidem,
2955 1304 3023 1359 ut
3065 1298 3087 1361 ῐ

470 1389 536 1446 in
579 1384 613 1447 ἒ
660 1389 966 1448 transiisse
1011 1389 1388 1459 contendantu-
1434 1406 1504 1448 ea
1550 1391 1703 1448 enim
1745 1391 1989 1448 nmtatio
2032 1391 2165 1462 fieri
2208 1415 2247 1446 v.
2272 1407 2329 1446 *n
2372 1389 2514 1448 solet
2554 1391 2675 1448 nisi
2717 1390 2782 1447 in
2820 1389 3089 1449 brevibus

470 1477 713 1551 syllabis
757 1469 906 1560 (non
958 1477 1021 1536 in
1077 1477 1473 1556 diphthongo,
1529 1476 1725 1554 qualis
1772 1480 1864 1538 est
1915 1480 1979 1537 in
2025 1478 2141 1537 fine
2188 1474 2364 1552 ὑμεῖς
2420 1470 2625 1559 vocis).
2720 1473 2883 1537 ‘Iam
2926 1473 3085 1538 vero'

469 1565 750 1643 inquiunt
764 1613 780 1642 ,
845 1561 1166 1627 ‘insolitam
1230 1572 1312 1627 est
1371 1569 1717 1627 nominativi
1779 1569 1995 1628 exitum
2056 1568 2469 1643 diphtlzonqwn
2520 1568 2730 1627 habere
2785 1563 2934 1645 (ὑμ-
2948 1564 3084 1640 εἷς),

469 1657 573 1715 ubi
647 1660 959 1716 ceterorwm
1036 1675 1280 1717 casuwm
1366 1659 1797 1717 terminationes
1872 1675 2057 1717 imam
2130 1658 2384 1716 vocalem
2462 1659 2750 1716 continent
2820 1653 3086 1734 (ὑμ-ῶν

469 1739 675 1818 ὑμ-ῖν
753 1740 1051 1824 ὑμ-ᾶς).’
1151 1742 1238 1805 At
1305 1747 1467 1805 indes
1536 1748 1603 1805 in
1676 1745 1953 1820 ςοφῶν
2024 1749 2275 1821 yenetivi
2351 1747 2506 1805 exitu
2575 1764 2760 1806 anam
2835 1747 3088 1806 vocalem

471 1852 616 1902 esse,
678 1853 810 1895 ewm
853 1838 918 1894 in
963 1838 1161 1895 ceteris
1206 1836 1438 1895 casibus
1482 1837 1598 1895 cluo
1652 1838 1784 1894 sint.
1881 1835 2101 1910 Quodsi
2151 1853 2226 1895 ne
2277 1837 2572 1896 diaeresin
2624 1837 2855 1910 quidem
2908 1832 3086 1911 ὑμεῖς

469 1919 647 1998 ἡμεῖς
681 1943 875 2000 passa
917 1930 1072 1992 sunt,
1133 1943 1265 1984 eam
1308 1927 1465 1984 aliae
1509 1942 1672 1984 voees
1715 1928 1781 1983 in
1822 1922 1931 1984 {Te
1970 1930 2234 1985 exeuntes
2278 1926 2684 1985 distrahantur
2730 1918 2827 2006 (ut
2871 1925 3086 1999 ταχεῖς

467 2009 692 2087 ταχέες
731 2016 833 2090 99,
856 2006 999 2097 23),
1057 2014 1120 2073 id
1165 2034 1285 2074 non
1331 2018 1423 2074 est
1467 2013 1625 2090 quod
1671 2016 1934 2089 mireris3
1980 2034 2117 2074 nam
2155 2018 2223 2074 in
2257 2015 2706 2089 pronominibus
2751 2015 3090 2090 analoyiam

467 2121 646 2177 quam
695 2105 938 2163 nomina
990 2108 1314 2178 sequwntnr
1366 2104 1597 2177 frustra
1652 2121 1911 2177 quaeres.
2003 2103 2194 2174 Quam
2257 2105 2307 2163 si
2360 2105 2717 2180 requirereS,
2778 2107 2960 2164 etiam
3019 2108 3089 2164 ut

460 2195 759 2268 qenetivus
793 2195 1118 2268 sinynlaris
1156 2186 1360 2275 (ὑμεῖς
1395 2189 1574 2268 ἡμεῖς
1610 2185 2038 2274 prononinum)
2074 2197 2142 2253 in
2167 2192 2201 2254 ’ς’
2240 2195 2432 2262 exiret,
2470 2194 2865 2272 flagitandum
2903 2197 3088 2254 esset:

464 2284 520 2341 is
566 2285 718 2341 enim
764 2300 885 2342 esse
928 2284 1068 2342 solet
1110 2285 1252 2356 finis
1296 2300 1500 2342 vocum
1546 2277 1856 2360 (ταχέος),
1911 2301 2161 2358 quarum
2206 2286 2602 2343 nominativus
2646 2284 2808 2358 plwr.
2852 2286 2921 2342 in
2964 2282 3086 2343 ξἐς

468 2374 814 2431 terminatur
857 2373 960 2448 93,
983 2375 1264 2446 22-94,
1285 2374 1340 2430 9.

648 2462 856 2536 93‚22
904 2456 1084 2540 ὑμέε]
1133 2462 1275 2520 Ahr.
1324 2461 1486 2519 dian.
1535 2461 1596 2519 11
1646 2461 1791 2519 258.

647 2552 749 2625 93,
772 2551 856 2609 23
904 2545 1127 2629 ὔμμες]
1175 2551 1317 2610 Ahr.
1357 2550 1521 2610 diall.
1559 2550 1590 2608 Ι
1641 2551 1798 2623 125,
1843 2550 1979 2608 Mei.
2019 2549 2048 2607 I
2099 2551 2243 2608 167.
2328 2548 2701 2610 OHoffinann
2740 2550 2801 2608 Π
2850 2551 2996 2610 560.

648 2642 749 2714 93,
772 2641 855 2699 28
904 2634 1124 2718 οὐμές]
1171 2639 1606 2699 Ahr.dia11.1
1654 2641 1811 2715 208,
1871 2639 2085 2698 Mei.1
2134 2640 2279 2699 273.

646 2731 805 2805 94,1
855 2729 1014 2789 redit
1055 2728 1168 2807 Ap.
1218 2730 1296 2790 ad
1351 2731 1708 2790 sententiam
1762 2731 1887 2788 iam
1941 2745 2148 2807 supra,
2202 2728 2305 2789 ubi
2360 2727 2433 2787 de
2486 2723 2666 2802 ἡμεῖς
2719 2746 2912 2789 sermo
2957 2733 3087 2789 erat

466 2812 655 2901 (93,1
691 2810 828 2899 sq),
873 2820 1174 2896 explosam
1223 2839 1474 2894 eorum,
1491 2822 1594 2896 qui
1637 2814 1829 2893 ἡμέες
1874 2813 2062 2892 ὑμέες
2101 2819 2333 2878 ionicae
2369 2817 2625 2878 dialecto
2671 2819 3086 2895 vindicabant,

465 2905 571 2968 διὰ
624 2908 742 2969 τοῦ
799 2907 832 2968 ἒ
886 2909 1257 2969 scribendum
1315 2927 1442 2969 esse
1487 2902 1896 2991 (RSchneider
1940 2907 2031 2966 HI
2080 2899 2238 2989 592)
2299 2927 2331 2966 e
2385 2907 2739 2984 paraphrasi
2798 2927 3086 2984 apparere

463 2998 708 3058 confido.
811 2999 1029 3058 Totum
1086 2998 1284 3058 locum
1342 2998 1606 3058 nondum
1664 3016 1878 3058 sanum
1937 3016 2064 3058 esse
2123 3000 2323 3058 censet
2381 2997 2662 3057 Hoersch.
2712 2998 2858 3057 387.
2952 2994 3085 3072 Τὴν

465 3083 572 3147 διὰ
616 3085 735 3148 τοῦ
783 3086 838 3148 εἰ
884 3083 1174 3167 γραφήν]
1225 3088 1295 3147 cf.
1343 3107 1510 3165 pron.
1562 3088 1665 3162 93,
1690 3088 1788 3146 13.

645 3178 747 3251 94,
772 3179 808 3235 7
856 3173 974 3251 τὴν
1022 3173 1092 3237 ἐν
1140 3173 1444 3251 ὀνόμαςιν
1488 3170 1879 3238 ἀκολουθίαν
1917 3174 2258 3248 ζητοῦντες
2306 3172 2376 3237 ἐν
2415 3170 2868 3254 ἀντωνυμίαις]
2915 3196 3082 3253 pron.

469 3268 643 3340 9‚12.
697 3268 1017 3343 1o‚272q.
1072 3269 1172 3341 11,
1195 3268 1295 3326 21.
1347 3269 1448 3340 21,
1473 3268 1572 3326 28.
1623 3267 1850 3339 s1‚17.

646 3357 747 3429 94,
770 3356 808 3414 8
865 3352 983 3429 τὴν
1039 3350 1128 3417 εἰς
1171 3354 1209 3415 ἶ
1252 3351 1536 3435 γενικήν]
1594 3355 1718 3416 scil.
1768 3348 2092 3427 ζητητέον.
2186 3353 2442 3414 Omnino
2497 3355 2681 3413 verba
2740 3355 3084 3431 saepissime

465 3448 661 3505 mente
708 3444 1040 3521 supplenda
1084 3449 1251 3520 sunt3
1297 3446 1369 3505 cf.
1410 3464 1561 3522 quae
1609 3444 1684 3504 ad
1736 3446 1791 3519 7,
1815 3444 1896 3503 28
1946 3444 2229 3520 congessi.

640 3534 949 3593 Insulsnm
986 3539 1084 3603 est,
1130 3536 1364 3609 lonyam
1398 3536 1860 3594 terminationem
1898 3524 1988 3613 (in
2026 3524 2231 3614 ὑμεῖς)
2268 3534 2423 3593 duas
2458 3534 2682 3592 vocales
2719 3527 2865 3615 (non
2903 3551 3083 3591 unam

464 3616 927 3704 diphthongum)
975 3627 1264 3700 accipere:
1308 3642 1450 3684 nam
1498 3643 1567 3683 ea
1600 3625 1829 3682 ratione
1876 3624 2049 3681 etiam
2092 3622 2259 3700 longi
2304 3624 2454 3695 fines
2500 3638 2570 3682 υς
2609 3638 2662 3682 ις
2700 3639 2815 3697 pro
2851 3623 3084 3681 duabus

463 3714 757 3773 vocalibus
791 3713 1042 3773 habendi
1089 3718 1304 3775 essent:
1349 3730 1453 3772 nec
1495 3716 1694 3773 minus
1737 3714 2019 3771 insanum
2057 3716 2139 3770 est
2172 3713 2436 3771 dativum
2481 3708 2723 3784 ὑμεῖν,
2769 3729 2888 3770 non
2935 3705 3082 3784 ὑμῖν

462 3803 735 3871 scribere,
792 3807 857 3861 ut
899 3820 1030 3862 eam
1085 3798 1335 3877 ὑμέων
1392 3808 1442 3860 et
1496 3798 1727 3877 ὑμέας
1783 3802 2079 3871 concinat,·
2136 3819 2279 3860 nam
2329 3803 2440 3860 hae
2492 3803 2717 3873 formae
2773 3801 3085 3861 distractae

462 3896 616 3959 swnt,
663 3887 837 3966 ὑμῖν
884 3897 1077 3950 antem
1122 3893 1373 3951 distrahi
1415 3909 1536 3950 non
1570 3908 1746 3966 posse
1793 3908 1822 3949 e
1866 3890 2129 3949 dialectis
2173 3894 2423 3965 apparet
2469 3890 2871 3964 94,10-18.
3088 3912 3093 3917 ·

644 3982 744 4053 94,
770 3982 850 4039 13
899 3976 1111 4041 Πάλιν
1158 3978 1229 4041 δὲ
1278 3976 1380 4041 καὶ
1416 3982 1538 4041 scil.
1580 3975 1702 4054 οὐχ
1748 3974 1940 4050 ὑγιές.
1976 4011 2050 4021 ——
2085 3975 2215 4039 Διὰ
2261 3979 2379 4040 τοῦ
2425 3974 2486 4058 ε]
2535 3980 2606 4039 cf.
2646 3998 2811 4056 pron.
2855 3980 3079 4054 97,15.

643 4071 743 4143 94,
769 4072 849 4130 16
890 4065 1240 4145 παράδοςις
1277 4074 1370 4130 est
1404 4071 1655 4148 vulgata
1691 4069 1979 4128 librorum
2016 4071 2319 4143 memoria,
2364 4089 2472 4147 per
2508 4088 2687 4145 quam
2726 4067 3079 4145 scriptorum

462 4158 824 4220 consuetudo
869 4161 1273 4239 cognoscitur3
1327 4180 1396 4219 ex
1443 4180 1514 4219 ea
1561 4162 1623 4218 et
1667 4179 1698 4218 e
1743 4159 2016 4217 dialectis
2072 4158 2357 4219 iudicium
2404 4158 2476 4217 de
2522 4157 2837 4217 verborum
2874 4159 3081 4217 formis

463 4249 676 4308 fertur:
740 4245 902 4308 κατὰ
960 4245 1078 4323 τὴν
1138 4244 1491 4325 παράδοςιν
1550 4268 1716 4325 pron.
1767 4248 1871 4321 45,
1896 4250 2012 4322 24,
2074 4244 2114 4322 ἡ
2162 4248 2294 4307 τῶν
2355 4242 2775 4321 ἀντιγράφων
2836 4264 2898 4307 π.
2948 4247 3078 4307 adv.

466 4337 611 4413 156,
636 4341 746 4413 203
807 4336 1006 4413 ςαφὲς
1054 4335 1123 4399 ἐκ
1168 4338 1281 4411 τῆς
1326 4355 1389 4397 π.
1437 4339 1514 4397 ib.
1568 4339 1714 4412 161,
1737 4338 1806 4412 9,
1865 4332 2056 4397 ἕνεκα
2100 4336 2212 4409 τῆς
2259 4331 2558 4412 ἀκριβοῦς
2604 4353 2667 4395 π.
2716 4336 2793 4395 ib.
2847 4338 2991 4412 164,
3014 4338 3081 4412 6,

464 4423 900 4502 μαρτυρούςης
936 4427 1050 4501 τῆς
1086 4445 1151 4487 π.
1197 4428 1275 4486 ib
1319 4430 1603 4503 199,17,
1647 4423 1729 4486 τὰ
1775 4421 1937 4485 κατὰ
1982 4420 2335 4500 παράδοςιν
2383 4425 2512 4485 τῶν
2551 4421 2874 4498 Ἑλλήνων
2922 4428 3075 4502 synt.

466 4516 568 4590 36,
590 4518 699 4592 22,
753 4512 793 4590 ἡ
841 4513 1004 4576 κατὰ
1049 4514 1165 4578 τὸν
1211 4512 1619 4591 Ἑλληνιςμὸν
1675 4511 2025 4589 παράδοςις
2070 4514 2147 4573 ib.
2199 4516 2302 4589 36,
2325 4518 2404 4574 27
2455 4507 2732 4596 (eandem
2777 4515 3079 4574 notionem

463 4604 661 4665 induit
719 4605 875 4683 apud
934 4604 2041 4682 Herodianum30f.JWaoke1-nagel
2098 4604 2272 4663 MRh.
2333 4605 2502 4663 1876
2563 4625 2621 4682 p.
2670 4595 2846 4686 433).
2949 4603 3081 4674 Qua

463 4695 756 4770 quomodo
810 4694 1096 4755 utendum
1151 4696 1232 4756 sit
1285 4696 1363 4754 ad
1426 4694 1910 4755 consuetudinem
1966 4698 2278 4770 poetarum
2333 4697 2393 4752 et
2447 4694 2801 4771 scriptorum
2865 4713 3080 4772 cogno-

464 4784 737 4843 scendam
782 4784 1277 4861 statuendamque
1323 4786 1385 4843 et
1429 4785 1506 4844 ad
1551 4803 1725 4844 usum
1771 4783 2138 4843 cotidianum
2184 4782 2624 4860 corrigendum,
2680 4784 2921 4860 exponit
2961 4782 3076 4861 Ap.

466 4875 616 4946 synt.
656 4875 1060 4949 36,19-37,
1084 4876 1181 4933 17.
1234 4875 1458 4949 117,1.
1533 4873 1645 4934 Est
1680 4873 1784 4932 ubi
1820 4869 2170 4947 παράδοςις
2207 4872 2503 4952 significet
2544 4873 2771 4949 placita
2815 4874 3079 4934 virorum
