<?xml version="1.0" encoding="UTF-8"?>
<!DOCTYPE html PUBLIC "-//W3C//DTD XHTML 1.0 Transitional//EN"
    "http://www.w3.org/TR/xhtml1/DTD/xhtml1-transitional.dtd">
<html xmlns="http://www.w3.org/1999/xhtml" xml:lang="en" lang="en">
 <head>
  <title>
</title>
<meta http-equiv="Content-Type" content="text/html;charset=utf-8" />
  <meta name='ocr-system' content='tesseract 3.04.00' />
  <meta name='ocr-capabilities' content='ocr_page ocr_carea ocr_par ocr_line ocrx_word'/>
</head>
<body>
  <div class='ocr_page' id='page_1' title='image "./grammaticigraec00unkngoog_0219.png"; bbox 0 0 3738 5530; ppageno 0'>
   <div class='ocr_carea' id='block_1_1' title="bbox 1245 385 3099 460">
    <p class='ocr_par' dir='ltr' id='par_1_1' title="bbox 1245 385 3099 460">
     <span class='ocr_line' id='line_1_1' title="bbox 1245 385 3099 460; baseline 0.004 -19"><span class='ocrx_word' id='word_1_1' title='bbox 1245 388 1808 460; x_wconf 78' lang='lat' dir='ltr'>[ADVERBIORVM</span> <span class='ocrx_word' id='word_1_2' title='bbox 1845 389 2388 458; x_wconf 77' lang='lat' dir='ltr'>CONSTva&#39;r10.]</span> <span class='ocrx_word' id='word_1_3' title='bbox 2982 385 3099 451; x_wconf 84' lang='lat'>201</span> 
     </span>
    </p>
   </div>
   <div class='ocr_carea' id='block_1_2' title="bbox 522 582 3105 934">
    <p class='ocr_par' dir='ltr' id='par_1_2' title="bbox 522 582 3105 934">
     <span class='ocr_line' id='line_1_2' title="bbox 1583 582 2029 715; baseline -0.009 -45"><span class='ocrx_word' id='word_1_4' title='bbox 1583 582 1636 670; x_wconf 37' lang='lat' dir='ltr'>’t‘</span> <span class='ocrx_word' id='word_1_5' title='bbox 1787 676 1824 715; x_wconf 68' lang='grc'>*</span> <span class='ocrx_word' id='word_1_6' title='bbox 1993 630 2029 666; x_wconf 53' lang='grc' dir='ltr'><em>ἢ</em></span> 
     </span>
     <span class='ocr_line' id='line_1_3' title="bbox 689 746 3103 831; baseline -0.001 -19"><span class='ocrx_word' id='word_1_7' title='bbox 689 747 810 831; x_wconf 90' lang='grc' dir='ltr'>[Τά</span> <span class='ocrx_word' id='word_1_8' title='bbox 853 749 1089 813; x_wconf 87' lang='grc' dir='ltr'>τοπικὰ</span> <span class='ocrx_word' id='word_1_9' title='bbox 1132 754 1265 812; x_wconf 86' lang='grc' dir='ltr'>τῶν</span> <span class='ocrx_word' id='word_1_10' title='bbox 1311 746 1757 828; x_wconf 80' lang='grc' dir='ltr'>ἐπιρρημάτων</span> <span class='ocrx_word' id='word_1_11' title='bbox 1803 752 1973 827; x_wconf 90' lang='grc' dir='ltr'>τρεῖς</span> <span class='ocrx_word' id='word_1_12' title='bbox 2017 748 2147 827; x_wconf 82' lang='grc' dir='ltr'>ἔχει</span> <span class='ocrx_word' id='word_1_13' title='bbox 2193 746 2569 830; x_wconf 85' lang='grc' dir='ltr'>διαςτάςεις,</span> <span class='ocrx_word' id='word_1_14' title='bbox 2621 748 2738 825; x_wconf 86' lang='grc' dir='ltr'>τὴν</span> <span class='ocrx_word' id='word_1_15' title='bbox 2783 747 2854 813; x_wconf 83' lang='grc' dir='ltr'>ἐν</span> <span class='ocrx_word' id='word_1_16' title='bbox 2898 747 3103 831; x_wconf 87' lang='grc' dir='ltr'>τόπῳ,</span> 
     </span>
     <span class='ocr_line' id='line_1_4' title="bbox 522 849 3105 934; baseline 0 -21"><span class='ocrx_word' id='word_1_17' title='bbox 522 851 636 928; x_wconf 89' lang='grc' dir='ltr'>τὴν</span> <span class='ocrx_word' id='word_1_18' title='bbox 683 850 771 915; x_wconf 86' lang='grc' dir='ltr'>εἰς</span> <span class='ocrx_word' id='word_1_19' title='bbox 813 850 1057 934; x_wconf 81' lang='grc' dir='ltr'><strong>τόπον,</strong></span> <span class='ocrx_word' id='word_1_20' title='bbox 1109 851 1226 928; x_wconf 87' lang='grc' dir='ltr'>τὴν</span> <span class='ocrx_word' id='word_1_21' title='bbox 1285 849 1353 913; x_wconf 85' lang='grc' dir='ltr'>ἐκ</span> <span class='ocrx_word' id='word_1_22' title='bbox 1396 850 1623 916; x_wconf 87' lang='grc' dir='ltr'>τόπου.</span> <span class='ocrx_word' id='word_1_23' title='bbox 1700 852 1800 914; x_wconf 88' lang='grc' dir='ltr'>καὶ</span> <span class='ocrx_word' id='word_1_24' title='bbox 1858 853 2062 928; x_wconf 80' lang='grc' dir='ltr'>δῆλον</span> <span class='ocrx_word' id='word_1_25' title='bbox 2119 850 2219 915; x_wconf 87' lang='grc' dir='ltr'>ὅτι</span> <span class='ocrx_word' id='word_1_26' title='bbox 2265 849 2695 927; x_wconf 88' lang='grc' dir='ltr'>ἀρκτικώτερά</span> <span class='ocrx_word' id='word_1_27' title='bbox 2738 850 2865 914; x_wconf 83' lang='grc' dir='ltr'>έςτι</span> <span class='ocrx_word' id='word_1_28' title='bbox 2908 851 2990 915; x_wconf 86' lang='grc' dir='ltr'>τὰ</span> <span class='ocrx_word' id='word_1_29' title='bbox 3033 850 3105 914; x_wconf 84' lang='grc' dir='ltr'>ἐν</span> 
     </span>
    </p>
   </div>
   <div class='ocr_carea' id='block_1_3' title="bbox 518 950 3105 1035">
    <p class='ocr_par' dir='ltr' id='par_1_3' title="bbox 518 950 3105 1035">
     <span class='ocr_line' id='line_1_5' title="bbox 518 950 3105 1035; baseline -0 -20"><span class='ocrx_word' id='word_1_30' title='bbox 518 952 729 1035; x_wconf 86' lang='grc' dir='ltr'>τόπῳ·</span> <span class='ocrx_word' id='word_1_31' title='bbox 782 953 861 1016; x_wconf 86' lang='grc' dir='ltr'>τὰ</span> <span class='ocrx_word' id='word_1_32' title='bbox 919 953 1042 1030; x_wconf 85' lang='grc' dir='ltr'>γὰρ</span> <span class='ocrx_word' id='word_1_33' title='bbox 1096 952 1163 1016; x_wconf 82' lang='grc' dir='ltr'>ἐκ</span> <span class='ocrx_word' id='word_1_34' title='bbox 1221 953 1429 1017; x_wconf 85' lang='grc' dir='ltr'>τόπου</span> <span class='ocrx_word' id='word_1_35' title='bbox 1474 954 1643 1017; x_wconf 85' lang='grc' dir='ltr'>πολὺ</span> <span class='ocrx_word' id='word_1_36' title='bbox 1689 954 2010 1031; x_wconf 88' lang='grc' dir='ltr'>πρότερον</span> <span class='ocrx_word' id='word_1_37' title='bbox 2067 950 2375 1031; x_wconf 84' lang='grc' dir='ltr'>ὁμολογεῖ</span> <span class='ocrx_word' id='word_1_38' title='bbox 2427 951 2503 1015; x_wconf 90' lang='grc' dir='ltr'>τὸ</span> <span class='ocrx_word' id='word_1_39' title='bbox 2561 951 2632 1017; x_wconf 84' lang='grc' dir='ltr'>ἐν</span> <span class='ocrx_word' id='word_1_40' title='bbox 2689 951 2872 1033; x_wconf 85' lang='grc' dir='ltr'>τόπῳ</span> <span class='ocrx_word' id='word_1_41' title='bbox 2918 950 3105 1033; x_wconf 79' lang='grc' dir='ltr'>εἶναι,</span> 
     </span>
    </p>
   </div>
   <div class='ocr_carea' id='block_1_4' title="bbox 416 1052 3107 1136">
    <p class='ocr_par' dir='ltr' id='par_1_4' title="bbox 416 1052 3107 1136">
     <span class='ocr_line' id='line_1_6' title="bbox 416 1052 3107 1136; baseline 0.001 -24"><span class='ocrx_word' id='word_1_42' title='bbox 416 1073 469 1112; x_wconf 77' lang='lat' dir='ltr'>ao</span> <span class='ocrx_word' id='word_1_43' title='bbox 518 1055 617 1116; x_wconf 86' lang='grc' dir='ltr'>καὶ</span> <span class='ocrx_word' id='word_1_44' title='bbox 663 1053 753 1117; x_wconf 87' lang='grc' dir='ltr'>ἔτι</span> <span class='ocrx_word' id='word_1_45' title='bbox 797 1054 872 1117; x_wconf 92' lang='grc' dir='ltr'>τὸ</span> <span class='ocrx_word' id='word_1_46' title='bbox 920 1053 1009 1118; x_wconf 86' lang='grc' dir='ltr'>εἰς</span> <span class='ocrx_word' id='word_1_47' title='bbox 1052 1054 1260 1119; x_wconf 86' lang='grc' dir='ltr'>τόπον</span> <span class='ocrx_word' id='word_1_48' title='bbox 1304 1055 1381 1118; x_wconf 85' lang='grc' dir='ltr'>τὸ</span> <span class='ocrx_word' id='word_1_49' title='bbox 1427 1054 1495 1117; x_wconf 83' lang='grc' dir='ltr'>ἐκ</span> <span class='ocrx_word' id='word_1_50' title='bbox 1539 1053 1747 1119; x_wconf 86' lang='grc' dir='ltr'>τόπου</span> <span class='ocrx_word' id='word_1_51' title='bbox 1791 1056 1910 1132; x_wconf 86' lang='grc' dir='ltr'>τὴν</span> <span class='ocrx_word' id='word_1_52' title='bbox 1957 1055 2291 1136; x_wconf 87' lang='grc' dir='ltr'>μετάβαςιν</span> <span class='ocrx_word' id='word_1_53' title='bbox 2336 1055 2667 1117; x_wconf 86' lang='grc' dir='ltr'>ποιεῖςθαι.</span> <span class='ocrx_word' id='word_1_54' title='bbox 2728 1052 2849 1131; x_wconf 83' lang='grc' dir='ltr'>ἤδη</span> <span class='ocrx_word' id='word_1_55' title='bbox 2892 1054 2964 1117; x_wconf 79' lang='grc' dir='ltr'>δὲ</span> <span class='ocrx_word' id='word_1_56' title='bbox 3005 1052 3107 1116; x_wconf 86' lang='grc' dir='ltr'>καὶ</span> 
     </span>
    </p>
   </div>
   <div class='ocr_carea' id='block_1_5' title="bbox 513 1154 3176 1340">
    <p class='ocr_par' dir='ltr' id='par_1_5' title="bbox 513 1154 3176 1340">
     <span class='ocr_line' id='line_1_7' title="bbox 518 1154 3176 1242; baseline -0.001 -23"><span class='ocrx_word' id='word_1_57' title='bbox 518 1156 622 1219; x_wconf 83' lang='grc' dir='ltr'>διὰ</span> <span class='ocrx_word' id='word_1_58' title='bbox 680 1158 812 1219; x_wconf 87' lang='grc' dir='ltr'>τῶν</span> <span class='ocrx_word' id='word_1_59' title='bbox 869 1159 1119 1235; x_wconf 86' lang='grc' dir='ltr'>φωνῶν</span> <span class='ocrx_word' id='word_1_60' title='bbox 1180 1158 1378 1235; x_wconf 80' lang='grc' dir='ltr'>ςαφὲς</span> <span class='ocrx_word' id='word_1_61' title='bbox 1435 1160 1628 1219; x_wconf 87' lang='grc' dir='ltr'>τοῦτο</span> <span class='ocrx_word' id='word_1_62' title='bbox 1683 1156 2028 1242; x_wconf 62' lang='grc' dir='ltr'>γένήςεται.</span> <span class='ocrx_word' id='word_1_63' title='bbox 2103 1156 2177 1221; x_wconf 89' lang='grc' dir='ltr'>τὸ</span> <span class='ocrx_word' id='word_1_64' title='bbox 2237 1156 2362 1233; x_wconf 85' lang='grc' dir='ltr'>γὰρ</span> <span class='ocrx_word' id='word_1_65' title='bbox 2413 1157 2544 1218; x_wconf 84' lang='grc' dir='ltr'>ποῦ</span> <span class='ocrx_word' id='word_1_66' title='bbox 2591 1154 2870 1234; x_wconf 88' lang='grc' dir='ltr'>ςημαίνει</span> <span class='ocrx_word' id='word_1_67' title='bbox 2913 1155 2989 1219; x_wconf 90' lang='grc' dir='ltr'>τὸ</span> <span class='ocrx_word' id='word_1_68' title='bbox 3035 1154 3105 1218; x_wconf 83' lang='grc' dir='ltr'>ἐν</span> <span class='ocrx_word' id='word_1_69' title='bbox 3143 1166 3176 1217; x_wconf 79' lang='lat'><strong>5</strong></span> 
     </span>
     <span class='ocr_line' id='line_1_8' title="bbox 513 1255 3109 1340; baseline 0 -21"><span class='ocrx_word' id='word_1_70' title='bbox 513 1255 727 1340; x_wconf 87' lang='grc' dir='ltr'>τόπῳ·</span> <span class='ocrx_word' id='word_1_71' title='bbox 788 1257 912 1337; x_wconf 76' lang='grc' dir='ltr'>ἀφ’</span> <span class='ocrx_word' id='word_1_72' title='bbox 962 1257 1042 1322; x_wconf 85' lang='grc' dir='ltr'>οὗ</span> <span class='ocrx_word' id='word_1_73' title='bbox 1097 1258 1335 1333; x_wconf 88' lang='grc' dir='ltr'>γίνεται</span> <span class='ocrx_word' id='word_1_74' title='bbox 1380 1259 1647 1322; x_wconf 87' lang='grc' dir='ltr'>τοπικόν</span> <span class='ocrx_word' id='word_1_75' title='bbox 1693 1257 1781 1322; x_wconf 88' lang='grc' dir='ltr'>εἰς</span> <span class='ocrx_word' id='word_1_76' title='bbox 1824 1257 2032 1322; x_wconf 87' lang='grc' dir='ltr'>τόπον</span> <span class='ocrx_word' id='word_1_77' title='bbox 2077 1257 2472 1336; x_wconf 86' lang='grc' dir='ltr'>παραγωγόν</span> <span class='ocrx_word' id='word_1_78' title='bbox 2518 1257 2675 1321; x_wconf 90' lang='grc' dir='ltr'>πόςε</span> <span class='ocrx_word' id='word_1_79' title='bbox 2732 1256 2832 1319; x_wconf 84' lang='grc' dir='ltr'>καὶ</span> <span class='ocrx_word' id='word_1_80' title='bbox 2887 1255 2977 1320; x_wconf 85' lang='grc' dir='ltr'>ἔτι</span> <span class='ocrx_word' id='word_1_81' title='bbox 3031 1256 3109 1319; x_wconf 89' lang='grc' dir='ltr'>τὸ</span> 
     </span>
    </p>
   </div>
   <div class='ocr_carea' id='block_1_6' title="bbox 295 1343 3110 1440">
    <p class='ocr_par' dir='ltr' id='par_1_6' title="bbox 295 1343 3110 1440">
     <span class='ocr_line' id='line_1_9' title="bbox 295 1343 3110 1440; baseline -0.001 -18"><span class='ocrx_word' id='word_1_82' title='bbox 295 1343 303 1353; x_wconf 63' lang='grc'><strong><em>’</em></strong></span> <span class='ocrx_word' id='word_1_83' title='bbox 388 1373 489 1424; x_wconf 71' lang='lat'>615</span> <span class='ocrx_word' id='word_1_84' title='bbox 523 1357 705 1434; x_wconf 86' lang='grc' dir='ltr'>πόθι,</span> <span class='ocrx_word' id='word_1_85' title='bbox 749 1359 853 1422; x_wconf 85' lang='grc' dir='ltr'>καὶ</span> <span class='ocrx_word' id='word_1_86' title='bbox 898 1359 966 1423; x_wconf 90' lang='grc' dir='ltr'>ἐκ</span> <span class='ocrx_word' id='word_1_87' title='bbox 1007 1359 1217 1424; x_wconf 91' lang='grc' dir='ltr'>τόπου</span> <span class='ocrx_word' id='word_1_88' title='bbox 1260 1360 1336 1423; x_wconf 91' lang='grc' dir='ltr'>τὸ</span> <span class='ocrx_word' id='word_1_89' title='bbox 1380 1359 1599 1422; x_wconf 91' lang='grc' dir='ltr'>πόθεν.</span> <span class='ocrx_word' id='word_1_90' title='bbox 1672 1359 1849 1437; x_wconf 90' lang='grc' dir='ltr'>παρά</span> <span class='ocrx_word' id='word_1_91' title='bbox 1891 1379 1959 1424; x_wconf 96' lang='grc' dir='ltr'>τε</span> <span class='ocrx_word' id='word_1_92' title='bbox 2003 1361 2080 1424; x_wconf 89' lang='grc' dir='ltr'>τὸ</span> <span class='ocrx_word' id='word_1_93' title='bbox 2126 1359 2295 1440; x_wconf 85' lang='grc' dir='ltr'>ὕψος</span> <span class='ocrx_word' id='word_1_94' title='bbox 2338 1359 2516 1438; x_wconf 81' lang='grc' dir='ltr'>ὑψοῦ</span> <span class='ocrx_word' id='word_1_95' title='bbox 2543 1358 2813 1437; x_wconf 84' lang='grc' dir='ltr'>γίνεται,</span> <span class='ocrx_word' id='word_1_96' title='bbox 2859 1357 2985 1437; x_wconf 78' lang='grc' dir='ltr'>ἀφ’</span> <span class='ocrx_word' id='word_1_97' title='bbox 3030 1355 3110 1421; x_wconf 84' lang='grc' dir='ltr'>οὗ</span> 
     </span>
    </p>
   </div>
   <div class='ocr_carea' id='block_1_7' title="bbox 436 1687 463 1726">
    <p class='ocr_par' dir='ltr' id='par_1_7' title="bbox 436 1687 463 1726">
     <span class='ocr_line' id='line_1_10' title="bbox 436 1687 463 1726; baseline 0 0"><span class='ocrx_word' id='word_1_98' title='bbox 436 1687 463 1726; x_wconf 89' lang='grc'>5</span> 
     </span>
    </p>
   </div>
   <div class='ocr_carea' id='block_1_8' title="bbox 413 2095 464 2132">
    <p class='ocr_par' dir='ltr' id='par_1_8' title="bbox 413 2095 464 2132">
     <span class='ocr_line' id='line_1_11' title="bbox 413 2095 464 2132; baseline 0 0"><span class='ocrx_word' id='word_1_99' title='bbox 413 2095 464 2132; x_wconf 83' lang='grc'>10</span> 
     </span>
    </p>
   </div>
   <div class='ocr_carea' id='block_1_9' title="bbox 411 2498 462 2538">
    <p class='ocr_par' dir='ltr' id='par_1_9' title="bbox 411 2498 462 2538">
     <span class='ocr_line' id='line_1_12' title="bbox 411 2498 462 2538; baseline -0.02 0"><span class='ocrx_word' id='word_1_100' title='bbox 411 2498 462 2538; x_wconf 81' lang='lat'>15</span> 
     </span>
    </p>
   </div>
   <div class='ocr_carea' id='block_1_10' title="bbox 405 2906 464 2944">
    <p class='ocr_par' dir='ltr' id='par_1_10' title="bbox 405 2906 464 2944">
     <span class='ocr_line' id='line_1_13' title="bbox 405 2906 464 2944; baseline 0.017 -1"><span class='ocrx_word' id='word_1_101' title='bbox 405 2906 464 2944; x_wconf 78' lang='lat'>20</span> 
     </span>
    </p>
   </div>
   <div class='ocr_carea' id='block_1_11' title="bbox 510 1459 3209 3268">
    <p class='ocr_par' dir='ltr' id='par_1_11' title="bbox 512 1459 1288 1541">
     <span class='ocr_line' id='line_1_14' title="bbox 512 1459 1288 1541; baseline 0.003 -18"><span class='ocrx_word' id='word_1_102' title='bbox 512 1459 588 1524; x_wconf 91' lang='grc' dir='ltr'>τὸ</span> <span class='ocrx_word' id='word_1_103' title='bbox 635 1459 882 1538; x_wconf 82' lang='grc' dir='ltr'>ὑψόθεν</span> <span class='ocrx_word' id='word_1_104' title='bbox 931 1462 1032 1526; x_wconf 89' lang='grc' dir='ltr'>καὶ</span> <span class='ocrx_word' id='word_1_105' title='bbox 1075 1459 1288 1541; x_wconf 82' lang='grc' dir='ltr'>ὑψόθι.</span> 
     </span>
    </p>

    <p class='ocr_par' dir='ltr' id='par_1_12' title="bbox 511 1560 3209 1951">
     <span class='ocr_line' id='line_1_15' title="bbox 680 1560 3108 1646; baseline 0 -22"><span class='ocrx_word' id='word_1_106' title='bbox 680 1561 802 1626; x_wconf 90' lang='grc' dir='ltr'>Ὃν</span> <span class='ocrx_word' id='word_1_107' title='bbox 848 1562 1096 1640; x_wconf 87' lang='grc' dir='ltr'>τρόπον</span> <span class='ocrx_word' id='word_1_108' title='bbox 1144 1563 1213 1627; x_wconf 91' lang='grc' dir='ltr'>ἐν</span> <span class='ocrx_word' id='word_1_109' title='bbox 1257 1569 1350 1646; x_wconf 79' lang='grc' dir='ltr'>τῷ</span> <span class='ocrx_word' id='word_1_110' title='bbox 1394 1563 1827 1644; x_wconf 90' lang='grc' dir='ltr'>παρεπομένῳ</span> <span class='ocrx_word' id='word_1_111' title='bbox 1871 1562 2046 1638; x_wconf 83' lang='grc' dir='ltr'>γένει</span> <span class='ocrx_word' id='word_1_112' title='bbox 2093 1566 2230 1627; x_wconf 90' lang='grc' dir='ltr'>τοῖς</span> <span class='ocrx_word' id='word_1_113' title='bbox 2277 1562 2580 1640; x_wconf 86' lang='grc' dir='ltr'>ὀνόμαςίν</span> <span class='ocrx_word' id='word_1_114' title='bbox 2627 1562 2753 1628; x_wconf 87' lang='grc' dir='ltr'>ἐςτι</span> <span class='ocrx_word' id='word_1_115' title='bbox 2796 1560 3108 1639; x_wconf 84' lang='grc' dir='ltr'>μοναδικά</span> 
     </span>
     <span class='ocr_line' id='line_1_16' title="bbox 514 1662 3209 1746; baseline -0.001 -21"><span class='ocrx_word' id='word_1_116' title='bbox 514 1662 672 1726; x_wconf 82' lang='grc' dir='ltr'>κατὰ</span> <span class='ocrx_word' id='word_1_117' title='bbox 715 1663 1054 1743; x_wconf 88' lang='grc' dir='ltr'>ἀρρενικὴν</span> <span class='ocrx_word' id='word_1_118' title='bbox 1100 1664 1477 1744; x_wconf 87' lang='grc' dir='ltr'>προφοράν,</span> <span class='ocrx_word' id='word_1_119' title='bbox 1526 1665 1629 1729; x_wconf 88' lang='grc' dir='ltr'>καὶ</span> <span class='ocrx_word' id='word_1_120' title='bbox 1673 1663 1765 1729; x_wconf 83' lang='grc' dir='ltr'>ἔτι</span> <span class='ocrx_word' id='word_1_121' title='bbox 1806 1665 1968 1728; x_wconf 86' lang='grc' dir='ltr'>κατὰ</span> <span class='ocrx_word' id='word_1_122' title='bbox 2011 1665 2430 1745; x_wconf 73' lang='grc' dir='ltr'>θηλυκὴνκαὶ</span> <span class='ocrx_word' id='word_1_123' title='bbox 2480 1664 2862 1746; x_wconf 84' lang='grc' dir='ltr'>οὐδετέραν,</span> <span class='ocrx_word' id='word_1_124' title='bbox 2906 1683 3104 1741; x_wconf 85' lang='grc' dir='ltr'>μονο-</span> <span class='ocrx_word' id='word_1_125' title='bbox 3146 1676 3209 1722; x_wconf 89' lang='grc' dir='ltr'>ιο</span> 
     </span>
     <span class='ocr_line' id='line_1_17' title="bbox 511 1765 3103 1851; baseline 0.002 -25"><span class='ocrx_word' id='word_1_126' title='bbox 511 1768 665 1842; x_wconf 86' lang='grc' dir='ltr'>γενῆ</span> <span class='ocrx_word' id='word_1_127' title='bbox 711 1765 1108 1846; x_wconf 86' lang='grc' dir='ltr'>καλούμενα,</span> <span class='ocrx_word' id='word_1_128' title='bbox 1156 1766 1255 1828; x_wconf 89' lang='grc' dir='ltr'>καὶ</span> <span class='ocrx_word' id='word_1_129' title='bbox 1302 1765 1392 1829; x_wconf 84' lang='grc' dir='ltr'>ὡς</span> <span class='ocrx_word' id='word_1_130' title='bbox 1438 1766 1564 1830; x_wconf 81' lang='grc' dir='ltr'>ἔςτι</span> <span class='ocrx_word' id='word_1_131' title='bbox 1608 1766 1750 1831; x_wconf 88' lang='grc' dir='ltr'>τινὰ</span> <span class='ocrx_word' id='word_1_132' title='bbox 1793 1769 2079 1844; x_wconf 83' lang='grc' dir='ltr'>τριγενῆ,</span> <span class='ocrx_word' id='word_1_133' title='bbox 2139 1767 2210 1832; x_wconf 84' lang='grc' dir='ltr'>ἐν</span> <span class='ocrx_word' id='word_1_134' title='bbox 2255 1765 2481 1851; x_wconf 84' lang='grc' dir='ltr'>ἑκάςτῃ</span> <span class='ocrx_word' id='word_1_135' title='bbox 2524 1771 2718 1850; x_wconf 79' lang='grc' dir='ltr'>φωνῇ</span> <span class='ocrx_word' id='word_1_136' title='bbox 2765 1766 3103 1846; x_wconf 84' lang='grc' dir='ltr'>λεγόμενα,</span> 
     </span>
     <span class='ocr_line' id='line_1_18' title="bbox 512 1865 3102 1951; baseline 0.002 -24"><span class='ocrx_word' id='word_1_137' title='bbox 512 1865 705 1931; x_wconf 85' lang='grc' dir='ltr'>καλός</span> <span class='ocrx_word' id='word_1_138' title='bbox 747 1866 913 1945; x_wconf 89' lang='grc' dir='ltr'>καλή</span> <span class='ocrx_word' id='word_1_139' title='bbox 958 1867 1193 1950; x_wconf 88' lang='grc' dir='ltr'>καλόν,</span> <span class='ocrx_word' id='word_1_140' title='bbox 1252 1867 1808 1933; x_wconf 84' lang='grc' dir='ltr'>ἐπικοινωνοῦντὰ</span> <span class='ocrx_word' id='word_1_141' title='bbox 1850 1887 1918 1932; x_wconf 90' lang='grc' dir='ltr'>τε</span> <span class='ocrx_word' id='word_1_142' title='bbox 1963 1873 2055 1950; x_wconf 83' lang='grc' dir='ltr'>τῷ</span> <span class='ocrx_word' id='word_1_143' title='bbox 2102 1866 2417 1951; x_wconf 85' lang='grc' dir='ltr'>ἀρρενικῷ</span> <span class='ocrx_word' id='word_1_144' title='bbox 2460 1869 2637 1944; x_wconf 85' lang='grc' dir='ltr'>γένει</span> <span class='ocrx_word' id='word_1_145' title='bbox 2681 1870 2786 1933; x_wconf 83' lang='grc' dir='ltr'>καὶ</span> <span class='ocrx_word' id='word_1_146' title='bbox 2827 1870 3102 1951; x_wconf 83' lang='grc' dir='ltr'>θηλυκῷ,</span> 
     </span>
    </p>

    <p class='ocr_par' dir='ltr' id='par_1_13' title="bbox 510 1965 3207 3268">
     <span class='ocr_line' id='line_1_19' title="bbox 515 1965 3106 2062; baseline 0.001 -32"><span class='ocrx_word' id='word_1_147' title='bbox 515 1965 553 2030; x_wconf 88' lang='grc' dir='ltr'>ό</span> <span class='ocrx_word' id='word_1_148' title='bbox 598 1969 846 2047; x_wconf 85' lang='grc' dir='ltr'>ψευδής</span> <span class='ocrx_word' id='word_1_149' title='bbox 890 1968 991 2032; x_wconf 85' lang='grc' dir='ltr'>καὶ</span> <span class='ocrx_word' id='word_1_150' title='bbox 1034 1967 1073 2045; x_wconf 86' lang='grc' dir='ltr'>ἡ</span> <span class='ocrx_word' id='word_1_151' title='bbox 1121 1970 1367 2047; x_wconf 83' lang='grc' dir='ltr'>ψευδής</span> <span class='ocrx_word' id='word_1_152' title='bbox 1412 1970 1515 2033; x_wconf 85' lang='grc' dir='ltr'>καὶ</span> <span class='ocrx_word' id='word_1_153' title='bbox 1556 1968 1632 2032; x_wconf 90' lang='grc' dir='ltr'>τὸ</span> <span class='ocrx_word' id='word_1_154' title='bbox 1678 1970 1949 2053; x_wconf 84' lang='grc' dir='ltr'>ψευδές,</span> <span class='ocrx_word' id='word_1_155' title='bbox 2007 1968 2147 2035; x_wconf 85' lang='grc' dir='ltr'>ἔνιά</span> <span class='ocrx_word' id='word_1_156' title='bbox 2188 1968 2375 2062; x_wconf 76' lang='grc' dir='ltr'>τεέν</span> <span class='ocrx_word' id='word_1_157' title='bbox 2436 1971 2570 2034; x_wconf 80' lang='grc' dir='ltr'>δυςὶ</span> <span class='ocrx_word' id='word_1_158' title='bbox 2612 1971 2819 2045; x_wconf 85' lang='grc' dir='ltr'>γένεςι</span> <span class='ocrx_word' id='word_1_159' title='bbox 2863 1971 3106 2035; x_wconf 84' lang='grc' dir='ltr'>νοεῖται</span> 
     </span>
     <span class='ocr_line' id='line_1_20' title="bbox 516 2067 3103 2153; baseline 0 -21"><span class='ocrx_word' id='word_1_160' title='bbox 516 2067 692 2151; x_wconf 85' lang='grc' dir='ltr'>[γὰρ]</span> <span class='ocrx_word' id='word_1_161' title='bbox 739 2069 1037 2146; x_wconf 88' lang='grc' dir='ltr'>ἀρςενικὰ</span> <span class='ocrx_word' id='word_1_162' title='bbox 1082 2072 1185 2135; x_wconf 83' lang='grc' dir='ltr'>καὶ</span> <span class='ocrx_word' id='word_1_163' title='bbox 1229 2070 1500 2153; x_wconf 85' lang='grc' dir='ltr'>θηλυκά,</span> <span class='ocrx_word' id='word_1_164' title='bbox 1560 2070 1650 2135; x_wconf 79' lang='grc' dir='ltr'>ὡς</span> <span class='ocrx_word' id='word_1_165' title='bbox 1691 2070 1893 2136; x_wconf 79' lang='grc' dir='ltr'>ἵππος</span> <span class='ocrx_word' id='word_1_166' title='bbox 1939 2072 2040 2135; x_wconf 84' lang='grc' dir='ltr'>καὶ</span> <span class='ocrx_word' id='word_1_167' title='bbox 2082 2071 2161 2135; x_wconf 89' lang='grc' dir='ltr'>τὰ</span> <span class='ocrx_word' id='word_1_168' title='bbox 2206 2073 2650 2151; x_wconf 87' lang='grc' dir='ltr'>παραπλήςια,</span> <span class='ocrx_word' id='word_1_169' title='bbox 2707 2075 2944 2137; x_wconf 85' lang='grc' dir='ltr'>τοῦτον</span> <span class='ocrx_word' id='word_1_170' title='bbox 2986 2072 3103 2134; x_wconf 90' lang='grc' dir='ltr'>τὸν</span> 
     </span>
     <span class='ocr_line' id='line_1_21' title="bbox 510 2169 3206 2251; baseline 0.001 -19"><span class='ocrx_word' id='word_1_171' title='bbox 510 2169 757 2247; x_wconf 90' lang='grc' dir='ltr'>τρόπον</span> <span class='ocrx_word' id='word_1_172' title='bbox 825 2171 992 2235; x_wconf 87' lang='grc' dir='ltr'>ἔςτιν</span> <span class='ocrx_word' id='word_1_173' title='bbox 1051 2171 1339 2249; x_wconf 87' lang='grc' dir='ltr'>εύρέςθαι</span> <span class='ocrx_word' id='word_1_174' title='bbox 1395 2172 1498 2236; x_wconf 87' lang='grc' dir='ltr'>καὶ</span> <span class='ocrx_word' id='word_1_175' title='bbox 1558 2174 1676 2251; x_wconf 86' lang='grc' dir='ltr'>τὴν</span> <span class='ocrx_word' id='word_1_176' title='bbox 1738 2177 1868 2237; x_wconf 87' lang='grc' dir='ltr'>τῶν</span> <span class='ocrx_word' id='word_1_177' title='bbox 1937 2179 2221 2238; x_wconf 85' lang='grc' dir='ltr'>τοπικῶν</span> <span class='ocrx_word' id='word_1_178' title='bbox 2291 2172 2733 2251; x_wconf 85' lang='grc' dir='ltr'>ἐπιρρημάτων</span> <span class='ocrx_word' id='word_1_179' title='bbox 2794 2173 2999 2251; x_wconf 88' lang='grc' dir='ltr'>ςχέςιν</span> <span class='ocrx_word' id='word_1_180' title='bbox 3064 2173 3102 2251; x_wconf 85' lang='grc' dir='ltr'>ἢ</span> <span class='ocrx_word' id='word_1_181' title='bbox 3150 2183 3206 2230; x_wconf 83' lang='lat'>¹5</span> 
     </span>
     <span class='ocr_line' id='line_1_22' title="bbox 512 2271 3106 2355; baseline 0.002 -21"><span class='ocrx_word' id='word_1_182' title='bbox 512 2271 715 2348; x_wconf 88' lang='grc' dir='ltr'>μόνον</span> <span class='ocrx_word' id='word_1_183' title='bbox 782 2273 1132 2351; x_wconf 85' lang='grc' dir='ltr'>μοναδικὴν</span> <span class='ocrx_word' id='word_1_184' title='bbox 1194 2272 1427 2355; x_wconf 83' lang='grc' dir='ltr'>οὗςαν,</span> <span class='ocrx_word' id='word_1_185' title='bbox 1499 2271 1658 2338; x_wconf 90' lang='grc' dir='ltr'>ὥςτε</span> <span class='ocrx_word' id='word_1_186' title='bbox 1719 2274 1800 2352; x_wconf 85' lang='grc' dir='ltr'>μὴ</span> <span class='ocrx_word' id='word_1_187' title='bbox 1857 2275 1960 2338; x_wconf 86' lang='grc' dir='ltr'>καὶ</span> <span class='ocrx_word' id='word_1_188' title='bbox 2016 2273 2079 2339; x_wconf 83' lang='grc' dir='ltr'>ἐξ</span> <span class='ocrx_word' id='word_1_189' title='bbox 2142 2272 2524 2339; x_wconf 80' lang='grc' dir='ltr'>ἀκολουθία(</span> <span class='ocrx_word' id='word_1_190' title='bbox 2589 2274 2937 2350; x_wconf 85' lang='grc' dir='ltr'>ἐγγίνεςθαι</span> <span class='ocrx_word' id='word_1_191' title='bbox 2993 2274 3106 2338; x_wconf 86' lang='grc' dir='ltr'>τὰς</span> 
     </span>
     <span class='ocr_line' id='line_1_23' title="bbox 514 2370 3107 2458; baseline 0.002 -25"><span class='ocrx_word' id='word_1_192' title='bbox 514 2370 918 2437; x_wconf 84' lang='grc' dir='ltr'>ὑπολοίπους</span> <span class='ocrx_word' id='word_1_193' title='bbox 974 2374 1209 2452; x_wconf 87' lang='grc' dir='ltr'>ςχέςεις</span> <span class='ocrx_word' id='word_1_194' title='bbox 1262 2381 1395 2439; x_wconf 87' lang='grc' dir='ltr'>τῶν</span> <span class='ocrx_word' id='word_1_195' title='bbox 1449 2374 1700 2457; x_wconf 85' lang='grc' dir='ltr'>τόπων,</span> <span class='ocrx_word' id='word_1_196' title='bbox 1770 2374 1984 2454; x_wconf 86' lang='grc' dir='ltr'>ὥςπερ</span> <span class='ocrx_word' id='word_1_197' title='bbox 2038 2375 2145 2439; x_wconf 82' lang='grc' dir='ltr'>ἐπὶ</span> <span class='ocrx_word' id='word_1_198' title='bbox 2201 2378 2321 2440; x_wconf 83' lang='grc' dir='ltr'>τοῦ</span> <span class='ocrx_word' id='word_1_199' title='bbox 2377 2380 2465 2458; x_wconf 87' lang='grc' dir='ltr'>πῇ</span> <span class='ocrx_word' id='word_1_200' title='bbox 2523 2375 2947 2453; x_wconf 79' lang='grc' dir='ltr'>ἐπιρρήματος</span> <span class='ocrx_word' id='word_1_201' title='bbox 3004 2376 3107 2439; x_wconf 81' lang='grc' dir='ltr'>καὶ</span> 
     </span>
     <span class='ocr_line' id='line_1_24' title="bbox 514 2472 3105 2556; baseline 0.002 -20"><span class='ocrx_word' id='word_1_202' title='bbox 514 2472 734 2536; x_wconf 85' lang='grc' dir='ltr'>ἄλλων</span> <span class='ocrx_word' id='word_1_203' title='bbox 780 2472 874 2539; x_wconf 84' lang='grc' dir='ltr'>ὧν</span> <span class='ocrx_word' id='word_1_204' title='bbox 919 2475 1340 2553; x_wconf 86' lang='grc' dir='ltr'>παρεθέμεθα,</span> <span class='ocrx_word' id='word_1_205' title='bbox 1388 2476 1426 2554; x_wconf 86' lang='grc' dir='ltr'>ἢ</span> <span class='ocrx_word' id='word_1_206' title='bbox 1473 2474 1537 2542; x_wconf 85' lang='grc' dir='ltr'>ἐξ</span> <span class='ocrx_word' id='word_1_207' title='bbox 1582 2474 1950 2540; x_wconf 88' lang='grc' dir='ltr'>ἀκολούθου</span> <span class='ocrx_word' id='word_1_208' title='bbox 1980 2480 2326 2556; x_wconf 88' lang='grc' dir='ltr'>προφορᾶς</span> <span class='ocrx_word' id='word_1_209' title='bbox 2356 2477 2471 2554; x_wconf 89' lang='grc' dir='ltr'>τὴν</span> <span class='ocrx_word' id='word_1_210' title='bbox 2508 2477 2755 2555; x_wconf 86' lang='grc' dir='ltr'>τριςςὴν</span> <span class='ocrx_word' id='word_1_211' title='bbox 2791 2477 3105 2541; x_wconf 85' lang='grc' dir='ltr'>διάςταςιν</span> 
     </span>
     <span class='ocr_line' id='line_1_25' title="bbox 513 2572 3105 2658; baseline 0.001 -21"><span class='ocrx_word' id='word_1_212' title='bbox 513 2576 823 2638; x_wconf 89' lang='grc' dir='ltr'>ποιεῖςθαι</span> <span class='ocrx_word' id='word_1_213' title='bbox 873 2572 1086 2654; x_wconf 85' lang='grc' dir='ltr'>ὥςπερ</span> <span class='ocrx_word' id='word_1_214' title='bbox 1131 2577 1208 2640; x_wconf 87' lang='grc' dir='ltr'>τὰ</span> <span class='ocrx_word' id='word_1_215' title='bbox 1252 2580 1535 2656; x_wconf 86' lang='grc' dir='ltr'>τριγενῆ,</span> <span class='ocrx_word' id='word_1_216' title='bbox 1583 2575 1670 2641; x_wconf 85' lang='grc' dir='ltr'>ὡς</span> <span class='ocrx_word' id='word_1_217' title='bbox 1716 2579 1895 2658; x_wconf 86' lang='grc' dir='ltr'>παρὰ</span> <span class='ocrx_word' id='word_1_218' title='bbox 1937 2578 2054 2655; x_wconf 87' lang='grc' dir='ltr'>τὴν</span> <span class='ocrx_word' id='word_1_219' title='bbox 2101 2577 2285 2643; x_wconf 82' lang='grc' dir='ltr'>οἴκου</span> <span class='ocrx_word' id='word_1_220' title='bbox 2331 2577 2737 2642; x_wconf 86' lang='grc' dir='ltr'>ἀποτελεῖται</span> <span class='ocrx_word' id='word_1_221' title='bbox 2783 2579 2857 2642; x_wconf 87' lang='grc' dir='ltr'>τὸ</span> <span class='ocrx_word' id='word_1_222' title='bbox 2902 2575 3105 2642; x_wconf 82' lang='grc' dir='ltr'>οἴκοθι</span> 
     </span>
     <span class='ocr_line' id='line_1_26' title="bbox 515 2675 3207 2760; baseline 0.001 -19"><span class='ocrx_word' id='word_1_223' title='bbox 515 2675 773 2741; x_wconf 84' lang='grc' dir='ltr'>οἴκοθεν</span> <span class='ocrx_word' id='word_1_224' title='bbox 832 2675 1079 2749; x_wconf 85' lang='grc' dir='ltr'>οἴκαδε,</span> <span class='ocrx_word' id='word_1_225' title='bbox 1147 2679 1250 2741; x_wconf 85' lang='grc' dir='ltr'>καὶ</span> <span class='ocrx_word' id='word_1_226' title='bbox 1303 2683 1420 2743; x_wconf 83' lang='grc' dir='ltr'>τοῦ</span> <span class='ocrx_word' id='word_1_227' title='bbox 1489 2678 1914 2760; x_wconf 88' lang='grc' dir='ltr'>ἐπιρρήματος</span> <span class='ocrx_word' id='word_1_228' title='bbox 1972 2680 2130 2743; x_wconf 86' lang='grc' dir='ltr'>κατὰ</span> <span class='ocrx_word' id='word_1_229' title='bbox 2197 2681 2271 2744; x_wconf 89' lang='grc' dir='ltr'>τὸ</span> <span class='ocrx_word' id='word_1_230' title='bbox 2340 2679 2493 2744; x_wconf 83' lang='grc' dir='ltr'>δέον</span> <span class='ocrx_word' id='word_1_231' title='bbox 2555 2680 2673 2757; x_wconf 86' lang='grc' dir='ltr'>τὴν</span> <span class='ocrx_word' id='word_1_232' title='bbox 2739 2679 3103 2744; x_wconf 91' lang='grc' dir='ltr'>ἀκόλουθον</span> <span class='ocrx_word' id='word_1_233' title='bbox 3140 2688 3207 2737; x_wconf 76' lang='lat'>20</span> 
     </span>
     <span class='ocr_line' id='line_1_27' title="bbox 514 2776 3105 2859; baseline 0.002 -18"><span class='ocrx_word' id='word_1_234' title='bbox 514 2781 744 2858; x_wconf 87' lang='grc' dir='ltr'>φωνὴν</span> <span class='ocrx_word' id='word_1_235' title='bbox 813 2776 1352 2859; x_wconf 84' lang='grc' dir='ltr'>ἀπενεγκαμένου.</span> <span class='ocrx_word' id='word_1_236' title='bbox 1451 2780 1618 2846; x_wconf 86' lang='grc' dir='ltr'>ἔςτιν</span> <span class='ocrx_word' id='word_1_237' title='bbox 1685 2781 1725 2845; x_wconf 87' lang='grc' dir='ltr'>ἃ</span> <span class='ocrx_word' id='word_1_238' title='bbox 1798 2782 1897 2846; x_wconf 86' lang='grc' dir='ltr'>καὶ</span> <span class='ocrx_word' id='word_1_239' title='bbox 1974 2782 2406 2858; x_wconf 82' lang='grc' dir='ltr'>ἐπικοινωνεῖ,</span> <span class='ocrx_word' id='word_1_240' title='bbox 2483 2785 2640 2847; x_wconf 88' lang='grc' dir='ltr'>κατὰ</span> <span class='ocrx_word' id='word_1_241' title='bbox 2711 2782 2828 2846; x_wconf 90' lang='grc' dir='ltr'>τὸν</span> <span class='ocrx_word' id='word_1_242' title='bbox 2903 2780 3105 2847; x_wconf 83' lang='grc' dir='ltr'>αὐτὸν</span> 
     </span>
     <span class='ocr_line' id='line_1_28' title="bbox 514 2881 3105 2966; baseline 0.002 -24"><span class='ocrx_word' id='word_1_243' title='bbox 514 2882 881 2958; x_wconf 87' lang='grc' dir='ltr'>χαρακτῆρα</span> <span class='ocrx_word' id='word_1_244' title='bbox 927 2882 1226 2960; x_wconf 88' lang='grc' dir='ltr'>ςημαςίαν</span> <span class='ocrx_word' id='word_1_245' title='bbox 1280 2883 1519 2959; x_wconf 87' lang='grc' dir='ltr'>ἔχοντα</span> <span class='ocrx_word' id='word_1_246' title='bbox 1573 2886 1691 2960; x_wconf 90' lang='grc' dir='ltr'>τὴν</span> <span class='ocrx_word' id='word_1_247' title='bbox 1737 2884 1824 2947; x_wconf 90' lang='grc' dir='ltr'>εἰς</span> <span class='ocrx_word' id='word_1_248' title='bbox 1869 2882 2077 2948; x_wconf 87' lang='grc' dir='ltr'>τόπον</span> <span class='ocrx_word' id='word_1_249' title='bbox 2131 2884 2235 2948; x_wconf 79' lang='grc' dir='ltr'>καὶ</span> <span class='ocrx_word' id='word_1_250' title='bbox 2289 2884 2360 2948; x_wconf 85' lang='grc' dir='ltr'>ἐν</span> <span class='ocrx_word' id='word_1_251' title='bbox 2404 2882 2620 2966; x_wconf 84' lang='grc' dir='ltr'>τόπῳ,</span> <span class='ocrx_word' id='word_1_252' title='bbox 2677 2881 2755 2947; x_wconf 84' lang='grc' dir='ltr'>οὐ</span> <span class='ocrx_word' id='word_1_253' title='bbox 2812 2884 2935 2962; x_wconf 85' lang='grc' dir='ltr'>μὴν</span> <span class='ocrx_word' id='word_1_254' title='bbox 2988 2885 3105 2962; x_wconf 91' lang='grc' dir='ltr'>τὴν</span> 
     </span>
     <span class='ocr_line' id='line_1_29' title="bbox 519 2979 3104 3067; baseline 0.003 -23"><span class='ocrx_word' id='word_1_255' title='bbox 519 2981 587 3045; x_wconf 87' lang='grc' dir='ltr'>ἐκ</span> <span class='ocrx_word' id='word_1_256' title='bbox 630 2981 870 3055; x_wconf 84' lang='grc' dir='ltr'>τόπου,</span> <span class='ocrx_word' id='word_1_257' title='bbox 918 2979 1007 3045; x_wconf 79' lang='grc' dir='ltr'>ὡς</span> <span class='ocrx_word' id='word_1_258' title='bbox 1053 2984 1128 3047; x_wconf 91' lang='grc' dir='ltr'>τὸ</span> <span class='ocrx_word' id='word_1_259' title='bbox 1173 2981 1313 3048; x_wconf 86' lang='grc' dir='ltr'>ἄνω</span> <span class='ocrx_word' id='word_1_260' title='bbox 1358 2984 1460 3048; x_wconf 86' lang='grc' dir='ltr'>καὶ</span> <span class='ocrx_word' id='word_1_261' title='bbox 1502 2985 1583 3049; x_wconf 88' lang='grc' dir='ltr'>τὰ</span> <span class='ocrx_word' id='word_1_262' title='bbox 1625 2988 1923 3067; x_wconf 85' lang='grc' dir='ltr'>τοιαῦτα,</span> <span class='ocrx_word' id='word_1_263' title='bbox 1971 2984 2133 3065; x_wconf 79' lang='grc' dir='ltr'>ὑπὲρ</span> <span class='ocrx_word' id='word_1_264' title='bbox 2178 2984 2272 3050; x_wconf 85' lang='grc' dir='ltr'>ὧν</span> <span class='ocrx_word' id='word_1_265' title='bbox 2318 2983 2645 3065; x_wconf 85' lang='grc' dir='ltr'>εἰρήςεται.</span> <span class='ocrx_word' id='word_1_266' title='bbox 2705 2985 2939 3051; x_wconf 90' lang='grc' dir='ltr'>ςπάνια</span> <span class='ocrx_word' id='word_1_267' title='bbox 2983 2986 3104 3065; x_wconf 87' lang='grc' dir='ltr'>μήν</span> 
     </span>
     <span class='ocr_line' id='line_1_30' title="bbox 511 3081 3106 3171; baseline 0.003 -26"><span class='ocrx_word' id='word_1_268' title='bbox 511 3081 637 3146; x_wconf 87' lang='grc' dir='ltr'>ἐςτι</span> <span class='ocrx_word' id='word_1_269' title='bbox 681 3083 761 3146; x_wconf 89' lang='grc' dir='ltr'>τά</span> <span class='ocrx_word' id='word_1_270' title='bbox 805 3082 912 3147; x_wconf 84' lang='grc' dir='ltr'>διὰ</span> <span class='ocrx_word' id='word_1_271' title='bbox 955 3087 1095 3161; x_wconf 85' lang='grc' dir='ltr'>μιᾶς</span> <span class='ocrx_word' id='word_1_272' title='bbox 1140 3088 1370 3164; x_wconf 88' lang='grc' dir='ltr'>φωνῆς</span> <span class='ocrx_word' id='word_1_273' title='bbox 1409 3089 1525 3166; x_wconf 85' lang='grc' dir='ltr'>τὴν</span> <span class='ocrx_word' id='word_1_274' title='bbox 1555 3087 1816 3167; x_wconf 41' lang='grc' dir='ltr'>τριςςὴν,</span> <span class='ocrx_word' id='word_1_275' title='bbox 1834 3091 1966 3151; x_wconf 89' lang='grc' dir='ltr'>τῶν</span> <span class='ocrx_word' id='word_1_276' title='bbox 1997 3093 2282 3152; x_wconf 87' lang='grc' dir='ltr'>τοπικῶν</span> <span class='ocrx_word' id='word_1_277' title='bbox 2314 3086 2739 3164; x_wconf 82' lang='grc' dir='ltr'>ἐπιδεχόμενα</span> <span class='ocrx_word' id='word_1_278' title='bbox 2770 3087 3106 3171; x_wconf 84' lang='grc' dir='ltr'>διάςταςιν,</span> 
     </span>
     <span class='ocr_line' id='line_1_31' title="bbox 515 3183 3207 3268; baseline 0.002 -20"><span class='ocrx_word' id='word_1_279' title='bbox 515 3183 605 3248; x_wconf 82' lang='grc' dir='ltr'>ὡς</span> <span class='ocrx_word' id='word_1_280' title='bbox 647 3183 780 3262; x_wconf 88' lang='grc' dir='ltr'>ἔχει</span> <span class='ocrx_word' id='word_1_281' title='bbox 824 3183 898 3247; x_wconf 91' lang='grc' dir='ltr'>τὸ</span> <span class='ocrx_word' id='word_1_282' title='bbox 944 3187 1221 3265; x_wconf 91' lang='grc' dir='ltr'>πρόςθεν</span> <span class='ocrx_word' id='word_1_283' title='bbox 1266 3189 1368 3252; x_wconf 84' lang='grc' dir='ltr'>καὶ</span> <span class='ocrx_word' id='word_1_284' title='bbox 1412 3185 1471 3251; x_wconf 86' lang='grc' dir='ltr'>εἴ</span> <span class='ocrx_word' id='word_1_285' title='bbox 1512 3208 1570 3252; x_wconf 90' lang='grc' dir='ltr'>τι</span> <span class='ocrx_word' id='word_1_286' title='bbox 1614 3191 1937 3254; x_wconf 88' lang='grc' dir='ltr'>τοιοῦτον.</span> <span class='ocrx_word' id='word_1_287' title='bbox 1998 3188 2099 3253; x_wconf 87' lang='grc' dir='ltr'>καὶ</span> <span class='ocrx_word' id='word_1_288' title='bbox 2144 3188 2271 3253; x_wconf 81' lang='grc' dir='ltr'>ἔςτι</span> <span class='ocrx_word' id='word_1_289' title='bbox 2311 3188 2387 3252; x_wconf 89' lang='grc' dir='ltr'>τὸ</span> <span class='ocrx_word' id='word_1_290' title='bbox 2418 3188 2894 3268; x_wconf 87' lang='grc' dir='ltr'>προειρημένον</span> <span class='ocrx_word' id='word_1_291' title='bbox 2926 3209 3104 3254; x_wconf 90' lang='grc' dir='ltr'>τοπι-</span> <span class='ocrx_word' id='word_1_292' title='bbox 3140 3194 3207 3243; x_wconf 76' lang='lat'>25</span> 
     </span>
    </p>
   </div>
   <div class='ocr_carea' id='block_1_12' title="bbox 523 3322 925 3334">
    <p class='ocr_par' dir='ltr' id='par_1_14' title="bbox 523 3322 925 3334">
     <span class='ocr_line' id='line_1_32' title="bbox 523 3322 925 3334; baseline 0 2196"><span class='ocrx_word' id='word_1_293' title='bbox 523 3322 925 3334; x_wconf 95' lang='lat' dir='ltr'> </span> 
     </span>
    </p>
   </div>
   <div class='ocr_carea' id='block_1_13' title="bbox 511 3402 3109 3815">
    <p class='ocr_par' dir='ltr' id='par_1_15' title="bbox 511 3402 3109 3815">
     <span class='ocr_line' id='line_1_33' title="bbox 647 3402 3106 3475; baseline 0.001 -17"><span class='ocrx_word' id='word_1_294' title='bbox 647 3406 869 3462; x_wconf 66' lang='lat' dir='ltr'>Anava.</span> <span class='ocrx_word' id='word_1_295' title='bbox 947 3411 985 3458; x_wconf 84' lang='lat'>1.</span> <span class='ocrx_word' id='word_1_296' title='bbox 1025 3402 1109 3459; x_wconf 88' lang='lat' dir='ltr'>De</span> <span class='ocrx_word' id='word_1_297' title='bbox 1146 3405 1557 3461; x_wconf 73' lang='lat' dir='ltr'><strong>construetione</strong></span> <span class='ocrx_word' id='word_1_298' title='bbox 1595 3404 2003 3461; x_wconf 75' lang='lat' dir='ltr'>adverbiorum</span> <span class='ocrx_word' id='word_1_299' title='bbox 2045 3437 2107 3445; x_wconf 91' lang='lat'>—</span> <span class='ocrx_word' id='word_1_300' title='bbox 2147 3406 2429 3461; x_wconf 77' lang='lat' dir='ltr'><strong>Adverbia</strong></span> <span class='ocrx_word' id='word_1_301' title='bbox 2462 3405 2667 3461; x_wconf 78' lang='lat' dir='ltr'><strong>localia</strong></span> <span class='ocrx_word' id='word_1_302' title='bbox 2700 3408 2802 3461; x_wconf 75' lang='lat' dir='ltr'>ant</span> <span class='ocrx_word' id='word_1_303' title='bbox 2834 3406 2935 3460; x_wconf 86' lang='lat' dir='ltr'>ubi</span> <span class='ocrx_word' id='word_1_304' title='bbox 2970 3406 3106 3475; x_wconf 87' lang='lat' dir='ltr'><strong>quid</strong></span> 
     </span>
     <span class='ocr_line' id='line_1_34' title="bbox 511 3490 3106 3561; baseline 0 -17"><span class='ocrx_word' id='word_1_305' title='bbox 511 3491 586 3544; x_wconf 78' lang='lat' dir='ltr'>sit</span> <span class='ocrx_word' id='word_1_306' title='bbox 630 3492 730 3544; x_wconf 74' lang='lat' dir='ltr'>aut</span> <span class='ocrx_word' id='word_1_307' title='bbox 773 3506 884 3558; x_wconf 89' lang='lat' dir='ltr'>quo</span> <span class='ocrx_word' id='word_1_308' title='bbox 923 3492 1122 3560; x_wconf 76' lang='lat' dir='ltr'><strong>vergat</strong></span> <span class='ocrx_word' id='word_1_309' title='bbox 1157 3491 1257 3543; x_wconf 77' lang='lat' dir='ltr'>aut</span> <span class='ocrx_word' id='word_1_310' title='bbox 1291 3490 1440 3545; x_wconf 86' lang='lat' dir='ltr'><strong>unde</strong></span> <span class='ocrx_word' id='word_1_311' title='bbox 1477 3491 1670 3545; x_wconf 77' lang='lat' dir='ltr'><strong>veniat</strong></span> <span class='ocrx_word' id='word_1_312' title='bbox 1712 3492 1978 3549; x_wconf 73' lang='lat' dir='ltr'><strong>indicant.</strong></span> <span class='ocrx_word' id='word_1_313' title='bbox 2060 3490 2403 3561; x_wconf 67' lang='lat' dir='ltr'><strong>Principalis</strong></span> <span class='ocrx_word' id='word_1_314' title='bbox 2436 3492 2591 3555; x_wconf 66' lang='lat' dir='ltr'><strong>sunia,</strong></span> <span class='ocrx_word' id='word_1_315' title='bbox 2638 3507 2801 3561; x_wconf 79' lang='lat' dir='ltr'><strong>quae,</strong></span> <span class='ocrx_word' id='word_1_316' title='bbox 2836 3491 2936 3544; x_wconf 88' lang='lat' dir='ltr'>ubi</span> <span class='ocrx_word' id='word_1_317' title='bbox 2973 3490 3106 3560; x_wconf 88' lang='lat' dir='ltr'><strong>quid</strong></span> 
     </span>
     <span class='ocr_line' id='line_1_35' title="bbox 514 3574 3106 3645; baseline -0 -16"><span class='ocrx_word' id='word_1_318' title='bbox 514 3576 603 3641; x_wconf 71' lang='lat' dir='ltr'>sit,</span> <span class='ocrx_word' id='word_1_319' title='bbox 654 3574 990 3645; x_wconf 78' lang='lat' dir='ltr'><strong>significant.</strong></span> <span class='ocrx_word' id='word_1_320' title='bbox 1035 3605 1111 3641; x_wconf 82' lang='lat'>-··.-</span> <span class='ocrx_word' id='word_1_321' title='bbox 1169 3581 1230 3628; x_wconf 79' lang='lat'>14</span> <span class='ocrx_word' id='word_1_322' title='bbox 1275 3575 1561 3641; x_wconf 79' lang='lat' dir='ltr'><strong>Quaedam</strong></span> <span class='ocrx_word' id='word_1_323' title='bbox 1597 3576 1869 3631; x_wconf 80' lang='lat' dir='ltr'><strong>adverbia</strong></span> <span class='ocrx_word' id='word_1_324' title='bbox 1912 3576 2220 3644; x_wconf 77' lang='lat' dir='ltr'><strong>singularia</strong></span> <span class='ocrx_word' id='word_1_325' title='bbox 2253 3578 2408 3643; x_wconf 73' lang='lat' dir='ltr'><strong>sunt3</strong></span> <span class='ocrx_word' id='word_1_326' title='bbox 2456 3578 2557 3630; x_wconf 80' lang='lat' dir='ltr'>aut</span> <span class='ocrx_word' id='word_1_327' title='bbox 2599 3577 2749 3630; x_wconf 76' lang='lat' dir='ltr'><strong>trina</strong></span> <span class='ocrx_word' id='word_1_328' title='bbox 2792 3593 2860 3631; x_wconf 87' lang='lat' dir='ltr'>ex</span> <span class='ocrx_word' id='word_1_329' title='bbox 2907 3574 3106 3631; x_wconf 80' lang='lat' dir='ltr'><strong>eadem</strong></span> 
     </span>
     <span class='ocr_line' id='line_1_36' title="bbox 513 3658 3109 3729; baseline 0 -16"><span class='ocrx_word' id='word_1_330' title='bbox 513 3660 687 3729; x_wconf 73' lang='lat' dir='ltr'><strong>stirpe</strong></span> <span class='ocrx_word' id='word_1_331' title='bbox 724 3660 1022 3729; x_wconf 77' lang='lat' dir='ltr'><strong>procreata</strong></span> <span class='ocrx_word' id='word_1_332' title='bbox 1053 3658 1181 3714; x_wconf 76' lang='lat' dir='ltr'><strong>illas</strong></span> <span class='ocrx_word' id='word_1_333' title='bbox 1216 3659 1475 3714; x_wconf 78' lang='lat' dir='ltr'><strong>notiones</strong></span> <span class='ocrx_word' id='word_1_334' title='bbox 1510 3660 1745 3727; x_wconf 78' lang='lat' dir='ltr'><strong>habent;</strong></span> <span class='ocrx_word' id='word_1_335' title='bbox 1785 3691 1848 3701; x_wconf 93' lang='lat'><strong>—</strong></span> <span class='ocrx_word' id='word_1_336' title='bbox 1887 3668 1947 3715; x_wconf 75' lang='lat'>21</span> <span class='ocrx_word' id='word_1_337' title='bbox 1998 3660 2273 3729; x_wconf 67' lang='lat' dir='ltr'><strong>quaedam</strong></span> <span class='ocrx_word' id='word_1_338' title='bbox 2308 3678 2423 3716; x_wconf 82' lang='lat' dir='ltr'>una</span> <span class='ocrx_word' id='word_1_339' title='bbox 2461 3676 2594 3716; x_wconf 83' lang='lat' dir='ltr'><strong>voce</strong></span> <span class='ocrx_word' id='word_1_340' title='bbox 2632 3664 2692 3716; x_wconf 71' lang='lat' dir='ltr'>et</span> <span class='ocrx_word' id='word_1_341' title='bbox 2725 3660 2824 3715; x_wconf 89' lang='lat' dir='ltr'>ubi</span> <span class='ocrx_word' id='word_1_342' title='bbox 2860 3660 2998 3729; x_wconf 88' lang='lat' dir='ltr'><strong>quid</strong></span> <span class='ocrx_word' id='word_1_343' title='bbox 3034 3659 3109 3713; x_wconf 79' lang='lat' dir='ltr'>sit</span> 
     </span>
     <span class='ocr_line' id='line_1_37' title="bbox 514 3743 3105 3815; baseline 0 -17"><span class='ocrx_word' id='word_1_344' title='bbox 514 3745 574 3798; x_wconf 77' lang='lat' dir='ltr'>et</span> <span class='ocrx_word' id='word_1_345' title='bbox 597 3760 709 3813; x_wconf 88' lang='lat' dir='ltr'>quo</span> <span class='ocrx_word' id='word_1_346' title='bbox 735 3744 936 3798; x_wconf 74' lang='lat' dir='ltr'><strong>tendat</strong></span> <span class='ocrx_word' id='word_1_347' title='bbox 957 3743 1236 3809; x_wconf 75' lang='lat' dir='ltr'><strong>indicant3</strong></span> <span class='ocrx_word' id='word_1_348' title='bbox 1272 3760 1455 3813; x_wconf 79' lang='lat' dir='ltr'><strong>pauca</strong></span> <span class='ocrx_word' id='word_1_349' title='bbox 1476 3747 1632 3812; x_wconf 77' lang='lat' dir='ltr'><strong>sunt,</strong></span> <span class='ocrx_word' id='word_1_350' title='bbox 1666 3762 1811 3815; x_wconf 79' lang='lat' dir='ltr'><strong>quae</strong></span> <span class='ocrx_word' id='word_1_351' title='bbox 1839 3761 1952 3799; x_wconf 76' lang='lat' dir='ltr'>nna</span> <span class='ocrx_word' id='word_1_352' title='bbox 1974 3761 2111 3799; x_wconf 84' lang='lat' dir='ltr'><strong>voce</strong></span> <span class='ocrx_word' id='word_1_353' title='bbox 2136 3746 2250 3799; x_wconf 74' lang='lat' dir='ltr'><strong>tres</strong></span> <span class='ocrx_word' id='word_1_354' title='bbox 2273 3746 2584 3815; x_wconf 70' lang='lat' dir='ltr'><strong>potestates</strong></span> <span class='ocrx_word' id='word_1_355' title='bbox 2608 3743 3105 3815; x_wconf 73' lang='lat' dir='ltr'><strong>comprehendant.</strong></span> 
     </span>
    </p>
   </div>
   <div class='ocr_carea' id='block_1_14' title="bbox 515 3867 921 3878">
    <p class='ocr_par' dir='ltr' id='par_1_16' title="bbox 515 3867 921 3878">
     <span class='ocr_line' id='line_1_38' title="bbox 515 3867 921 3878; baseline 0 1652"><span class='ocrx_word' id='word_1_356' title='bbox 515 3867 921 3878; x_wconf 95' lang='lat' dir='ltr'> </span> 
     </span>
    </p>
   </div>
   <div class='ocr_carea' id='block_1_15' title="bbox 510 3947 3110 4948">
    <p class='ocr_par' dir='ltr' id='par_1_17' title="bbox 510 3947 3110 4948">
     <span class='ocr_line' id='line_1_39' title="bbox 646 3947 3110 4018; baseline 0 -17"><span class='ocrx_word' id='word_1_357' title='bbox 646 3951 834 4002; x_wconf 63' lang='lat' dir='ltr'><strong>Daca.</strong></span> <span class='ocrx_word' id='word_1_358' title='bbox 873 3964 1076 4002; x_wconf 65' lang='lat' dir='ltr'><strong>somn.</strong></span> <span class='ocrx_word' id='word_1_359' title='bbox 1119 3953 1158 4001; x_wconf 88' lang='lat'>1.</span> <span class='ocrx_word' id='word_1_360' title='bbox 1187 3947 1342 4014; x_wconf 83' lang='lat' dir='ltr'><strong>Quae</strong></span> <span class='ocrx_word' id='word_1_361' title='bbox 1367 3950 1697 4018; x_wconf 75' lang='lat' dir='ltr'><strong>sequnntur,</strong></span> <span class='ocrx_word' id='word_1_362' title='bbox 1721 3949 1795 4004; x_wconf 76' lang='lat' dir='ltr'>ad</span> <span class='ocrx_word' id='word_1_363' title='bbox 1819 3948 1993 4003; x_wconf 76' lang='lat' dir='ltr'>libros</span> <span class='ocrx_word' id='word_1_364' title='bbox 2017 3949 2088 4004; x_wconf 87' lang='lat' dir='ltr'>de</span> <span class='ocrx_word' id='word_1_365' title='bbox 2113 3949 2525 4004; x_wconf 73' lang='lat' dir='ltr'><strong>constructione</strong></span> <span class='ocrx_word' id='word_1_366' title='bbox 2550 3950 2835 4018; x_wconf 70' lang='lat' dir='ltr'><strong>pertinere</strong></span> <span class='ocrx_word' id='word_1_367' title='bbox 2861 3947 3110 4003; x_wconf 75' lang='lat' dir='ltr'><strong>ostendit</strong></span> 
     </span>
     <span class='ocr_line' id='line_1_40' title="bbox 512 4028 3103 4103; baseline -0.001 -15"><span class='ocrx_word' id='word_1_368' title='bbox 512 4031 870 4088; x_wconf 84' lang='lat' dir='ltr'><strong>OSehneider</strong></span> <span class='ocrx_word' id='word_1_369' title='bbox 939 4033 948 4098; x_wconf 92' lang='grc' dir='ltr'>Ι</span> <span class='ocrx_word' id='word_1_370' title='bbox 1023 4034 1070 4087; x_wconf 89' lang='grc' dir='ltr'>Τ</span> <span class='ocrx_word' id='word_1_371' title='bbox 1118 4032 1269 4086; x_wconf 76' lang='lat' dir='ltr'><strong>vocis</strong></span> <span class='ocrx_word' id='word_1_372' title='bbox 1314 4033 1399 4087; x_wconf 90' lang='grc' dir='ltr'>Τα</span> <span class='ocrx_word' id='word_1_373' title='bbox 1443 4034 1575 4086; x_wconf 72' lang='lat' dir='ltr'><strong>ante</strong></span> <span class='ocrx_word' id='word_1_374' title='bbox 1620 4033 1828 4087; x_wconf 77' lang='lat' dir='ltr'><strong>lineam</strong></span> <span class='ocrx_word' id='word_1_375' title='bbox 1865 4032 2111 4103; x_wconf 77' lang='lat' dir='ltr'><strong>positum</strong></span> <span class='ocrx_word' id='word_1_376' title='bbox 2157 4033 2215 4087; x_wconf 87' lang='lat' dir='ltr'>in</span> <span class='ocrx_word' id='word_1_377' title='bbox 2254 4036 2324 4100; x_wconf 89' lang='grc' dir='ltr'>Α,</span> <span class='ocrx_word' id='word_1_378' title='bbox 2368 4035 2434 4087; x_wconf 75' lang='lat' dir='ltr'>ut</span> <span class='ocrx_word' id='word_1_379' title='bbox 2477 4028 2712 4087; x_wconf 70' lang='lat' dir='ltr'><strong>ineieum</strong></span> <span class='ocrx_word' id='word_1_380' title='bbox 2758 4031 3040 4086; x_wconf 76' lang='lat' dir='ltr'><strong>indicetur</strong></span> <span class='ocrx_word' id='word_1_381' title='bbox 3095 4033 3103 4100; x_wconf 85' lang='grc' dir='ltr'>Ι</span> 
     </span>
     <span class='ocr_line' id='line_1_41' title="bbox 511 4117 3105 4186; baseline 0 -14"><span class='ocrx_word' id='word_1_382' title='bbox 511 4126 557 4172; x_wconf 82' lang='lat'>5.</span> <span class='ocrx_word' id='word_1_383' title='bbox 593 4121 683 4173; x_wconf 81' lang='grc' dir='ltr'>δια</span> <span class='ocrx_word' id='word_1_384' title='bbox 707 4134 832 4171; x_wconf 88' lang='grc' dir='ltr'>των</span> <span class='ocrx_word' id='word_1_385' title='bbox 857 4118 921 4183; x_wconf 89' lang='grc' dir='ltr'>Α,</span> <span class='ocrx_word' id='word_1_386' title='bbox 958 4118 1105 4185; x_wconf 80' lang='grc' dir='ltr'>&lt;ὲκ&gt;</span> <span class='ocrx_word' id='word_1_387' title='bbox 1139 4121 1262 4170; x_wconf 85' lang='grc' dir='ltr'>τῶν</span> <span class='ocrx_word' id='word_1_388' title='bbox 1285 4117 1324 4170; x_wconf 91' lang='lat' dir='ltr'>b</span> <span class='ocrx_word' id='word_1_389' title='bbox 1354 4124 1363 4183; x_wconf 78' lang='lat'>1</span> <span class='ocrx_word' id='word_1_390' title='bbox 1392 4119 1462 4171; x_wconf 88' lang='grc' dir='ltr'>τὸ</span> <span class='ocrx_word' id='word_1_391' title='bbox 1495 4120 1605 4186; x_wconf 81' lang='grc' dir='ltr'>γὰρ</span> <span class='ocrx_word' id='word_1_392' title='bbox 1640 4123 1753 4172; x_wconf 83' lang='grc' dir='ltr'>ποθ</span> <span class='ocrx_word' id='word_1_393' title='bbox 1780 4119 1831 4183; x_wconf 88' lang='lat' dir='ltr'>b,</span> <span class='ocrx_word' id='word_1_394' title='bbox 1869 4133 1942 4173; x_wconf 92' lang='grc' dir='ltr'>το</span> <span class='ocrx_word' id='word_1_395' title='bbox 1977 4135 2086 4185; x_wconf 87' lang='grc' dir='ltr'>γαρ</span> <span class='ocrx_word' id='word_1_396' title='bbox 2120 4135 2190 4173; x_wconf 90' lang='grc' dir='ltr'>το</span> <span class='ocrx_word' id='word_1_397' title='bbox 2214 4135 2325 4173; x_wconf 93' lang='grc' dir='ltr'>που</span> <span class='ocrx_word' id='word_1_398' title='bbox 2352 4120 2395 4173; x_wconf 89' lang='grc' dir='ltr'>Α</span> <span class='ocrx_word' id='word_1_399' title='bbox 2429 4124 2436 4177; x_wconf 90' lang='grc' dir='ltr'>Ι</span> <span class='ocrx_word' id='word_1_400' title='bbox 2471 4126 2548 4172; x_wconf 84' lang='lat'>13.</span> <span class='ocrx_word' id='word_1_401' title='bbox 2573 4119 2693 4172; x_wconf 81' lang='grc' dir='ltr'>ἔνιά</span> <span class='ocrx_word' id='word_1_402' title='bbox 2728 4135 2792 4172; x_wconf 91' lang='grc' dir='ltr'>τε</span> <span class='ocrx_word' id='word_1_403' title='bbox 2829 4117 2883 4182; x_wconf 89' lang='lat' dir='ltr'>b,</span> <span class='ocrx_word' id='word_1_404' title='bbox 2923 4133 3105 4172; x_wconf 87' lang='grc' dir='ltr'>ενιοτε</span> 
     </span>
     <span class='ocr_line' id='line_1_42' title="bbox 510 4200 3105 4273; baseline -0.001 -15"><span class='ocrx_word' id='word_1_405' title='bbox 510 4205 554 4258; x_wconf 91' lang='grc' dir='ltr'>Α</span> <span class='ocrx_word' id='word_1_406' title='bbox 585 4207 595 4271; x_wconf 87' lang='grc' dir='ltr'>Ι</span> <span class='ocrx_word' id='word_1_407' title='bbox 630 4209 706 4257; x_wconf 76' lang='grc'>14.</span> <span class='ocrx_word' id='word_1_408' title='bbox 742 4203 851 4268; x_wconf 83' lang='grc' dir='ltr'>γὰρ</span> <span class='ocrx_word' id='word_1_409' title='bbox 889 4200 1105 4255; x_wconf 74' lang='lat' dir='ltr'><strong>delevit</strong></span> <span class='ocrx_word' id='word_1_410' title='bbox 1127 4200 1493 4255; x_wconf 85' lang='lat' dir='ltr'><strong>RSkrzeezka</strong></span> <span class='ocrx_word' id='word_1_411' title='bbox 1520 4206 1530 4267; x_wconf 86' lang='grc' dir='ltr'>Ι</span> <span class='ocrx_word' id='word_1_412' title='bbox 1565 4207 1642 4260; x_wconf 67' lang='grc'>15.</span> <span class='ocrx_word' id='word_1_413' title='bbox 1679 4204 1714 4268; x_wconf 84' lang='grc' dir='ltr'>ἢ</span> <span class='ocrx_word' id='word_1_414' title='bbox 1742 4201 1984 4273; x_wconf 81' lang='lat' dir='ltr'>GUhlig,</span> <span class='ocrx_word' id='word_1_415' title='bbox 2018 4203 2088 4257; x_wconf 88' lang='grc' dir='ltr'>ού</span> <span class='ocrx_word' id='word_1_416' title='bbox 2114 4204 2207 4259; x_wconf 77' lang='lat' dir='ltr'>Ab</span> <span class='ocrx_word' id='word_1_417' title='bbox 2231 4201 2598 4257; x_wconf 74' lang='lat' dir='ltr'><strong>RSkrzeczka</strong></span> <span class='ocrx_word' id='word_1_418' title='bbox 2621 4200 3067 4256; x_wconf 83' lang='lat' dir='ltr'><strong>GFSehoemann</strong></span> <span class='ocrx_word' id='word_1_419' title='bbox 3098 4202 3105 4267; x_wconf 94' lang='grc' dir='ltr'>Ι</span> 
     </span>
     <span class='ocr_line' id='line_1_43' title="bbox 514 4284 3107 4357; baseline -0 -17"><span class='ocrx_word' id='word_1_420' title='bbox 514 4293 592 4341; x_wconf 81' lang='grc'>17.</span> <span class='ocrx_word' id='word_1_421' title='bbox 629 4287 1011 4352; x_wconf 79' lang='grc' dir='ltr'>ἐπιρρήματος</span> <span class='ocrx_word' id='word_1_422' title='bbox 1050 4289 1138 4340; x_wconf 79' lang='grc' dir='ltr'>καὶ</span> <span class='ocrx_word' id='word_1_423' title='bbox 1175 4287 1370 4341; x_wconf 83' lang='grc' dir='ltr'>ἄλλων</span> <span class='ocrx_word' id='word_1_424' title='bbox 1408 4286 1498 4341; x_wconf 73' lang='grc' dir='ltr'>ΑΙ)</span> <span class='ocrx_word' id='word_1_425' title='bbox 1528 4284 1752 4357; x_wconf 84' lang='lat' dir='ltr'>GUhlig</span> <span class='ocrx_word' id='word_1_426' title='bbox 1773 4286 2158 4353; x_wconf 80' lang='lat' dir='ltr'><strong>RSkrzeezka,</strong></span> <span class='ocrx_word' id='word_1_427' title='bbox 2196 4287 2578 4355; x_wconf 84' lang='grc' dir='ltr'>ἑπιρρήματος</span> <span class='ocrx_word' id='word_1_428' title='bbox 2611 4286 2667 4354; x_wconf 88' lang='grc'>&lt;,</span> <span class='ocrx_word' id='word_1_429' title='bbox 2694 4287 2839 4341; x_wconf 85' lang='grc' dir='ltr'>ἀλλὰ</span> <span class='ocrx_word' id='word_1_430' title='bbox 2863 4290 2967 4340; x_wconf 83' lang='grc' dir='ltr'>τοῦ</span> <span class='ocrx_word' id='word_1_431' title='bbox 2993 4290 3107 4340; x_wconf 80' lang='grc' dir='ltr'>ποῦ</span> 
     </span>
     <span class='ocr_line' id='line_1_44' title="bbox 512 4370 3109 4440; baseline -0.001 -15"><span class='ocrx_word' id='word_1_432' title='bbox 512 4370 937 4439; x_wconf 83' lang='grc' dir='ltr'>ἑπιρρήματος)</span> <span class='ocrx_word' id='word_1_433' title='bbox 974 4372 1068 4425; x_wconf 82' lang='grc' dir='ltr'>καὶ</span> <span class='ocrx_word' id='word_1_434' title='bbox 1103 4371 1308 4438; x_wconf 85' lang='grc' dir='ltr'>&lt;τῶν&gt;</span> <span class='ocrx_word' id='word_1_435' title='bbox 1344 4371 1540 4425; x_wconf 84' lang='grc' dir='ltr'>ἀλλων</span> <span class='ocrx_word' id='word_1_436' title='bbox 1576 4370 2023 4427; x_wconf 77' lang='lat' dir='ltr'><strong>GFSehoemann</strong></span> <span class='ocrx_word' id='word_1_437' title='bbox 2054 4375 2064 4439; x_wconf 87' lang='grc' dir='ltr'>Ι</span> <span class='ocrx_word' id='word_1_438' title='bbox 2098 4377 2176 4427; x_wconf 88' lang='grc'>18.</span> <span class='ocrx_word' id='word_1_439' title='bbox 2204 4373 2584 4440; x_wconf 84' lang='grc' dir='ltr'>παρεθέμεθα,</span> <span class='ocrx_word' id='word_1_440' title='bbox 2623 4373 2657 4437; x_wconf 81' lang='grc' dir='ltr'>ἢ</span> <span class='ocrx_word' id='word_1_441' title='bbox 2696 4371 2752 4426; x_wconf 83' lang='grc' dir='ltr'>ἐξ</span> <span class='ocrx_word' id='word_1_442' title='bbox 2789 4371 3109 4425; x_wconf 85' lang='grc' dir='ltr'>ἀκολούθου</span> 
     </span>
     <span class='ocr_line' id='line_1_45' title="bbox 510 4451 3107 4524; baseline -0.001 -14"><span class='ocrx_word' id='word_1_443' title='bbox 510 4458 809 4523; x_wconf 82' lang='grc' dir='ltr'>προφορᾶς</span> <span class='ocrx_word' id='word_1_444' title='bbox 847 4451 1099 4524; x_wconf 85' lang='lat' dir='ltr'>GUhlig,</span> <span class='ocrx_word' id='word_1_445' title='bbox 1155 4457 1512 4523; x_wconf 83' lang='grc' dir='ltr'>παρεθέμεθα</span> <span class='ocrx_word' id='word_1_446' title='bbox 1548 4457 1583 4521; x_wconf 84' lang='grc' dir='ltr'>ἡ</span> <span class='ocrx_word' id='word_1_447' title='bbox 1622 4457 1676 4511; x_wconf 79' lang='grc' dir='ltr'>ἐξ</span> <span class='ocrx_word' id='word_1_448' title='bbox 1713 4457 2029 4511; x_wconf 83' lang='grc' dir='ltr'>ἀκολούθου</span> <span class='ocrx_word' id='word_1_449' title='bbox 2076 4459 2369 4524; x_wconf 81' lang='grc' dir='ltr'>προφορᾶς</span> <span class='ocrx_word' id='word_1_450' title='bbox 2406 4456 2530 4521; x_wconf 79' lang='grc' dir='ltr'>Αἱ),</span> <span class='ocrx_word' id='word_1_451' title='bbox 2583 4456 2938 4523; x_wconf 86' lang='grc' dir='ltr'>παρεθέμεθα</span> <span class='ocrx_word' id='word_1_452' title='bbox 2975 4455 3010 4519; x_wconf 84' lang='grc' dir='ltr'>ἡ</span> <span class='ocrx_word' id='word_1_453' title='bbox 3049 4455 3107 4508; x_wconf 78' lang='grc' dir='ltr'>ἐξ</span> 
     </span>
     <span class='ocr_line' id='line_1_46' title="bbox 512 4537 3108 4609; baseline -0 -15"><span class='ocrx_word' id='word_1_454' title='bbox 512 4540 833 4595; x_wconf 85' lang='grc' dir='ltr'>ἀκολούθου</span> <span class='ocrx_word' id='word_1_455' title='bbox 887 4541 1153 4607; x_wconf 88' lang='grc' dir='ltr'>προφορά</span> <span class='ocrx_word' id='word_1_456' title='bbox 1208 4537 1683 4607; x_wconf 77' lang='lat' dir='ltr'><strong>GFSehoemann‚</strong></span> <span class='ocrx_word' id='word_1_457' title='bbox 1739 4542 2119 4608; x_wconf 84' lang='grc' dir='ltr'>παρεθέμεθα,</span> <span class='ocrx_word' id='word_1_458' title='bbox 2174 4541 2360 4609; x_wconf 84' lang='grc' dir='ltr'>(ἀλλὰ</span> <span class='ocrx_word' id='word_1_459' title='bbox 2404 4543 2537 4609; x_wconf 80' lang='grc' dir='ltr'>καὶ)</span> <span class='ocrx_word' id='word_1_460' title='bbox 2587 4541 2624 4608; x_wconf 83' lang='grc' dir='ltr'>ἣ</span> <span class='ocrx_word' id='word_1_461' title='bbox 2679 4540 2736 4595; x_wconf 79' lang='grc' dir='ltr'>ἑξ</span> <span class='ocrx_word' id='word_1_462' title='bbox 2790 4540 3108 4593; x_wconf 83' lang='grc' dir='ltr'>ἀκολούθου</span> 
     </span>
     <span class='ocr_line' id='line_1_47' title="bbox 515 4621 3107 4695; baseline -0.001 -16"><span class='ocrx_word' id='word_1_463' title='bbox 515 4627 806 4693; x_wconf 82' lang='grc' dir='ltr'>προφορᾶς</span> <span class='ocrx_word' id='word_1_464' title='bbox 853 4621 1220 4679; x_wconf 77' lang='lat' dir='ltr'><strong>Rskrzeezka</strong></span> <span class='ocrx_word' id='word_1_465' title='bbox 1263 4625 1345 4690; x_wconf 74' lang='lat' dir='ltr'>et,</span> <span class='ocrx_word' id='word_1_466' title='bbox 1394 4626 1460 4678; x_wconf 80' lang='lat' dir='ltr'>ut</span> <span class='ocrx_word' id='word_1_467' title='bbox 1496 4624 1746 4691; x_wconf 80' lang='lat' dir='ltr'><strong>videtur,</strong></span> <span class='ocrx_word' id='word_1_468' title='bbox 1793 4624 2030 4695; x_wconf 81' lang='lat' dir='ltr'><strong>EEgger</strong></span> <span class='ocrx_word' id='word_1_469' title='bbox 2091 4626 2101 4689; x_wconf 91' lang='grc' dir='ltr'>Ι</span> <span class='ocrx_word' id='word_1_470' title='bbox 2164 4642 2357 4694; x_wconf 86' lang='grc' dir='ltr'>τριςην</span> <span class='ocrx_word' id='word_1_471' title='bbox 2394 4628 2438 4681; x_wconf 91' lang='grc' dir='ltr'>Α</span> <span class='ocrx_word' id='word_1_472' title='bbox 2502 4628 2511 4693; x_wconf 91' lang='grc' dir='ltr'>Ι</span> <span class='ocrx_word' id='word_1_473' title='bbox 2580 4630 2660 4679; x_wconf 80' lang='grc'>19.</span> <span class='ocrx_word' id='word_1_474' title='bbox 2709 4629 2979 4679; x_wconf 88' lang='grc' dir='ltr'>ποιεῖςθαι</span> <span class='ocrx_word' id='word_1_475' title='bbox 3017 4624 3107 4679; x_wconf 75' lang='lat' dir='ltr'>Ab</span> 
     </span>
     <span class='ocr_line' id='line_1_48' title="bbox 514 4706 3109 4780; baseline 0 -18"><span class='ocrx_word' id='word_1_476' title='bbox 514 4706 761 4778; x_wconf 78' lang='lat' dir='ltr'><strong>GUhlig,</strong></span> <span class='ocrx_word' id='word_1_477' title='bbox 810 4713 1056 4764; x_wconf 88' lang='grc' dir='ltr'>ποιεῖται</span> <span class='ocrx_word' id='word_1_478' title='bbox 1094 4707 1546 4764; x_wconf 79' lang='lat' dir='ltr'><strong>GFSchoemann</strong></span> <span class='ocrx_word' id='word_1_479' title='bbox 1590 4706 1957 4763; x_wconf 81' lang='lat' dir='ltr'><strong>RSkrzeczka</strong></span> <span class='ocrx_word' id='word_1_480' title='bbox 1993 4713 2003 4777; x_wconf 85' lang='grc' dir='ltr'>Ι</span> <span class='ocrx_word' id='word_1_481' title='bbox 2042 4708 2426 4780; x_wconf 84' lang='grc' dir='ltr'>ἀποτελεῖται]</span> <span class='ocrx_word' id='word_1_482' title='bbox 2464 4708 2559 4764; x_wconf 86' lang='lat' dir='ltr'><strong>fol.</strong></span> <span class='ocrx_word' id='word_1_483' title='bbox 2600 4716 2695 4765; x_wconf 83' lang='grc'>180</span> <span class='ocrx_word' id='word_1_484' title='bbox 2720 4727 2762 4763; x_wconf 88' lang='lat' dir='ltr'>r.</span> <span class='ocrx_word' id='word_1_485' title='bbox 2801 4711 2810 4779; x_wconf 87' lang='grc' dir='ltr'>Ι</span> <span class='ocrx_word' id='word_1_486' title='bbox 2847 4709 2998 4763; x_wconf 76' lang='lat' dir='ltr'><strong>inter</strong></span> <span class='ocrx_word' id='word_1_487' title='bbox 3039 4725 3109 4763; x_wconf 91' lang='grc' dir='ltr'>το</span> 
     </span>
     <span class='ocr_line' id='line_1_49' title="bbox 516 4792 3105 4865; baseline -0 -17"><span class='ocrx_word' id='word_1_488' title='bbox 516 4795 576 4848; x_wconf 74' lang='lat' dir='ltr'>et</span> <span class='ocrx_word' id='word_1_489' title='bbox 607 4797 784 4848; x_wconf 89' lang='grc' dir='ltr'>οικοθι</span> <span class='ocrx_word' id='word_1_490' title='bbox 820 4810 994 4862; x_wconf 77' lang='lat' dir='ltr'><strong>supra</strong></span> <span class='ocrx_word' id='word_1_491' title='bbox 1027 4792 1124 4847; x_wconf 87' lang='lat' dir='ltr'><strong>lin.</strong></span> <span class='ocrx_word' id='word_1_492' title='bbox 1166 4811 1307 4848; x_wconf 88' lang='grc' dir='ltr'>οικοι</span> <span class='ocrx_word' id='word_1_493' title='bbox 1345 4795 1413 4847; x_wconf 71' lang='grc' dir='ltr'>Α2</span> <span class='ocrx_word' id='word_1_494' title='bbox 1454 4801 1462 4853; x_wconf 79' lang='grc' dir='ltr'>ι</span> <span class='ocrx_word' id='word_1_495' title='bbox 1502 4799 1583 4846; x_wconf 80' lang='lat'>21.</span> <span class='ocrx_word' id='word_1_496' title='bbox 1620 4794 2080 4860; x_wconf 83' lang='grc' dir='ltr'>ἀπενεγκαμένου</span> <span class='ocrx_word' id='word_1_497' title='bbox 2118 4794 2171 4861; x_wconf 94' lang='lat' dir='ltr'>b,</span> <span class='ocrx_word' id='word_1_498' title='bbox 2211 4811 2664 4862; x_wconf 85' lang='grc' dir='ltr'>επενεγκαμενου</span> <span class='ocrx_word' id='word_1_499' title='bbox 2692 4797 2735 4850; x_wconf 89' lang='grc' dir='ltr'>Α</span> <span class='ocrx_word' id='word_1_500' title='bbox 2767 4798 2776 4865; x_wconf 85' lang='grc' dir='ltr'>Ι</span> <span class='ocrx_word' id='word_1_501' title='bbox 2807 4800 2888 4852; x_wconf 76' lang='lat'>23.</span> <span class='ocrx_word' id='word_1_502' title='bbox 2916 4797 3026 4864; x_wconf 87' lang='grc' dir='ltr'>μήν</span> <span class='ocrx_word' id='word_1_503' title='bbox 3050 4794 3105 4863; x_wconf 87' lang='lat' dir='ltr'>b,</span> 
     </span>
     <span class='ocr_line' id='line_1_50' title="bbox 516 4876 2221 4948; baseline -0.001 -14"><span class='ocrx_word' id='word_1_504' title='bbox 516 4896 619 4946; x_wconf 90' lang='grc' dir='ltr'>μεν</span> <span class='ocrx_word' id='word_1_505' title='bbox 656 4882 698 4934; x_wconf 90' lang='grc' dir='ltr'>Α</span> <span class='ocrx_word' id='word_1_506' title='bbox 740 4880 749 4945; x_wconf 83' lang='grc' dir='ltr'>Ι</span> <span class='ocrx_word' id='word_1_507' title='bbox 800 4884 882 4933; x_wconf 83' lang='grc'>25.</span> <span class='ocrx_word' id='word_1_508' title='bbox 920 4879 1012 4932; x_wconf 77' lang='grc' dir='ltr'>καὶ</span> <span class='ocrx_word' id='word_1_509' title='bbox 1048 4880 1161 4934; x_wconf 84' lang='grc' dir='ltr'>ἔςτι</span> <span class='ocrx_word' id='word_1_510' title='bbox 1197 4877 1553 4934; x_wconf 84' lang='lat' dir='ltr'><strong>RSehneider</strong></span> <span class='ocrx_word' id='word_1_511' title='bbox 1589 4876 1837 4948; x_wconf 82' lang='lat' dir='ltr'>GUhlig,</span> <span class='ocrx_word' id='word_1_512' title='bbox 1878 4881 1967 4933; x_wconf 85' lang='grc' dir='ltr'>καὶ</span> <span class='ocrx_word' id='word_1_513' title='bbox 2003 4880 2085 4934; x_wconf 82' lang='grc' dir='ltr'>ἔτι</span> <span class='ocrx_word' id='word_1_514' title='bbox 2120 4880 2164 4934; x_wconf 88' lang='grc' dir='ltr'>Α</span> <span class='ocrx_word' id='word_1_515' title='bbox 2186 4878 2221 4933; x_wconf 94' lang='lat' dir='ltr'>b</span> 
     </span>
    </p>
   </div>
  </div>
 </body>
</html>
