<?xml version="1.0" encoding="UTF-8"?>
<!DOCTYPE html PUBLIC "-//W3C//DTD XHTML 1.0 Transitional//EN"
    "http://www.w3.org/TR/xhtml1/DTD/xhtml1-transitional.dtd">
<html xmlns="http://www.w3.org/1999/xhtml" xml:lang="en" lang="en">
 <head>
  <title>
</title>
<meta http-equiv="Content-Type" content="text/html;charset=utf-8" />
  <meta name='ocr-system' content='tesseract 3.04.00' />
  <meta name='ocr-capabilities' content='ocr_page ocr_carea ocr_par ocr_line ocrx_word'/>
</head>
<body>
  <div class='ocr_page' id='page_1' title='image "./grammaticigraec00unkngoog_0358.png"; bbox 0 0 3738 5530; ppageno 0'>
   <div class='ocr_carea' id='block_1_1' title="bbox 645 286 3104 359">
    <p class='ocr_par' dir='ltr' id='par_1_1' title="bbox 645 286 3104 359">
     <span class='ocr_line' id='line_1_1' title="bbox 645 286 3104 359; baseline -0.002 -14"><span class='ocrx_word' id='word_1_1' title='bbox 645 291 731 355; x_wconf 81' lang='grc'><strong>70</strong></span> <span class='ocrx_word' id='word_1_2' title='bbox 816 289 1260 345; x_wconf 73' lang='lat' dir='ltr'><strong>Commentarius</strong></span> <span class='ocrx_word' id='word_1_3' title='bbox 1289 289 1515 346; x_wconf 80' lang='lat' dir='ltr'><strong>criticus</strong></span> <span class='ocrx_word' id='word_1_4' title='bbox 1542 292 1601 345; x_wconf 85' lang='lat' dir='ltr'><strong>et</strong></span> <span class='ocrx_word' id='word_1_5' title='bbox 1627 288 1948 359; x_wconf 73' lang='lat' dir='ltr'><strong>exegeticus</strong></span> <span class='ocrx_word' id='word_1_6' title='bbox 1975 289 2034 343; x_wconf 86' lang='lat' dir='ltr'><strong>in</strong></span> <span class='ocrx_word' id='word_1_7' title='bbox 2064 287 2350 359; x_wconf 88' lang='lat' dir='ltr'><strong>Apollonii</strong></span> <span class='ocrx_word' id='word_1_8' title='bbox 2379 287 2608 358; x_wconf 78' lang='lat' dir='ltr'><strong>Dyscoli</strong></span> <span class='ocrx_word' id='word_1_9' title='bbox 2636 286 2848 358; x_wconf 74' lang='lat' dir='ltr'><strong>scripta</strong></span> <span class='ocrx_word' id='word_1_10' title='bbox 2874 286 3104 341; x_wconf 79' lang='lat' dir='ltr'><strong>minora.</strong></span> 
     </span>
    </p>
   </div>
   <div class='ocr_carea' id='block_1_2' title="bbox 640 451 3275 2906">
    <p class='ocr_par' dir='ltr' id='par_1_2' title="bbox 643 451 3254 715">
     <span class='ocr_line' id='line_1_2' title="bbox 643 451 3254 564; baseline -0.002 -43"><span class='ocrx_word' id='word_1_11' title='bbox 643 456 721 521; x_wconf 86' lang='grc' dir='ltr'><strong>τὸ</strong></span> <span class='ocrx_word' id='word_1_12' title='bbox 767 456 840 522; x_wconf 83' lang='grc' dir='ltr'><strong>δὲ</strong></span> <span class='ocrx_word' id='word_1_13' title='bbox 884 451 1126 540; x_wconf 84' lang='grc' dir='ltr'>τούτῳ)</span> <span class='ocrx_word' id='word_1_14' title='bbox 1173 455 1522 564; x_wconf 83' lang='grc' dir='ltr'>πρόςωπον</span> <span class='ocrx_word' id='word_1_15' title='bbox 1568 453 2121 533; x_wconf 85' lang='grc' dir='ltr'>ἀνθυπαγόμενον.</span> <span class='ocrx_word' id='word_1_16' title='bbox 2194 458 2271 518; x_wconf 87' lang='lat' dir='ltr'><strong>ib.</strong></span> <span class='ocrx_word' id='word_1_17' title='bbox 2314 459 2460 532; x_wconf 92' lang='grc'>294,</span> <span class='ocrx_word' id='word_1_18' title='bbox 2483 458 2564 516; x_wconf 94' lang='grc'><strong>22</strong></span> <span class='ocrx_word' id='word_1_19' title='bbox 2612 451 2688 517; x_wconf 86' lang='grc' dir='ltr'><strong>τὸ</strong></span> <span class='ocrx_word' id='word_1_20' title='bbox 2737 451 2808 519; x_wconf 82' lang='grc' dir='ltr'><strong>ἐκ</strong></span> <span class='ocrx_word' id='word_1_21' title='bbox 2842 455 2954 530; x_wconf 91' lang='grc' dir='ltr'><strong>τῆς</strong></span> <span class='ocrx_word' id='word_1_22' title='bbox 3000 454 3254 529; x_wconf 84' lang='grc' dir='ltr'>δοτικῆς</span> 
     </span>
     <span class='ocr_line' id='line_1_3' title="bbox 644 541 3254 625; baseline -0.002 -15"><span class='ocrx_word' id='word_1_23' title='bbox 644 545 994 625; x_wconf 73' lang='grc' dir='ltr'>πρόςωπον</span> <span class='ocrx_word' id='word_1_24' title='bbox 1048 545 1424 623; x_wconf 83' lang='grc' dir='ltr'>νοούμενον.</span> <span class='ocrx_word' id='word_1_25' title='bbox 1506 548 1582 608; x_wconf 88' lang='lat' dir='ltr'><strong>ib.</strong></span> <span class='ocrx_word' id='word_1_26' title='bbox 1632 549 1781 624; x_wconf 87' lang='lat'>301,</span> <span class='ocrx_word' id='word_1_27' title='bbox 1803 551 1886 608; x_wconf 90' lang='grc'><strong>22</strong></span> <span class='ocrx_word' id='word_1_28' title='bbox 1942 545 2057 608; x_wconf 90' lang='grc' dir='ltr'><strong>τὰς</strong></span> <span class='ocrx_word' id='word_1_29' title='bbox 2112 543 2566 623; x_wconf 87' lang='grc' dir='ltr'>παρεπομένας</span> <span class='ocrx_word' id='word_1_30' title='bbox 2619 543 2894 620; x_wconf 83' lang='grc' dir='ltr'>ψυχικὰς</span> <span class='ocrx_word' id='word_1_31' title='bbox 2949 541 3254 606; x_wconf 84' lang='grc' dir='ltr'>διαθέςεις</span> 
     </span>
     <span class='ocr_line' id='line_1_4' title="bbox 644 631 2827 715; baseline -0.001 -16"><span class='ocrx_word' id='word_1_32' title='bbox 644 638 780 700; x_wconf 87' lang='grc' dir='ltr'>τοῖς</span> <span class='ocrx_word' id='word_1_33' title='bbox 826 633 1105 714; x_wconf 82' lang='grc' dir='ltr'>ῥήμαςιν.</span> <span class='ocrx_word' id='word_1_34' title='bbox 1173 638 1249 697; x_wconf 91' lang='lat' dir='ltr'><strong>ib.</strong></span> <span class='ocrx_word' id='word_1_35' title='bbox 1292 639 1439 713; x_wconf 88' lang='lat'><strong>341,</strong></span> <span class='ocrx_word' id='word_1_36' title='bbox 1458 640 1498 696; x_wconf 87' lang='lat'>4</span> <span class='ocrx_word' id='word_1_37' title='bbox 1546 634 1621 698; x_wconf 89' lang='grc' dir='ltr'><strong>τὸ</strong></span> <span class='ocrx_word' id='word_1_38' title='bbox 1670 634 2195 712; x_wconf 82' lang='grc' dir='ltr'>ἐπακολουθῆςαν</span> <span class='ocrx_word' id='word_1_39' title='bbox 2240 631 2447 697; x_wconf 86' lang='grc' dir='ltr'>πάθος</span> <span class='ocrx_word' id='word_1_40' title='bbox 2493 636 2569 715; x_wconf 82' lang='grc' dir='ltr'><strong>τῇ</strong></span> <span class='ocrx_word' id='word_1_41' title='bbox 2618 636 2827 715; x_wconf 85' lang='grc' dir='ltr'>φωνῇ.</span> 
     </span>
    </p>

    <p class='ocr_par' dir='ltr' id='par_1_3' title="bbox 828 725 2656 804">
     <span class='ocr_line' id='line_1_5' title="bbox 828 725 2656 804; baseline -0.002 -17"><span class='ocrx_word' id='word_1_42' title='bbox 828 730 933 804; x_wconf 88' lang='grc'><strong>42,</strong></span> <span class='ocrx_word' id='word_1_43' title='bbox 956 730 1034 788; x_wconf 87' lang='grc'><strong>27</strong></span> <span class='ocrx_word' id='word_1_44' title='bbox 1084 727 1154 787; x_wconf 87' lang='lat' dir='ltr'><strong>cf.</strong></span> <span class='ocrx_word' id='word_1_45' title='bbox 1203 731 1356 804; x_wconf 82' lang='lat' dir='ltr'><strong>synt</strong></span> <span class='ocrx_word' id='word_1_46' title='bbox 1409 729 1553 801; x_wconf 83' lang='grc'>137,</span> <span class='ocrx_word' id='word_1_47' title='bbox 1577 729 1687 803; x_wconf 84' lang='grc'><strong>19;</strong></span> <span class='ocrx_word' id='word_1_48' title='bbox 1738 728 1884 802; x_wconf 90' lang='grc'>146,</span> <span class='ocrx_word' id='word_1_49' title='bbox 1906 729 2005 787; x_wconf 85' lang='grc'><strong>25.</strong></span> <span class='ocrx_word' id='word_1_50' title='bbox 2097 725 2282 786; x_wconf 86' lang='lat' dir='ltr'><strong>Lohrs</strong></span> <span class='ocrx_word' id='word_1_51' title='bbox 2329 746 2382 802; x_wconf 91' lang='lat' dir='ltr'><strong>q.</strong></span> <span class='ocrx_word' id='word_1_52' title='bbox 2423 744 2469 784; x_wconf 94' lang='lat' dir='ltr'><strong>e.</strong></span> <span class='ocrx_word' id='word_1_53' title='bbox 2514 726 2656 784; x_wconf 91' lang='lat'>114.</span> 
     </span>
    </p>

    <p class='ocr_par' dir='ltr' id='par_1_4' title="bbox 646 771 3255 982">
     <span class='ocr_line' id='line_1_6' title="bbox 830 771 3255 893; baseline -0.001 -17"><span class='ocrx_word' id='word_1_54' title='bbox 830 818 935 892; x_wconf 87' lang='grc'><strong>43,</strong></span> <span class='ocrx_word' id='word_1_55' title='bbox 957 820 989 876; x_wconf 96' lang='grc'><strong>1</strong></span> <span class='ocrx_word' id='word_1_56' title='bbox 1022 815 1171 875; x_wconf 87' lang='lat' dir='ltr'><strong>Mihi</strong></span> <span class='ocrx_word' id='word_1_57' title='bbox 1199 816 1414 877; x_wconf 87' lang='lat' dir='ltr'><strong>codicis</strong></span> <span class='ocrx_word' id='word_1_58' title='bbox 1443 771 1737 893; x_wconf 61' lang='lat' dir='ltr'><strong>scriptu’ra</strong></span> <span class='ocrx_word' id='word_1_59' title='bbox 1766 816 2056 877; x_wconf 78' lang='lat' dir='ltr'><strong>servanda</strong></span> <span class='ocrx_word' id='word_1_60' title='bbox 2082 808 2413 875; x_wconf 79' lang='lat' dir='ltr'><strong>videtur.</strong></span> <span class='ocrx_word' id='word_1_61' title='bbox 2420 815 2523 891; x_wconf 88' lang='lat' dir='ltr'><strong>qui</strong></span> <span class='ocrx_word' id='word_1_62' title='bbox 2551 833 2913 891; x_wconf 76' lang='lat' dir='ltr'><strong>quamquam</strong></span> <span class='ocrx_word' id='word_1_63' title='bbox 2950 814 3255 892; x_wconf 77' lang='lat' dir='ltr'><strong>operosius</strong></span> 
     </span>
     <span class='ocr_line' id='line_1_7' title="bbox 646 900 1890 982; baseline -0.001 -18"><span class='ocrx_word' id='word_1_64' title='bbox 646 907 760 965; x_wconf 84' lang='lat' dir='ltr'><strong>hac</strong></span> <span class='ocrx_word' id='word_1_65' title='bbox 803 906 867 965; x_wconf 88' lang='lat' dir='ltr'><strong>in</strong></span> <span class='ocrx_word' id='word_1_66' title='bbox 910 926 975 966; x_wconf 89' lang='lat' dir='ltr'><strong>re</strong></span> <span class='ocrx_word' id='word_1_67' title='bbox 1020 908 1348 981; x_wconf 77' lang='lat' dir='ltr'><strong>versantur,</strong></span> <span class='ocrx_word' id='word_1_68' title='bbox 1390 900 1616 965; x_wconf 76' lang='lat' dir='ltr'><strong>tamen&#39;</strong></span> <span class='ocrx_word' id='word_1_69' title='bbox 1664 925 1711 965; x_wconf 92' lang='lat' dir='ltr'><strong>e.</strong></span> <span class='ocrx_word' id='word_1_70' title='bbox 1751 925 1804 982; x_wconf 91' lang='lat' dir='ltr'><strong>q.</strong></span> <span class='ocrx_word' id='word_1_71' title='bbox 1844 923 1890 965; x_wconf 89' lang='lat' dir='ltr'><strong>s.</strong></span> 
     </span>
    </p>

    <p class='ocr_par' dir='ltr' id='par_1_5' title="bbox 640 987 3258 1253">
     <span class='ocr_line' id='line_1_8' title="bbox 824 987 3256 1075; baseline -0.001 -21"><span class='ocrx_word' id='word_1_72' title='bbox 824 996 987 1071; x_wconf 88' lang='lat'><strong>43,4</strong></span> <span class='ocrx_word' id='word_1_73' title='bbox 1032 1015 1087 1055; x_wconf 87' lang='lat' dir='ltr'><strong>v.</strong></span> <span class='ocrx_word' id='word_1_74' title='bbox 1126 1014 1170 1056; x_wconf 91' lang='lat' dir='ltr'><strong>s.</strong></span> <span class='ocrx_word' id='word_1_75' title='bbox 1218 993 1296 1054; x_wconf 79' lang='lat' dir='ltr'><strong>ad</strong></span> <span class='ocrx_word' id='word_1_76' title='bbox 1332 996 1438 1071; x_wconf 83' lang='lat'><strong>42,</strong></span> <span class='ocrx_word' id='word_1_77' title='bbox 1459 995 1557 1075; x_wconf 86' lang='grc'><strong>25.</strong></span> <span class='ocrx_word' id='word_1_78' title='bbox 1653 994 1774 1054; x_wconf 79' lang='lat' dir='ltr'><strong>Ska</strong></span> <span class='ocrx_word' id='word_1_79' title='bbox 1818 994 1850 1053; x_wconf 95' lang='lat' dir='ltr'>I</span> <span class='ocrx_word' id='word_1_80' title='bbox 1901 997 1980 1054; x_wconf 92' lang='grc'><strong>12</strong></span> <span class='ocrx_word' id='word_1_81' title='bbox 2029 994 2285 1054; x_wconf 87' lang='lat' dir='ltr'><strong>Bekkeri</strong></span> <span class='ocrx_word' id='word_1_82' title='bbox 2329 991 2688 1069; x_wconf 78' lang='lat' dir='ltr'><strong>scripturam</strong></span> <span class='ocrx_word' id='word_1_83' title='bbox 2731 992 3038 1070; x_wconf 78' lang='lat' dir='ltr'><strong>probavit,</strong></span> <span class='ocrx_word' id='word_1_84' title='bbox 3097 987 3256 1052; x_wconf 72' lang='lat' dir='ltr'><strong>‘cum</strong></span> 
     </span>
     <span class='ocr_line' id='line_1_9' title="bbox 644 1081 3258 1161; baseline -0.001 -16"><span class='ocrx_word' id='word_1_85' title='bbox 644 1085 746 1145; x_wconf 82' lang='lat' dir='ltr'><strong>vix</strong></span> <span class='ocrx_word' id='word_1_86' title='bbox 790 1085 880 1145; x_wconf 87' lang='lat' dir='ltr'><strong>ita</strong></span> <span class='ocrx_word' id='word_1_87' title='bbox 923 1084 1169 1145; x_wconf 85' lang='lat' dir='ltr'><strong>verbum</strong></span> <span class='ocrx_word' id='word_1_88' title='bbox 1221 1086 1572 1161; x_wconf 81' lang='lat' dir='ltr'><strong>primarium</strong></span> <span class='ocrx_word' id='word_1_89' title='bbox 1627 1084 1892 1145; x_wconf 90' lang='lat' dir='ltr'><strong>subiecto</strong></span> <span class='ocrx_word' id='word_1_90' title='bbox 1939 1084 2096 1161; x_wconf 89' lang='lat' dir='ltr'><strong>quod</strong></span> <span class='ocrx_word' id='word_1_91' title='bbox 2143 1086 2235 1144; x_wconf 91' lang='lat' dir='ltr'><strong>est</strong></span> <span class='ocrx_word' id='word_1_92' title='bbox 2278 1084 2343 1143; x_wconf 88' lang='lat' dir='ltr'><strong>in</strong></span> <span class='ocrx_word' id='word_1_93' title='bbox 2389 1100 2672 1160; x_wconf 88' lang='lat' dir='ltr'><strong>suspenso</strong></span> <span class='ocrx_word' id='word_1_94' title='bbox 2718 1084 3027 1143; x_wconf 75' lang='lat' dir='ltr'><strong>enuntiato</strong></span> <span class='ocrx_word' id='word_1_95' title='bbox 3073 1081 3258 1159; x_wconf 72' lang='lat' dir='ltr'><strong>adap-</strong></span> 
     </span>
     <span class='ocr_line' id='line_1_10' title="bbox 640 1168 1836 1253; baseline -0.002 -19"><span class='ocrx_word' id='word_1_96' title='bbox 640 1175 764 1234; x_wconf 77' lang='lat' dir='ltr'><strong>tari</strong></span> <span class='ocrx_word' id='word_1_97' title='bbox 808 1169 1037 1252; x_wconf 88' lang='lat' dir='ltr'><strong>possit’.</strong></span> <span class='ocrx_word' id='word_1_98' title='bbox 1130 1168 1561 1253; x_wconf 78' lang='grc' dir='ltr'>Ἐδείχθηςαν]</span> <span class='ocrx_word' id='word_1_99' title='bbox 1612 1175 1715 1249; x_wconf 85' lang='grc'><strong>39,</strong></span> <span class='ocrx_word' id='word_1_100' title='bbox 1737 1174 1836 1233; x_wconf 89' lang='grc'><strong>23.</strong></span> 
     </span>
    </p>

    <p class='ocr_par' dir='ltr' id='par_1_6' title="bbox 828 1257 2080 1342">
     <span class='ocr_line' id='line_1_11' title="bbox 828 1257 2080 1342; baseline -0.001 -20"><span class='ocrx_word' id='word_1_101' title='bbox 828 1265 1031 1339; x_wconf 86' lang='grc'>43,11</span> <span class='ocrx_word' id='word_1_102' title='bbox 1087 1259 1152 1325; x_wconf 81' lang='grc' dir='ltr'><strong>ἐξ</strong></span> <span class='ocrx_word' id='word_1_103' title='bbox 1198 1257 1435 1342; x_wconf 85' lang='grc' dir='ltr'>ὀξείας]</span> <span class='ocrx_word' id='word_1_104' title='bbox 1483 1262 1667 1323; x_wconf 79' lang='lat' dir='ltr'><strong>Lehrs</strong></span> <span class='ocrx_word' id='word_1_105' title='bbox 1714 1284 1769 1340; x_wconf 89' lang='lat' dir='ltr'><strong>q.</strong></span> <span class='ocrx_word' id='word_1_106' title='bbox 1810 1282 1857 1322; x_wconf 90' lang='grc'><strong>3.</strong></span> <span class='ocrx_word' id='word_1_107' title='bbox 1904 1263 2080 1323; x_wconf 79' lang='grc'>108*.</span> 
     </span>
    </p>

    <p class='ocr_par' dir='ltr' id='par_1_7' title="bbox 823 1350 2999 1429">
     <span class='ocr_line' id='line_1_12' title="bbox 823 1350 2999 1429; baseline -0.002 -17"><span class='ocrx_word' id='word_1_108' title='bbox 823 1352 1208 1428; x_wconf 88' lang='grc'>43,14--16</span> <span class='ocrx_word' id='word_1_109' title='bbox 1257 1354 1328 1411; x_wconf 80' lang='lat' dir='ltr'><strong>cf.</strong></span> <span class='ocrx_word' id='word_1_110' title='bbox 1376 1355 1531 1429; x_wconf 85' lang='lat' dir='ltr'><strong>synt.</strong></span> <span class='ocrx_word' id='word_1_111' title='bbox 1584 1354 1729 1428; x_wconf 83' lang='grc'>143,</span> <span class='ocrx_word' id='word_1_112' title='bbox 1752 1354 1863 1428; x_wconf 81' lang='grc' dir='ltr'>2ος</span> <span class='ocrx_word' id='word_1_113' title='bbox 1914 1353 2180 1427; x_wconf 85' lang='lat'>144,13.</span> <span class='ocrx_word' id='word_1_114' title='bbox 2272 1350 2361 1410; x_wconf 78' lang='lat' dir='ltr'><strong>La</strong></span> <span class='ocrx_word' id='word_1_115' title='bbox 2405 1351 2603 1412; x_wconf 88' lang='lat' dir='ltr'><strong>Roche</strong></span> <span class='ocrx_word' id='word_1_116' title='bbox 2646 1351 2704 1410; x_wconf 88' lang='lat' dir='ltr'><strong>h.</strong></span> <span class='ocrx_word' id='word_1_117' title='bbox 2740 1350 2812 1410; x_wconf 90' lang='lat' dir='ltr'><strong>U.</strong></span> <span class='ocrx_word' id='word_1_118' title='bbox 2858 1352 2999 1410; x_wconf 86' lang='lat'>141.</span> 
     </span>
    </p>

    <p class='ocr_par' dir='ltr' id='par_1_8' title="bbox 827 1441 1719 1517">
     <span class='ocr_line' id='line_1_13' title="bbox 827 1441 1719 1517; baseline 0 -17"><span class='ocrx_word' id='word_1_119' title='bbox 827 1443 1037 1517; x_wconf 86' lang='lat'>43,19</span> <span class='ocrx_word' id='word_1_120' title='bbox 1085 1442 1157 1502; x_wconf 86' lang='lat' dir='ltr'><strong>cf.</strong></span> <span class='ocrx_word' id='word_1_121' title='bbox 1205 1441 1343 1502; x_wconf 87' lang='lat' dir='ltr'><strong>Her.</strong></span> <span class='ocrx_word' id='word_1_122' title='bbox 1391 1442 1454 1500; x_wconf 93' lang='lat' dir='ltr'><strong>II</strong></span> <span class='ocrx_word' id='word_1_123' title='bbox 1493 1443 1596 1517; x_wconf 85' lang='lat'><strong>65,</strong></span> <span class='ocrx_word' id='word_1_124' title='bbox 1618 1443 1719 1502; x_wconf 86' lang='lat'><strong>35.</strong></span> 
     </span>
    </p>

    <p class='ocr_par' dir='ltr' id='par_1_9' title="bbox 756 1530 1906 1608">
     <span class='ocr_line' id='line_1_14' title="bbox 756 1530 1906 1608; baseline -0.001 -19"><span class='ocrx_word' id='word_1_125' title='bbox 756 1596 759 1599; x_wconf 56' lang='grc'>,</span> <span class='ocrx_word' id='word_1_126' title='bbox 828 1533 933 1606; x_wconf 90' lang='lat'><strong>43,</strong></span> <span class='ocrx_word' id='word_1_127' title='bbox 954 1533 1040 1591; x_wconf 86' lang='lat'><strong>30</strong></span> <span class='ocrx_word' id='word_1_128' title='bbox 1086 1531 1156 1591; x_wconf 87' lang='lat' dir='ltr'><strong>cf.</strong></span> <span class='ocrx_word' id='word_1_129' title='bbox 1204 1530 1385 1591; x_wconf 81' lang='lat' dir='ltr'><strong>Prisc.</strong></span> <span class='ocrx_word' id='word_1_130' title='bbox 1433 1530 1580 1589; x_wconf 88' lang='lat' dir='ltr'>XIII</span> <span class='ocrx_word' id='word_1_131' title='bbox 1625 1551 1681 1608; x_wconf 89' lang='lat' dir='ltr'><strong>p.</strong></span> <span class='ocrx_word' id='word_1_132' title='bbox 1726 1532 1828 1606; x_wconf 87' lang='lat'><strong>15,</strong></span> <span class='ocrx_word' id='word_1_133' title='bbox 1849 1532 1906 1589; x_wconf 87' lang='lat'><strong>4.</strong></span> 
     </span>
    </p>

    <p class='ocr_par' dir='ltr' id='par_1_10' title="bbox 647 1613 3263 1876">
     <span class='ocr_line' id='line_1_15' title="bbox 828 1613 3261 1696; baseline -0 -17"><span class='ocrx_word' id='word_1_134' title='bbox 828 1619 987 1690; x_wconf 86' lang='lat' dir='ltr'><strong>Quid</strong></span> <span class='ocrx_word' id='word_1_135' title='bbox 1032 1619 1147 1680; x_wconf 87' lang='lat' dir='ltr'><strong>sibi</strong></span> <span class='ocrx_word' id='word_1_136' title='bbox 1192 1620 1383 1680; x_wconf 87' lang='lat' dir='ltr'><strong>velint</strong></span> <span class='ocrx_word' id='word_1_137' title='bbox 1424 1621 1572 1680; x_wconf 78' lang='lat' dir='ltr'><strong>haec</strong></span> <span class='ocrx_word' id='word_1_138' title='bbox 1616 1621 1655 1679; x_wconf 89' lang='grc'><strong>1.</strong></span> <span class='ocrx_word' id='word_1_139' title='bbox 1700 1621 1781 1680; x_wconf 87' lang='lat'><strong>33</strong></span> <span class='ocrx_word' id='word_1_140' title='bbox 1830 1615 2093 1694; x_wconf 86' lang='grc' dir='ltr'>Ῥητέον</span> <span class='ocrx_word' id='word_1_141' title='bbox 2148 1651 2222 1662; x_wconf 93' lang='grc'>-</span> <span class='ocrx_word' id='word_1_142' title='bbox 2276 1621 2360 1679; x_wconf 87' lang='grc'><strong>34</strong></span> <span class='ocrx_word' id='word_1_143' title='bbox 2408 1613 3032 1694; x_wconf 83' lang='grc' dir='ltr'>ἀντανακλωμὲνων,</span> <span class='ocrx_word' id='word_1_144' title='bbox 3096 1621 3261 1696; x_wconf 88' lang='lat' dir='ltr'><strong>post-</strong></span> 
     </span>
     <span class='ocr_line' id='line_1_16' title="bbox 650 1708 3263 1786; baseline -0 -18"><span class='ocrx_word' id='word_1_145' title='bbox 650 1729 829 1785; x_wconf 80' lang='lat' dir='ltr'><strong>quam</strong></span> <span class='ocrx_word' id='word_1_146' title='bbox 874 1710 979 1785; x_wconf 88' lang='grc'><strong>42,</strong></span> <span class='ocrx_word' id='word_1_147' title='bbox 1002 1711 1260 1769; x_wconf 90' lang='grc'>11--12</span> <span class='ocrx_word' id='word_1_148' title='bbox 1323 1709 1395 1769; x_wconf 83' lang='grc'><strong>(13</strong></span> <span class='ocrx_word' id='word_1_149' title='bbox 1454 1729 1524 1769; x_wconf 82' lang='lat' dir='ltr'><strong>es.</strong></span> <span class='ocrx_word' id='word_1_150' title='bbox 1576 1729 1641 1768; x_wconf 87' lang='lat' dir='ltr'><strong>re</strong></span> <span class='ocrx_word' id='word_1_151' title='bbox 1697 1711 2108 1786; x_wconf 78' lang='lat' dir='ltr'><strong>quaestionem</strong></span> <span class='ocrx_word' id='word_1_152' title='bbox 2162 1727 2226 1769; x_wconf 92' lang='lat' dir='ltr'><strong>se</strong></span> <span class='ocrx_word' id='word_1_153' title='bbox 2279 1708 2698 1769; x_wconf 88' lang='lat' dir='ltr'><strong>instituturum</strong></span> <span class='ocrx_word' id='word_1_154' title='bbox 2752 1726 2880 1768; x_wconf 89' lang='lat' dir='ltr'><strong>esse</strong></span> <span class='ocrx_word' id='word_1_155' title='bbox 2935 1708 3088 1768; x_wconf 81' lang='lat' dir='ltr'><strong>dixit</strong></span> <span class='ocrx_word' id='word_1_156' title='bbox 3127 1709 3263 1786; x_wconf 91' lang='lat' dir='ltr'><strong>Ap.,</strong></span> 
     </span>
     <span class='ocr_line' id='line_1_17' title="bbox 647 1798 1418 1876; baseline 0.001 -19"><span class='ocrx_word' id='word_1_157' title='bbox 647 1818 820 1859; x_wconf 90' lang='lat' dir='ltr'><strong>nemo</strong></span> <span class='ocrx_word' id='word_1_158' title='bbox 864 1798 1040 1859; x_wconf 82' lang='lat' dir='ltr'><strong>facile</strong></span> <span class='ocrx_word' id='word_1_159' title='bbox 1085 1799 1418 1876; x_wconf 75' lang='lat' dir='ltr'><strong>perspiciet.</strong></span> 
     </span>
    </p>

    <p class='ocr_par' dir='ltr' id='par_1_11' title="bbox 648 1885 3272 2591">
     <span class='ocr_line' id='line_1_18' title="bbox 828 1885 3270 1963; baseline 0 -16"><span class='ocrx_word' id='word_1_160' title='bbox 828 1885 999 1947; x_wconf 80' lang='lat' dir='ltr'><strong>Actio</strong></span> <span class='ocrx_word' id='word_1_161' title='bbox 1034 1904 1184 1962; x_wconf 76' lang='lat' dir='ltr'><strong>quae</strong></span> <span class='ocrx_word' id='word_1_162' title='bbox 1229 1905 1269 1947; x_wconf 89' lang='lat' dir='ltr'><strong>a</strong></span> <span class='ocrx_word' id='word_1_163' title='bbox 1310 1890 1687 1947; x_wconf 80' lang='lat' dir='ltr'><strong>nominativis</strong></span> <span class='ocrx_word' id='word_1_164' title='bbox 1721 1888 1803 1948; x_wconf 89' lang='lat' dir='ltr'><strong>ad</strong></span> <span class='ocrx_word' id='word_1_165' title='bbox 1846 1889 2106 1963; x_wconf 67' lang='lat' dir='ltr'><strong>obliquos</strong></span> <span class='ocrx_word' id='word_1_166' title='bbox 2150 1902 2325 1948; x_wconf 84' lang='lat' dir='ltr'><strong>casus</strong></span> <span class='ocrx_word' id='word_1_167' title='bbox 2369 1889 2598 1957; x_wconf 82' lang='lat' dir='ltr'><strong>transit,</strong></span> <span class='ocrx_word' id='word_1_168' title='bbox 2646 1891 2754 1948; x_wconf 84' lang='lat' dir='ltr'><strong>aut</strong></span> <span class='ocrx_word' id='word_1_169' title='bbox 2793 1890 2880 1947; x_wconf 78' lang='lat' dir='ltr'><strong>ita</strong></span> <span class='ocrx_word' id='word_1_170' title='bbox 2930 1890 3270 1962; x_wconf 77' lang='lat' dir='ltr'><strong>comparata</strong></span> 
     </span>
     <span class='ocr_line' id='line_1_19' title="bbox 650 1968 3272 2059; baseline 0.001 -23"><span class='ocrx_word' id='word_1_171' title='bbox 650 1980 759 2047; x_wconf 80' lang='lat' dir='ltr'><strong>cst,</strong></span> <span class='ocrx_word' id='word_1_172' title='bbox 815 1981 883 2036; x_wconf 85' lang='lat' dir='ltr'><strong>ut</strong></span> <span class='ocrx_word' id='word_1_173' title='bbox 935 1978 1015 2036; x_wconf 89' lang='lat' dir='ltr'><strong>ad</strong></span> <span class='ocrx_word' id='word_1_174' title='bbox 1066 1993 1385 2051; x_wconf 77' lang='lat' dir='ltr'><strong>personam</strong></span> <span class='ocrx_word' id='word_1_175' title='bbox 1446 1978 1708 2051; x_wconf 70' lang='lat' dir='ltr'><strong>anquam</strong></span> <span class='ocrx_word' id='word_1_176' title='bbox 1766 1994 1808 2037; x_wconf 87' lang='lat' dir='ltr'><strong>a</strong></span> <span class='ocrx_word' id='word_1_177' title='bbox 1849 1979 2208 2038; x_wconf 82' lang='lat' dir='ltr'><strong>nominativo</strong></span> <span class='ocrx_word' id='word_1_178' title='bbox 2253 1968 2575 2059; x_wconf 86' lang='lat' dir='ltr'><strong>(subiecto)</strong></span> <span class='ocrx_word' id='word_1_179' title='bbox 2631 1977 2926 2037; x_wconf 85' lang='lat' dir='ltr'><strong>diversam</strong></span> <span class='ocrx_word' id='word_1_180' title='bbox 2977 1979 3272 2053; x_wconf 76' lang='lat' dir='ltr'><strong>pertineat</strong></span> 
     </span>
     <span class='ocr_line' id='line_1_20' title="bbox 653 2058 3269 2148; baseline 0 -23"><span class='ocrx_word' id='word_1_181' title='bbox 653 2058 962 2148; x_wconf 77' lang='lat' dir='ltr'><strong>(transitio</strong></span> <span class='ocrx_word' id='word_1_182' title='bbox 1005 2084 1394 2143; x_wconf 85' lang='lat' dir='ltr'><strong>personarum</strong></span> <span class='ocrx_word' id='word_1_183' title='bbox 1440 2058 1672 2148; x_wconf 87' lang='lat' dir='ltr'><strong>Prisc.,)</strong></span> <span class='ocrx_word' id='word_1_184' title='bbox 1717 2071 1823 2127; x_wconf 85' lang='lat' dir='ltr'><strong>aut</strong></span> <span class='ocrx_word' id='word_1_185' title='bbox 1863 2068 1968 2136; x_wconf 88' lang='lat' dir='ltr'><strong>ita,</strong></span> <span class='ocrx_word' id='word_1_186' title='bbox 2013 2071 2081 2127; x_wconf 86' lang='lat' dir='ltr'><strong>ut</strong></span> <span class='ocrx_word' id='word_1_187' title='bbox 2122 2068 2204 2127; x_wconf 87' lang='lat' dir='ltr'><strong>ad</strong></span> <span class='ocrx_word' id='word_1_188' title='bbox 2247 2067 2564 2127; x_wconf 77' lang='lat' dir='ltr'><strong>subiectum</strong></span> <span class='ocrx_word' id='word_1_189' title='bbox 2607 2067 2808 2126; x_wconf 87' lang='lat' dir='ltr'><strong>redeat</strong></span> <span class='ocrx_word' id='word_1_190' title='bbox 2854 2059 3269 2148; x_wconf 77' lang='lat' dir='ltr'><strong>(reciprocatio</strong></span> 
     </span>
     <span class='ocr_line' id='line_1_21' title="bbox 655 2147 3271 2238; baseline 0 -24"><span class='ocrx_word' id='word_1_191' title='bbox 655 2147 886 2237; x_wconf 86' lang='lat' dir='ltr'><strong>Prisc..)</strong></span> <span class='ocrx_word' id='word_1_192' title='bbox 977 2156 1118 2216; x_wconf 84' lang='lat' dir='ltr'><strong>Iam</strong></span> <span class='ocrx_word' id='word_1_193' title='bbox 1159 2173 1294 2215; x_wconf 86' lang='lat' dir='ltr'><strong>vero</strong></span> <span class='ocrx_word' id='word_1_194' title='bbox 1339 2156 1503 2230; x_wconf 62' lang='lat' dir='ltr'><strong>apud</strong></span> <span class='ocrx_word' id='word_1_195' title='bbox 1545 2156 1871 2216; x_wconf 80' lang='lat' dir='ltr'><strong>Hmnerwm</strong></span> <span class='ocrx_word' id='word_1_196' title='bbox 1912 2174 2040 2216; x_wconf 86' lang='lat' dir='ltr'><strong>una</strong></span> <span class='ocrx_word' id='word_1_197' title='bbox 2085 2157 2394 2231; x_wconf 75' lang='lat' dir='ltr'><strong>eademque</strong></span> <span class='ocrx_word' id='word_1_198' title='bbox 2436 2156 2633 2229; x_wconf 84' lang='lat' dir='ltr'><strong>forma</strong></span> <span class='ocrx_word' id='word_1_199' title='bbox 2688 2147 2995 2238; x_wconf 85' lang='lat' dir='ltr'><strong>(simplex)</strong></span> <span class='ocrx_word' id='word_1_200' title='bbox 3040 2158 3271 2230; x_wconf 80' lang='lat' dir='ltr'><strong>utrique</strong></span> 
     </span>
     <span class='ocr_line' id='line_1_22' title="bbox 654 2246 3269 2320; baseline 0 -16"><span class='ocrx_word' id='word_1_201' title='bbox 654 2249 982 2308; x_wconf 68' lang='lat' dir='ltr'><strong>structurae</strong></span> <span class='ocrx_word' id='word_1_202' title='bbox 1024 2246 1298 2316; x_wconf 76' lang='lat' dir='ltr'><strong>inservit‚·</strong></span> <span class='ocrx_word' id='word_1_203' title='bbox 1330 2248 1541 2319; x_wconf 77' lang='lat' dir='ltr'><strong>postea</strong></span> <span class='ocrx_word' id='word_1_204' title='bbox 1585 2247 1898 2320; x_wconf 63' lang='lat' dir='ltr'><strong>conmosita</strong></span> <span class='ocrx_word' id='word_1_205' title='bbox 1939 2248 2178 2307; x_wconf 81' lang='lat' dir='ltr'><strong>inventa</strong></span> <span class='ocrx_word' id='word_1_206' title='bbox 2221 2249 2361 2306; x_wconf 83' lang='lat' dir='ltr'><strong>sunt</strong></span> <span class='ocrx_word' id='word_1_207' title='bbox 2402 2262 2553 2320; x_wconf 81' lang='lat' dir='ltr'><strong>quac</strong></span> <span class='ocrx_word' id='word_1_208' title='bbox 2595 2247 2866 2318; x_wconf 74' lang='lat' dir='ltr'><strong>refleoeive</strong></span> <span class='ocrx_word' id='word_1_209' title='bbox 2909 2261 3269 2320; x_wconf 67' lang='lat' dir='ltr'><strong>usurparen-</strong></span> 
     </span>
     <span class='ocr_line' id='line_1_23' title="bbox 653 2335 3270 2410; baseline -0 -16"><span class='ocrx_word' id='word_1_210' title='bbox 653 2338 781 2407; x_wconf 76' lang='lat' dir='ltr'><strong>tur‚·</strong></span> <span class='ocrx_word' id='word_1_211' title='bbox 828 2351 940 2409; x_wconf 81' lang='lat' dir='ltr'><strong>quo</strong></span> <span class='ocrx_word' id='word_1_212' title='bbox 974 2335 1128 2407; x_wconf 80' lang='lat' dir='ltr'><strong>facto</strong></span> <span class='ocrx_word' id='word_1_213' title='bbox 1165 2335 1455 2409; x_wconf 66' lang='lat' dir='ltr'><strong>simplicia</strong></span> <span class='ocrx_word' id='word_1_214' title='bbox 1497 2336 1602 2395; x_wconf 74' lang='lat' dir='ltr'><strong>hoc</strong></span> <span class='ocrx_word' id='word_1_215' title='bbox 1644 2335 1759 2395; x_wconf 80' lang='lat' dir='ltr'><strong>sibi</strong></span> <span class='ocrx_word' id='word_1_216' title='bbox 1802 2336 2120 2405; x_wconf 77' lang='lat' dir='ltr'><strong>vindicant,</strong></span> <span class='ocrx_word' id='word_1_217' title='bbox 2156 2338 2225 2395; x_wconf 83' lang='lat' dir='ltr'><strong>ut</strong></span> <span class='ocrx_word' id='word_1_218' title='bbox 2259 2336 2340 2395; x_wconf 90' lang='lat' dir='ltr'><strong>ad</strong></span> <span class='ocrx_word' id='word_1_219' title='bbox 2375 2337 2776 2395; x_wconf 68' lang='lat' dir='ltr'><strong>transitionem</strong></span> <span class='ocrx_word' id='word_1_220' title='bbox 2811 2336 3056 2395; x_wconf 84' lang='lat' dir='ltr'><strong>actionis</strong></span> <span class='ocrx_word' id='word_1_221' title='bbox 3091 2336 3270 2410; x_wconf 63' lang='lat' dir='ltr'><strong>siqni-</strong></span> 
     </span>
     <span class='ocr_line' id='line_1_24' title="bbox 648 2422 3267 2501; baseline 0 -18"><span class='ocrx_word' id='word_1_222' title='bbox 648 2426 951 2498; x_wconf 79' lang='lat' dir='ltr'><strong>fi&#39;ccmdam</strong></span> <span class='ocrx_word' id='word_1_223' title='bbox 1012 2424 1401 2484; x_wconf 81' lang='lat' dir='ltr'><strong>adhibeantur</strong></span> <span class='ocrx_word' id='word_1_224' title='bbox 1464 2425 1832 2500; x_wconf 89' lang='lat'>44,1-18.</span> <span class='ocrx_word' id='word_1_225' title='bbox 1948 2422 2031 2484; x_wconf 85' lang='lat' dir='ltr'><strong>Of.</strong></span> <span class='ocrx_word' id='word_1_226' title='bbox 2089 2425 2244 2501; x_wconf 76' lang='lat' dir='ltr'><strong>synt.</strong></span> <span class='ocrx_word' id='word_1_227' title='bbox 2296 2426 2507 2500; x_wconf 82' lang='lat'>147,1</span> <span class='ocrx_word' id='word_1_228' title='bbox 2540 2442 2705 2501; x_wconf 84' lang='lat' dir='ltr'><strong>sqq.3</strong></span> <span class='ocrx_word' id='word_1_229' title='bbox 2768 2423 2949 2484; x_wconf 87' lang='lat' dir='ltr'><strong>Prisc.</strong></span> <span class='ocrx_word' id='word_1_230' title='bbox 2997 2423 3146 2483; x_wconf 83' lang='lat' dir='ltr'>XIII</span> <span class='ocrx_word' id='word_1_231' title='bbox 3186 2424 3267 2484; x_wconf 87' lang='grc'><strong>23</strong></span> 
     </span>
     <span class='ocr_line' id='line_1_25' title="bbox 658 2513 1119 2591; baseline 0 -20"><span class='ocrx_word' id='word_1_232' title='bbox 658 2533 714 2591; x_wconf 90' lang='lat' dir='ltr'><strong>p.</strong></span> <span class='ocrx_word' id='word_1_233' title='bbox 759 2513 862 2589; x_wconf 89' lang='lat'><strong>15,</strong></span> <span class='ocrx_word' id='word_1_234' title='bbox 883 2514 1119 2572; x_wconf 82' lang='lat'><strong>8—28.</strong></span> 
     </span>
    </p>

    <p class='ocr_par' dir='ltr' id='par_1_12' title="bbox 659 2593 3275 2860">
     <span class='ocr_line' id='line_1_26' title="bbox 838 2593 3271 2685; baseline -0 -24"><span class='ocrx_word' id='word_1_235' title='bbox 838 2603 944 2678; x_wconf 86' lang='lat'><strong>43,</strong></span> <span class='ocrx_word' id='word_1_236' title='bbox 964 2603 1048 2663; x_wconf 83' lang='lat'><strong>34</strong></span> <span class='ocrx_word' id='word_1_237' title='bbox 1096 2596 1559 2663; x_wconf 85' lang='grc' dir='ltr'>ἀντανακλάνω</span> <span class='ocrx_word' id='word_1_238' title='bbox 1593 2603 1848 2662; x_wconf 81' lang='lat' dir='ltr'><strong>formam</strong></span> <span class='ocrx_word' id='word_1_239' title='bbox 1888 2621 2068 2679; x_wconf 75' lang='lat' dir='ltr'><strong>quam</strong></span> <span class='ocrx_word' id='word_1_240' title='bbox 2102 2602 2159 2660; x_wconf 80' lang='lat' dir='ltr'>A</span> <span class='ocrx_word' id='word_1_241' title='bbox 2194 2601 2458 2678; x_wconf 81' lang='lat' dir='ltr'><strong>praebet,</strong></span> <span class='ocrx_word' id='word_1_242' title='bbox 2492 2601 2532 2661; x_wconf 89' lang='lat' dir='ltr'>b</span> <span class='ocrx_word' id='word_1_243' title='bbox 2570 2602 2644 2661; x_wconf 79' lang='lat' dir='ltr'><strong>ad</strong></span> <span class='ocrx_word' id='word_1_244' title='bbox 2688 2602 2812 2661; x_wconf 83' lang='lat'><strong>132</strong></span> <span class='ocrx_word' id='word_1_245' title='bbox 2844 2600 2917 2683; x_wconf 78' lang='lat' dir='ltr'><strong>C,</strong></span> <span class='ocrx_word' id='word_1_246' title='bbox 2958 2594 3136 2685; x_wconf 87' lang='lat'>(104,</span> <span class='ocrx_word' id='word_1_247' title='bbox 3158 2593 3271 2683; x_wconf 88' lang='grc'><strong>12)</strong></span> 
     </span>
     <span class='ocr_line' id='line_1_27' title="bbox 661 2688 3274 2795; baseline -0 -44"><span class='ocrx_word' id='word_1_248' title='bbox 661 2694 970 2795; x_wconf 80' lang='lat' dir='ltr'><strong>comparat</strong></span> <span class='ocrx_word' id='word_1_249' title='bbox 1013 2710 1148 2751; x_wconf 90' lang='lat' dir='ltr'><strong>cum</strong></span> <span class='ocrx_word' id='word_1_250' title='bbox 1193 2688 1513 2767; x_wconf 81' lang='grc' dir='ltr'>ςυγχύνω,</span> <span class='ocrx_word' id='word_1_251' title='bbox 1577 2695 1648 2753; x_wconf 88' lang='lat' dir='ltr'><strong>ut</strong></span> <span class='ocrx_word' id='word_1_252' title='bbox 1692 2691 1981 2770; x_wconf 79' lang='lat' dir='ltr'><strong>suspicari</strong></span> <span class='ocrx_word' id='word_1_253' title='bbox 2028 2691 2305 2753; x_wconf 77' lang='lat' dir='ltr'><strong>videatur</strong></span> <span class='ocrx_word' id='word_1_254' title='bbox 2348 2690 2460 2769; x_wconf 88' lang='lat' dir='ltr'><strong>Ap.</strong></span> <span class='ocrx_word' id='word_1_255' title='bbox 2509 2692 2594 2751; x_wconf 86' lang='lat' dir='ltr'><strong>sic</strong></span> <span class='ocrx_word' id='word_1_256' title='bbox 2638 2691 2958 2769; x_wconf 84' lang='lat' dir='ltr'><strong>scripsisse.</strong></span> <span class='ocrx_word' id='word_1_257' title='bbox 3050 2690 3274 2750; x_wconf 89' lang='lat' dir='ltr'><strong>Verum</strong></span> 
     </span>
     <span class='ocr_line' id='line_1_28' title="bbox 659 2781 3275 2906; baseline -0 -65"><span class='ocrx_word' id='word_1_258' title='bbox 659 2801 766 2842; x_wconf 90' lang='lat' dir='ltr'><strong>nec</strong></span> <span class='ocrx_word' id='word_1_259' title='bbox 811 2783 940 2860; x_wconf 92' lang='lat' dir='ltr'><strong>ipse</strong></span> <span class='ocrx_word' id='word_1_260' title='bbox 984 2782 1240 2842; x_wconf 77' lang='lat' dir='ltr'><strong>formam</strong></span> <span class='ocrx_word' id='word_1_261' title='bbox 1283 2782 1453 2841; x_wconf 88' lang='grc'>1113111</span> <span class='ocrx_word' id='word_1_262' title='bbox 1496 2783 1747 2858; x_wconf 85' lang='lat' dir='ltr'><strong>recepit,</strong></span> <span class='ocrx_word' id='word_1_263' title='bbox 1800 2783 1992 2859; x_wconf 85' lang='lat' dir='ltr'><strong>n&#39;eque</strong></span> <span class='ocrx_word' id='word_1_264' title='bbox 2039 2801 2149 2860; x_wconf 82' lang='lat' dir='ltr'><strong>ego</strong></span> <span class='ocrx_word' id='word_1_265' title='bbox 2195 2782 2455 2906; x_wconf 87' lang='lat' dir='ltr'><strong>recipere</strong></span> <span class='ocrx_word' id='word_1_266' title='bbox 2502 2799 2681 2842; x_wconf 85' lang='grc'>3113113</span> <span class='ocrx_word' id='word_1_267' title='bbox 2727 2800 2876 2858; x_wconf 89' lang='lat' dir='ltr'><strong>sum,</strong></span> <span class='ocrx_word' id='word_1_268' title='bbox 2921 2783 2993 2842; x_wconf 83' lang='lat' dir='ltr'><strong>ut</strong></span> <span class='ocrx_word' id='word_1_269' title='bbox 3036 2781 3109 2841; x_wconf 85' lang='lat' dir='ltr'><strong>de</strong></span> <span class='ocrx_word' id='word_1_270' title='bbox 3155 2800 3275 2857; x_wconf 79' lang='lat' dir='ltr'><strong>qua</strong></span> 
     </span>
    </p>
   </div>
   <div class='ocr_carea' id='block_1_3' title="bbox 657 2871 2782 3036">
    <p class='ocr_par' dir='ltr' id='par_1_13' title="bbox 657 2871 2763 3036">
     <span class='ocr_line' id='line_1_29' title="bbox 657 2871 2135 2949; baseline 0 -19"><span class='ocrx_word' id='word_1_271' title='bbox 657 2872 895 2930; x_wconf 86' lang='lat' dir='ltr'><strong>nullum</strong></span> <span class='ocrx_word' id='word_1_272' title='bbox 943 2871 1107 2930; x_wconf 80' lang='lat' dir='ltr'><strong>aliud</strong></span> <span class='ocrx_word' id='word_1_273' title='bbox 1152 2871 1559 2931; x_wconf 83' lang='lat' dir='ltr'><strong>testimonium</strong></span> <span class='ocrx_word' id='word_1_274' title='bbox 1602 2873 1685 2932; x_wconf 87' lang='lat' dir='ltr'><strong>sit</strong></span> <span class='ocrx_word' id='word_1_275' title='bbox 1726 2873 1793 2932; x_wconf 87' lang='lat' dir='ltr'><strong>in</strong></span> <span class='ocrx_word' id='word_1_276' title='bbox 1836 2874 2135 2949; x_wconf 80' lang='lat' dir='ltr'><strong>promptu.</strong></span> 
     </span>
     <span class='ocr_line' id='line_1_30' title="bbox 831 2955 2782 3036; baseline 0.001 -18"><span class='ocrx_word' id='word_1_277' title='bbox 831 2962 935 3036; x_wconf 94' lang='lat'><strong>44,</strong></span> <span class='ocrx_word' id='word_1_278' title='bbox 956 2961 993 3019; x_wconf 87' lang='lat'><strong>3</strong></span> <span class='ocrx_word' id='word_1_279' title='bbox 1043 2960 1113 3020; x_wconf 88' lang='lat' dir='ltr'><strong>de</strong></span> <span class='ocrx_word' id='word_1_280' title='bbox 1162 2955 1494 3036; x_wconf 84' lang='grc' dir='ltr'>μετάβαςις</span> <span class='ocrx_word' id='word_1_281' title='bbox 1538 2961 1700 3021; x_wconf 86' lang='lat' dir='ltr'><strong>vocis</strong></span> <span class='ocrx_word' id='word_1_282' title='bbox 1745 2960 2092 3021; x_wconf 88' lang='lat' dir='ltr'><strong>notionibus</strong></span> <span class='ocrx_word' id='word_1_283' title='bbox 2140 2980 2194 3020; x_wconf 86' lang='lat' dir='ltr'><strong>v.</strong></span> <span class='ocrx_word' id='word_1_284' title='bbox 2243 2960 2375 3019; x_wconf 78' lang='lat' dir='ltr'><strong>adn.</strong></span> <span class='ocrx_word' id='word_1_285' title='bbox 2423 2956 2521 3019; x_wconf 78' lang='lat' dir='ltr'><strong>ad</strong></span> <span class='ocrx_word' id='word_1_286' title='bbox 2553 2961 2782 3035; x_wconf 84' lang='lat'>18,15.</span> 
     </span>
    </p>
   </div>
   <div class='ocr_carea' id='block_1_4' title="bbox 653 3048 3281 5005">
    <p class='ocr_par' dir='ltr' id='par_1_14' title="bbox 656 3048 3273 3217">
     <span class='ocr_line' id='line_1_31' title="bbox 834 3048 3273 3128; baseline 0 -21"><span class='ocrx_word' id='word_1_287' title='bbox 834 3050 939 3125; x_wconf 88' lang='lat'><strong>44,</strong></span> <span class='ocrx_word' id='word_1_288' title='bbox 961 3052 1045 3110; x_wconf 89' lang='lat'><strong>10</strong></span> <span class='ocrx_word' id='word_1_289' title='bbox 1090 3048 1162 3109; x_wconf 85' lang='lat' dir='ltr'><strong>de</strong></span> <span class='ocrx_word' id='word_1_290' title='bbox 1208 3049 1414 3109; x_wconf 79' lang='lat' dir='ltr'><strong>eadem</strong></span> <span class='ocrx_word' id='word_1_291' title='bbox 1456 3070 1521 3109; x_wconf 89' lang='lat' dir='ltr'><strong>re</strong></span> <span class='ocrx_word' id='word_1_292' title='bbox 1556 3049 1766 3111; x_wconf 87' lang='lat' dir='ltr'><strong>iisdem</strong></span> <span class='ocrx_word' id='word_1_293' title='bbox 1800 3050 1926 3110; x_wconf 89' lang='lat' dir='ltr'><strong>fere</strong></span> <span class='ocrx_word' id='word_1_294' title='bbox 1962 3049 2159 3110; x_wconf 86' lang='lat' dir='ltr'><strong>verbis</strong></span> <span class='ocrx_word' id='word_1_295' title='bbox 2196 3049 2467 3128; x_wconf 75' lang='lat' dir='ltr'><strong>disputat</strong></span> <span class='ocrx_word' id='word_1_296' title='bbox 2503 3053 2657 3126; x_wconf 83' lang='lat' dir='ltr'><strong>synt.</strong></span> <span class='ocrx_word' id='word_1_297' title='bbox 2698 3051 2845 3125; x_wconf 87' lang='lat'><strong>139,</strong></span> <span class='ocrx_word' id='word_1_298' title='bbox 2868 3050 3194 3125; x_wconf 84' lang='grc'>24-140,</span> <span class='ocrx_word' id='word_1_299' title='bbox 3215 3050 3273 3109; x_wconf 88' lang='grc'><strong>6.</strong></span> 
     </span>
     <span class='ocr_line' id='line_1_32' title="bbox 656 3137 1849 3217; baseline -0.001 -19"><span class='ocrx_word' id='word_1_300' title='bbox 656 3137 747 3198; x_wconf 83' lang='lat' dir='ltr'><strong>Cf.</strong></span> <span class='ocrx_word' id='word_1_301' title='bbox 792 3137 975 3199; x_wconf 87' lang='lat' dir='ltr'><strong>Prisc.</strong></span> <span class='ocrx_word' id='word_1_302' title='bbox 1024 3137 1182 3197; x_wconf 92' lang='lat' dir='ltr'>XIII</span> <span class='ocrx_word' id='word_1_303' title='bbox 1219 3140 1302 3198; x_wconf 92' lang='grc'><strong>22</strong></span> <span class='ocrx_word' id='word_1_304' title='bbox 1350 3160 1407 3217; x_wconf 93' lang='lat' dir='ltr'><strong>p.</strong></span> <span class='ocrx_word' id='word_1_305' title='bbox 1451 3140 1551 3215; x_wconf 90' lang='lat'><strong>14,</strong></span> <span class='ocrx_word' id='word_1_306' title='bbox 1573 3141 1849 3200; x_wconf 84' lang='lat'><strong>25—27.</strong></span> 
     </span>
    </p>

    <p class='ocr_par' dir='ltr' id='par_1_15' title="bbox 654 3222 3276 3753">
     <span class='ocr_line' id='line_1_33' title="bbox 833 3222 3276 3306; baseline 0 -20"><span class='ocrx_word' id='word_1_307' title='bbox 833 3229 1038 3303; x_wconf 89' lang='grc'>44,13</span> <span class='ocrx_word' id='word_1_308' title='bbox 1101 3223 1211 3302; x_wconf 77' lang='grc' dir='ltr'><strong>ἐμὲ</strong></span> <span class='ocrx_word' id='word_1_309' title='bbox 1264 3223 1388 3303; x_wconf 85' lang='grc' dir='ltr'><strong>γὰρ</strong></span> <span class='ocrx_word' id='word_1_310' title='bbox 1444 3224 1732 3303; x_wconf 83' lang='grc' dir='ltr'><strong>λύςομαι,</strong></span> <span class='ocrx_word' id='word_1_311' title='bbox 1799 3222 1890 3289; x_wconf 83' lang='grc' dir='ltr'><strong>εἷς</strong></span> <span class='ocrx_word' id='word_1_312' title='bbox 1934 3223 2039 3288; x_wconf 87' lang='grc' dir='ltr'><strong>καὶ</strong></span> <span class='ocrx_word' id='word_1_313' title='bbox 2084 3222 2123 3287; x_wconf 98' lang='lat'>6</span> <span class='ocrx_word' id='word_1_314' title='bbox 2170 3223 2392 3306; x_wconf 85' lang='grc' dir='ltr'>αὐτός]</span> <span class='ocrx_word' id='word_1_315' title='bbox 2460 3229 2616 3304; x_wconf 82' lang='lat' dir='ltr'><strong>synt.</strong></span> <span class='ocrx_word' id='word_1_316' title='bbox 2669 3229 2827 3303; x_wconf 84' lang='grc'>147,</span> <span class='ocrx_word' id='word_1_317' title='bbox 2851 3230 2962 3305; x_wconf 82' lang='lat'><strong>133</strong></span> <span class='ocrx_word' id='word_1_318' title='bbox 3026 3228 3165 3289; x_wconf 86' lang='lat' dir='ltr'><strong>Her.</strong></span> <span class='ocrx_word' id='word_1_319' title='bbox 3212 3227 3276 3286; x_wconf 93' lang='lat'><strong>11</strong></span> 
     </span>
     <span class='ocr_line' id='line_1_34' title="bbox 657 3311 3273 3394; baseline 0 -18"><span class='ocrx_word' id='word_1_320' title='bbox 657 3317 761 3392; x_wconf 86' lang='grc'><strong>65,</strong></span> <span class='ocrx_word' id='word_1_321' title='bbox 782 3319 881 3376; x_wconf 90' lang='grc'><strong>24.</strong></span> <span class='ocrx_word' id='word_1_322' title='bbox 974 3311 1145 3387; x_wconf 74' lang='lat' dir='ltr'><strong>‘Quis</strong></span> <span class='ocrx_word' id='word_1_323' title='bbox 1198 3336 1318 3377; x_wconf 90' lang='lat' dir='ltr'><strong>non</strong></span> <span class='ocrx_word' id='word_1_324' title='bbox 1371 3316 1538 3377; x_wconf 75' lang='lat' dir='ltr'><strong>videt</strong></span> <span class='ocrx_word' id='word_1_325' title='bbox 1589 3318 1948 3393; x_wconf 79' lang='lat' dir='ltr'><strong>orationem,</strong></span> <span class='ocrx_word' id='word_1_326' title='bbox 2013 3335 2194 3392; x_wconf 78' lang='lat' dir='ltr'><strong>quam</strong></span> <span class='ocrx_word' id='word_1_327' title='bbox 2237 3321 2439 3377; x_wconf 80' lang='lat' dir='ltr'><strong>tamen</strong></span> <span class='ocrx_word' id='word_1_328' title='bbox 2485 3335 2694 3377; x_wconf 78' lang='lat' dir='ltr'><strong>sanam</strong></span> <span class='ocrx_word' id='word_1_329' title='bbox 2746 3335 2873 3377; x_wconf 89' lang='grc'>3333</span> <span class='ocrx_word' id='word_1_330' title='bbox 2918 3320 3096 3394; x_wconf 92' lang='lat' dir='ltr'><strong>puto,</strong></span> <span class='ocrx_word' id='word_1_331' title='bbox 3154 3336 3273 3377; x_wconf 89' lang='lat' dir='ltr'><strong>non</strong></span> 
     </span>
     <span class='ocr_line' id='line_1_35' title="bbox 654 3399 3274 3483; baseline 0 -18"><span class='ocrx_word' id='word_1_332' title='bbox 654 3405 730 3465; x_wconf 79' lang='lat' dir='ltr'><strong>ab</strong></span> <span class='ocrx_word' id='word_1_333' title='bbox 776 3405 1046 3465; x_wconf 88' lang='lat' dir='ltr'><strong>omnibus</strong></span> <span class='ocrx_word' id='word_1_334' title='bbox 1092 3406 1361 3483; x_wconf 78' lang='lat' dir='ltr'><strong>partibus</strong></span> <span class='ocrx_word' id='word_1_335' title='bbox 1408 3425 1533 3466; x_wconf 90' lang='grc'>3333</span> <span class='ocrx_word' id='word_1_336' title='bbox 1580 3404 1960 3468; x_wconf 73' lang='lat' dir='ltr'><strong>absolutam?</strong></span> <span class='ocrx_word' id='word_1_337' title='bbox 2024 3405 2337 3466; x_wconf 84' lang='lat' dir='ltr'><strong>dicendum</strong></span> <span class='ocrx_word' id='word_1_338' title='bbox 2375 3407 2533 3466; x_wconf 87' lang='lat' dir='ltr'><strong>enim</strong></span> <span class='ocrx_word' id='word_1_339' title='bbox 2568 3406 2687 3465; x_wconf 87' lang='lat' dir='ltr'><strong>fuit</strong></span> <span class='ocrx_word' id='word_1_340' title='bbox 2731 3399 2823 3467; x_wconf 84' lang='grc' dir='ltr'><strong>εἶς</strong></span> <span class='ocrx_word' id='word_1_341' title='bbox 2858 3403 2962 3466; x_wconf 80' lang='grc' dir='ltr'><strong>καὶ</strong></span> <span class='ocrx_word' id='word_1_342' title='bbox 3000 3402 3038 3467; x_wconf 94' lang='lat'>6</span> <span class='ocrx_word' id='word_1_343' title='bbox 3077 3402 3274 3467; x_wconf 82' lang='grc' dir='ltr'>αὐτὸς</span> 
     </span>
     <span class='ocr_line' id='line_1_36' title="bbox 662 3490 3276 3576; baseline 0 -21"><span class='ocrx_word' id='word_1_344' title='bbox 662 3490 701 3555; x_wconf 90' lang='grc' dir='ltr'>ὁ</span> <span class='ocrx_word' id='word_1_345' title='bbox 749 3490 926 3554; x_wconf 86' lang='grc' dir='ltr'>λύων</span> <span class='ocrx_word' id='word_1_346' title='bbox 972 3491 1075 3555; x_wconf 84' lang='grc' dir='ltr'><strong>καὶ</strong></span> <span class='ocrx_word' id='word_1_347' title='bbox 1121 3490 1160 3555; x_wconf 92' lang='lat'>6</span> <span class='ocrx_word' id='word_1_348' title='bbox 1207 3492 1519 3570; x_wconf 84' lang='grc' dir='ltr'>λυόμενος</span> <span class='ocrx_word' id='word_1_349' title='bbox 1568 3497 1639 3556; x_wconf 87' lang='lat' dir='ltr'><strong>cf.</strong></span> <span class='ocrx_word' id='word_1_350' title='bbox 1682 3497 1762 3557; x_wconf 82' lang='lat'><strong>57</strong></span> <span class='ocrx_word' id='word_1_351' title='bbox 1792 3496 1848 3556; x_wconf 88' lang='lat' dir='ltr'>A</span> <span class='ocrx_word' id='word_1_352' title='bbox 1888 3498 1927 3554; x_wconf 88' lang='lat'>4</span> <span class='ocrx_word' id='word_1_353' title='bbox 1978 3491 2263 3576; x_wconf 84' lang='lat'>[45,20].</span> <span class='ocrx_word' id='word_1_354' title='bbox 2357 3494 2474 3556; x_wconf 82' lang='lat' dir='ltr'><strong>Sed</strong></span> <span class='ocrx_word' id='word_1_355' title='bbox 2511 3499 2773 3556; x_wconf 78' lang='lat' dir='ltr'><strong>extrema</strong></span> <span class='ocrx_word' id='word_1_356' title='bbox 2810 3496 2901 3555; x_wconf 79' lang='lat' dir='ltr'><strong>ita</strong></span> <span class='ocrx_word' id='word_1_357' title='bbox 2936 3495 3276 3574; x_wconf 78' lang='lat' dir='ltr'><strong>refingenda</strong></span> 
     </span>
     <span class='ocr_line' id='line_1_37' title="bbox 661 3577 3272 3668; baseline 0 -25"><span class='ocrx_word' id='word_1_358' title='bbox 661 3602 787 3644; x_wconf 85' lang='grc'>3333</span> <span class='ocrx_word' id='word_1_359' title='bbox 832 3584 1091 3644; x_wconf 81' lang='lat' dir='ltr'><strong>arbitror</strong></span> <span class='ocrx_word' id='word_1_360' title='bbox 1127 3579 1346 3659; x_wconf 89' lang='grc' dir='ltr'>ἕτερος</span> <span class='ocrx_word' id='word_1_361' title='bbox 1384 3577 1519 3667; x_wconf 88' lang='lat' dir='ltr'><strong>(pro</strong></span> <span class='ocrx_word' id='word_1_362' title='bbox 1558 3577 1697 3668; x_wconf 82' lang='grc' dir='ltr'>ὅτε)</span> <span class='ocrx_word' id='word_1_363' title='bbox 1736 3581 1774 3646; x_wconf 92' lang='lat'>6</span> <span class='ocrx_word' id='word_1_364' title='bbox 1816 3581 2119 3657; x_wconf 84' lang='grc' dir='ltr'>γνωςθεὶς</span> <span class='ocrx_word' id='word_1_365' title='bbox 2164 3581 2266 3645; x_wconf 79' lang='grc' dir='ltr'><strong>καὶ</strong></span> <span class='ocrx_word' id='word_1_366' title='bbox 2303 3580 2342 3645; x_wconf 97' lang='lat'>6</span> <span class='ocrx_word' id='word_1_367' title='bbox 2388 3581 2599 3656; x_wconf 86' lang='grc' dir='ltr'>γνούς.</span> <span class='ocrx_word' id='word_1_368' title='bbox 2675 3585 2744 3643; x_wconf 85' lang='lat' dir='ltr'><strong>cf.</strong></span> <span class='ocrx_word' id='word_1_369' title='bbox 2783 3585 2965 3645; x_wconf 87' lang='lat' dir='ltr'><strong>Prisc.</strong></span> <span class='ocrx_word' id='word_1_370' title='bbox 3003 3584 3152 3645; x_wconf 83' lang='lat' dir='ltr'>XIII</span> <span class='ocrx_word' id='word_1_371' title='bbox 3191 3586 3272 3644; x_wconf 83' lang='lat'><strong>23</strong></span> 
     </span>
     <span class='ocr_line' id='line_1_38' title="bbox 661 3669 2849 3753; baseline 0 -22"><span class='ocrx_word' id='word_1_372' title='bbox 661 3693 718 3750; x_wconf 90' lang='lat' dir='ltr'><strong>p.</strong></span> <span class='ocrx_word' id='word_1_373' title='bbox 764 3675 867 3747; x_wconf 85' lang='grc'><strong>15,</strong></span> <span class='ocrx_word' id='word_1_374' title='bbox 889 3675 1001 3733; x_wconf 83' lang='lat'><strong>24:</strong></span> <span class='ocrx_word' id='word_1_375' title='bbox 1047 3675 1201 3732; x_wconf 81' lang='lat' dir='ltr'><strong>alter</strong></span> <span class='ocrx_word' id='word_1_376' title='bbox 1244 3674 1402 3733; x_wconf 83' lang='lat' dir='ltr'><strong>enim</strong></span> <span class='ocrx_word' id='word_1_377' title='bbox 1446 3675 1728 3753; x_wconf 82' lang='lat' dir='ltr'><strong>cognovit</strong></span> <span class='ocrx_word' id='word_1_378' title='bbox 1770 3677 1832 3734; x_wconf 90' lang='lat' dir='ltr'><strong>et</strong></span> <span class='ocrx_word' id='word_1_379' title='bbox 1878 3675 2032 3734; x_wconf 77' lang='lat' dir='ltr'><strong>alter</strong></span> <span class='ocrx_word' id='word_1_380' title='bbox 2076 3676 2169 3734; x_wconf 88' lang='lat' dir='ltr'><strong>est</strong></span> <span class='ocrx_word' id='word_1_381' title='bbox 2213 3669 2507 3753; x_wconf 85' lang='lat' dir='ltr'><strong>cognitus&#39;</strong></span> <span class='ocrx_word' id='word_1_382' title='bbox 2557 3674 2678 3734; x_wconf 76' lang='lat' dir='ltr'><strong>ska</strong></span> <span class='ocrx_word' id='word_1_383' title='bbox 2722 3673 2755 3733; x_wconf 95' lang='lat' dir='ltr'>I</span> <span class='ocrx_word' id='word_1_384' title='bbox 2791 3676 2849 3732; x_wconf 92' lang='lat'><strong>4.</strong></span> 
     </span>
    </p>

    <p class='ocr_par' dir='ltr' id='par_1_16' title="bbox 653 3762 3280 4287">
     <span class='ocr_line' id='line_1_39' title="bbox 836 3762 3280 3839; baseline 0.001 -18"><span class='ocrx_word' id='word_1_385' title='bbox 836 3762 924 3821; x_wconf 86' lang='lat' dir='ltr'><strong>Et</strong></span> <span class='ocrx_word' id='word_1_386' title='bbox 955 3766 1192 3836; x_wconf 79' lang='lat' dir='ltr'><strong>primae</strong></span> <span class='ocrx_word' id='word_1_387' title='bbox 1235 3764 1466 3837; x_wconf 79' lang='lat' dir='ltr'><strong>quidem</strong></span> <span class='ocrx_word' id='word_1_388' title='bbox 1508 3765 1904 3837; x_wconf 75' lang='lat' dir='ltr'><strong>secundaeque</strong></span> <span class='ocrx_word' id='word_1_389' title='bbox 1937 3781 2228 3838; x_wconf 77' lang='lat' dir='ltr'><strong>personae</strong></span> <span class='ocrx_word' id='word_1_390' title='bbox 2262 3766 2620 3839; x_wconf 78' lang='lat' dir='ltr'><strong>pronomina</strong></span> <span class='ocrx_word' id='word_1_391' title='bbox 2663 3765 2984 3839; x_wconf 76' lang='lat' dir='ltr'><strong>composita</strong></span> <span class='ocrx_word' id='word_1_392' title='bbox 3027 3765 3174 3824; x_wconf 80' lang='lat' dir='ltr'><strong>adeo</strong></span> <span class='ocrx_word' id='word_1_393' title='bbox 3212 3765 3280 3823; x_wconf 86' lang='lat' dir='ltr'><strong>in</strong></span> 
     </span>
     <span class='ocr_line' id='line_1_40' title="bbox 656 3852 3277 3928; baseline 0.001 -17"><span class='ocrx_word' id='word_1_394' title='bbox 656 3852 1124 3912; x_wconf 76' lang='lat' dir='ltr'><strong>consuetudinem</strong></span> <span class='ocrx_word' id='word_1_395' title='bbox 1166 3856 1461 3921; x_wconf 75' lang='lat' dir='ltr'><strong>venerunt,</strong></span> <span class='ocrx_word' id='word_1_396' title='bbox 1506 3856 1576 3912; x_wconf 83' lang='lat' dir='ltr'><strong>ut</strong></span> <span class='ocrx_word' id='word_1_397' title='bbox 1614 3854 1907 3928; x_wconf 74' lang='lat' dir='ltr'><strong>simplicia</strong></span> <span class='ocrx_word' id='word_1_398' title='bbox 1949 3870 2070 3912; x_wconf 89' lang='lat' dir='ltr'><strong>non</strong></span> <span class='ocrx_word' id='word_1_399' title='bbox 2111 3855 2237 3912; x_wconf 81' lang='lat' dir='ltr'><strong>iam</strong></span> <span class='ocrx_word' id='word_1_400' title='bbox 2278 3856 2347 3912; x_wconf 86' lang='lat' dir='ltr'><strong>in</strong></span> <span class='ocrx_word' id='word_1_401' title='bbox 2392 3871 2590 3913; x_wconf 83' lang='lat' dir='ltr'><strong>eorum</strong></span> <span class='ocrx_word' id='word_1_402' title='bbox 2641 3854 2829 3913; x_wconf 83' lang='lat' dir='ltr'><strong>locum</strong></span> <span class='ocrx_word' id='word_1_403' title='bbox 2870 3854 3277 3913; x_wconf 71' lang='lat' dir='ltr'><strong>substimeren-</strong></span> 
     </span>
     <span class='ocr_line' id='line_1_41' title="bbox 657 3943 3278 4017; baseline 0.001 -17"><span class='ocrx_word' id='word_1_404' title='bbox 657 3945 785 4012; x_wconf 88' lang='lat' dir='ltr'><strong>tur,·</strong></span> <span class='ocrx_word' id='word_1_405' title='bbox 827 3943 895 4000; x_wconf 84' lang='lat' dir='ltr'><strong>in</strong></span> <span class='ocrx_word' id='word_1_406' title='bbox 938 3944 1107 4000; x_wconf 81' lang='lat' dir='ltr'><strong>tertia</strong></span> <span class='ocrx_word' id='word_1_407' title='bbox 1150 3958 1283 4001; x_wconf 80' lang='lat' dir='ltr'><strong>vero</strong></span> <span class='ocrx_word' id='word_1_408' title='bbox 1317 3945 1526 4016; x_wconf 82' lang='lat' dir='ltr'><strong>poetae</strong></span> <span class='ocrx_word' id='word_1_409' title='bbox 1568 3944 1845 4012; x_wconf 68' lang='lat' dir='ltr'><strong>maxime,</strong></span> <span class='ocrx_word' id='word_1_410' title='bbox 1891 3945 2225 4016; x_wconf 76' lang='lat' dir='ltr'><strong>spernentes</strong></span> <span class='ocrx_word' id='word_1_411' title='bbox 2271 3960 2341 4003; x_wconf 87' lang='lat' dir='ltr'><strong>ea</strong></span> <span class='ocrx_word' id='word_1_412' title='bbox 2384 3959 2534 4016; x_wconf 75' lang='lat' dir='ltr'><strong>quae</strong></span> <span class='ocrx_word' id='word_1_413' title='bbox 2584 3946 2726 4001; x_wconf 74' lang='lat' dir='ltr'><strong>szmt</strong></span> <span class='ocrx_word' id='word_1_414' title='bbox 2768 3944 2941 4012; x_wconf 78' lang='lat' dir='ltr'><strong>trita,</strong></span> <span class='ocrx_word' id='word_1_415' title='bbox 2977 3944 3278 4017; x_wconf 77' lang='lat' dir='ltr'><strong>pronomi-</strong></span> 
     </span>
     <span class='ocr_line' id='line_1_42' title="bbox 653 4021 3279 4112; baseline 0 -23"><span class='ocrx_word' id='word_1_416' title='bbox 653 4031 830 4090; x_wconf 80' lang='lat' dir='ltr'><strong>nibus</strong></span> <span class='ocrx_word' id='word_1_417' title='bbox 884 4021 1306 4112; x_wconf 87' lang='lat' dir='ltr'><strong>(simplicibus)</strong></span> <span class='ocrx_word' id='word_1_418' title='bbox 1361 4033 1559 4091; x_wconf 84' lang='lat' dir='ltr'><strong>minus</strong></span> <span class='ocrx_word' id='word_1_419' title='bbox 1611 4033 1787 4101; x_wconf 76' lang='lat' dir='ltr'><strong>tritis,</strong></span> <span class='ocrx_word' id='word_1_420' title='bbox 1852 4033 2008 4090; x_wconf 83' lang='lat' dir='ltr'><strong>velut</strong></span> <span class='ocrx_word' id='word_1_421' title='bbox 2047 4025 2074 4090; x_wconf 79' lang='grc' dir='ltr'><strong>ἵ</strong></span> <span class='ocrx_word' id='word_1_422' title='bbox 2116 4033 2272 4100; x_wconf 70' lang='lat' dir='ltr'><strong>sim„</strong></span> <span class='ocrx_word' id='word_1_423' title='bbox 2338 4034 2663 4106; x_wconf 78' lang='lat' dir='ltr'><strong>antiquitus</strong></span> <span class='ocrx_word' id='word_1_424' title='bbox 2716 4033 2804 4092; x_wconf 86' lang='lat' dir='ltr'><strong>ita</strong></span> <span class='ocrx_word' id='word_1_425' title='bbox 2846 4034 2944 4092; x_wconf 83' lang='lat' dir='ltr'><strong>usi</strong></span> <span class='ocrx_word' id='word_1_426' title='bbox 2986 4036 3149 4101; x_wconf 75' lang='lat' dir='ltr'><strong>sunt,</strong></span> <span class='ocrx_word' id='word_1_427' title='bbox 3210 4036 3279 4092; x_wconf 87' lang='lat' dir='ltr'><strong>ut</strong></span> 
     </span>
     <span class='ocr_line' id='line_1_43' title="bbox 653 4119 3277 4199; baseline -0 -19"><span class='ocrx_word' id='word_1_428' title='bbox 653 4138 781 4180; x_wconf 88' lang='lat' dir='ltr'><strong>una</strong></span> <span class='ocrx_word' id='word_1_429' title='bbox 823 4136 957 4179; x_wconf 84' lang='lat' dir='ltr'><strong>voce</strong></span> <span class='ocrx_word' id='word_1_430' title='bbox 993 4124 1297 4195; x_wconf 75' lang='lat' dir='ltr'><strong>utramque</strong></span> <span class='ocrx_word' id='word_1_431' title='bbox 1333 4123 1804 4181; x_wconf 75' lang='lat' dir='ltr'><strong>constructionem</strong></span> <span class='ocrx_word' id='word_1_432' title='bbox 1836 4122 2165 4181; x_wconf 82' lang='lat' dir='ltr'><strong>indicarent</strong></span> <span class='ocrx_word' id='word_1_433' title='bbox 2208 4122 2313 4196; x_wconf 88' lang='lat'><strong>45,</strong></span> <span class='ocrx_word' id='word_1_434' title='bbox 2337 4123 2523 4181; x_wconf 85' lang='lat'>1—7.</span> <span class='ocrx_word' id='word_1_435' title='bbox 2602 4119 2687 4180; x_wconf 83' lang='lat' dir='ltr'><strong>Cf.</strong></span> <span class='ocrx_word' id='word_1_436' title='bbox 2724 4140 2889 4199; x_wconf 90' lang='lat' dir='ltr'><strong>pron.</strong></span> <span class='ocrx_word' id='word_1_437' title='bbox 2931 4123 3034 4197; x_wconf 88' lang='grc'><strong>69,</strong></span> <span class='ocrx_word' id='word_1_438' title='bbox 3058 4124 3142 4184; x_wconf 90' lang='grc'>20</span> <span class='ocrx_word' id='word_1_439' title='bbox 3162 4140 3277 4199; x_wconf 85' lang='lat' dir='ltr'><strong>sq.3</strong></span> 
     </span>
     <span class='ocr_line' id='line_1_44' title="bbox 656 4208 1825 4287; baseline 0.001 -20"><span class='ocrx_word' id='word_1_440' title='bbox 656 4208 839 4270; x_wconf 87' lang='lat' dir='ltr'><strong>Prisc.</strong></span> <span class='ocrx_word' id='word_1_441' title='bbox 888 4208 1061 4268; x_wconf 83' lang='lat' dir='ltr'>XVII</span> <span class='ocrx_word' id='word_1_442' title='bbox 1101 4210 1225 4269; x_wconf 90' lang='grc'><strong>136</strong></span> <span class='ocrx_word' id='word_1_443' title='bbox 1271 4229 1329 4287; x_wconf 91' lang='lat' dir='ltr'><strong>p.</strong></span> <span class='ocrx_word' id='word_1_444' title='bbox 1375 4211 1825 4286; x_wconf 86' lang='grc' dir='ltr'>176,14-2Ο.</span> 
     </span>
    </p>

    <p class='ocr_par' dir='ltr' id='par_1_17' title="bbox 836 4294 1915 4378">
     <span class='ocr_line' id='line_1_45' title="bbox 836 4294 1915 4378; baseline -0.001 -21"><span class='ocrx_word' id='word_1_445' title='bbox 836 4299 1000 4373; x_wconf 85' lang='grc'>45,4</span> <span class='ocrx_word' id='word_1_446' title='bbox 1046 4294 1164 4372; x_wconf 87' lang='grc' dir='ltr'><strong>τὴν</strong></span> <span class='ocrx_word' id='word_1_447' title='bbox 1207 4294 1259 4378; x_wconf 79' lang='grc' dir='ltr'><strong>ἵ]</strong></span> <span class='ocrx_word' id='word_1_448' title='bbox 1307 4300 1379 4359; x_wconf 89' lang='lat' dir='ltr'><strong>cf.</strong></span> <span class='ocrx_word' id='word_1_449' title='bbox 1426 4319 1593 4377; x_wconf 88' lang='lat' dir='ltr'><strong>pron.</strong></span> <span class='ocrx_word' id='word_1_450' title='bbox 1645 4299 1804 4375; x_wconf 84' lang='lat'>55,7</span> <span class='ocrx_word' id='word_1_451' title='bbox 1826 4317 1915 4375; x_wconf 91' lang='lat' dir='ltr'><strong>sq.</strong></span> 
     </span>
    </p>

    <p class='ocr_par' dir='ltr' id='par_1_18' title="bbox 655 4387 3279 4822">
     <span class='ocr_line' id='line_1_46' title="bbox 836 4387 3277 4464; baseline 0 -17"><span class='ocrx_word' id='word_1_452' title='bbox 836 4387 1032 4464; x_wconf 74' lang='lat' dir='ltr'><strong>Quare</strong></span> <span class='ocrx_word' id='word_1_453' title='bbox 1074 4391 1129 4448; x_wconf 82' lang='lat' dir='ltr'><strong>si</strong></span> <span class='ocrx_word' id='word_1_454' title='bbox 1173 4391 1267 4448; x_wconf 78' lang='lat' dir='ltr'><strong>cusi</strong></span> <span class='ocrx_word' id='word_1_455' title='bbox 1318 4407 1437 4449; x_wconf 88' lang='lat' dir='ltr'><strong>non</strong></span> <span class='ocrx_word' id='word_1_456' title='bbox 1488 4391 1635 4451; x_wconf 84' lang='lat' dir='ltr'><strong>satis</strong></span> <span class='ocrx_word' id='word_1_457' title='bbox 1687 4392 1936 4453; x_wconf 80' lang='lat' dir='ltr'><strong>constat,</strong></span> <span class='ocrx_word' id='word_1_458' title='bbox 1989 4391 2190 4449; x_wconf 83' lang='lat' dir='ltr'><strong>utrum</strong></span> <span class='ocrx_word' id='word_1_459' title='bbox 2233 4389 2393 4448; x_wconf 81' lang='lat' dir='ltr'><strong>verbi</strong></span> <span class='ocrx_word' id='word_1_460' title='bbox 2436 4390 2752 4450; x_wconf 85' lang='lat' dir='ltr'><strong>cuiusdam</strong></span> <span class='ocrx_word' id='word_1_461' title='bbox 2798 4391 2946 4449; x_wconf 82' lang='lat' dir='ltr'><strong>actio</strong></span> <span class='ocrx_word' id='word_1_462' title='bbox 2980 4392 3277 4464; x_wconf 74' lang='lat' dir='ltr'><strong>pertineat</strong></span> 
     </span>
     <span class='ocr_line' id='line_1_47' title="bbox 657 4478 3278 4553; baseline 0 -15"><span class='ocrx_word' id='word_1_463' title='bbox 657 4479 738 4538; x_wconf 85' lang='lat' dir='ltr'><strong>ad</strong></span> <span class='ocrx_word' id='word_1_464' title='bbox 772 4494 1092 4552; x_wconf 79' lang='lat' dir='ltr'><strong>personam</strong></span> <span class='ocrx_word' id='word_1_465' title='bbox 1127 4495 1168 4536; x_wconf 90' lang='lat' dir='ltr'><strong>a</strong></span> <span class='ocrx_word' id='word_1_466' title='bbox 1201 4478 1449 4539; x_wconf 84' lang='lat' dir='ltr'><strong>subiecto</strong></span> <span class='ocrx_word' id='word_1_467' title='bbox 1493 4480 1802 4548; x_wconf 79' lang='lat' dir='ltr'><strong>diversam,</strong></span> <span class='ocrx_word' id='word_1_468' title='bbox 1849 4496 1933 4539; x_wconf 81' lang='lat' dir='ltr'><strong>am</strong></span> <span class='ocrx_word' id='word_1_469' title='bbox 1982 4479 2064 4538; x_wconf 88' lang='lat' dir='ltr'><strong>ad</strong></span> <span class='ocrx_word' id='word_1_470' title='bbox 2105 4480 2303 4552; x_wconf 77' lang='lat' dir='ltr'><strong>ipsmn</strong></span> <span class='ocrx_word' id='word_1_471' title='bbox 2340 4479 2660 4538; x_wconf 80' lang='lat' dir='ltr'><strong>subiectwm</strong></span> <span class='ocrx_word' id='word_1_472' title='bbox 2694 4480 2911 4548; x_wconf 85' lang='lat' dir='ltr'><strong>redeat,</strong></span> <span class='ocrx_word' id='word_1_473' title='bbox 2956 4481 3013 4538; x_wconf 81' lang='lat' dir='ltr'><strong>is</strong></span> <span class='ocrx_word' id='word_1_474' title='bbox 3045 4481 3114 4539; x_wconf 83' lang='lat' dir='ltr'><strong>in</strong></span> <span class='ocrx_word' id='word_1_475' title='bbox 3137 4496 3278 4553; x_wconf 78' lang='lat' dir='ltr'><strong>pro·</strong></span> 
     </span>
     <span class='ocr_line' id='line_1_48' title="bbox 655 4568 3276 4643; baseline -0 -16"><span class='ocrx_word' id='word_1_476' title='bbox 655 4568 959 4628; x_wconf 70' lang='lat' dir='ltr'><strong>nominum</strong></span> <span class='ocrx_word' id='word_1_477' title='bbox 1017 4569 1217 4627; x_wconf 86' lang='lat' dir='ltr'><strong>minus</strong></span> <span class='ocrx_word' id='word_1_478' title='bbox 1276 4570 1624 4628; x_wconf 72' lang='lat' dir='ltr'><strong>usitatorum</strong></span> <span class='ocrx_word' id='word_1_479' title='bbox 1686 4570 1874 4628; x_wconf 83' lang='lat' dir='ltr'><strong>locum</strong></span> <span class='ocrx_word' id='word_1_480' title='bbox 1948 4568 2260 4627; x_wconf 73' lang='lat' dir='ltr'><strong>substituat</strong></span> <span class='ocrx_word' id='word_1_481' title='bbox 2320 4584 2389 4628; x_wconf 88' lang='lat' dir='ltr'><strong>ea</strong></span> <span class='ocrx_word' id='word_1_482' title='bbox 2451 4586 2601 4643; x_wconf 79' lang='lat' dir='ltr'><strong>quac</strong></span> <span class='ocrx_word' id='word_1_483' title='bbox 2659 4585 2776 4628; x_wconf 84' lang='lat' dir='ltr'><strong>usu</strong></span> <span class='ocrx_word' id='word_1_484' title='bbox 2836 4571 3065 4643; x_wconf 81' lang='lat' dir='ltr'><strong>recepta</strong></span> <span class='ocrx_word' id='word_1_485' title='bbox 3125 4571 3276 4628; x_wconf 71' lang='lat' dir='ltr'><strong>stmt.</strong></span> 
     </span>
     <span class='ocr_line' id='line_1_49' title="bbox 658 4656 3279 4734; baseline -0 -17"><span class='ocrx_word' id='word_1_486' title='bbox 658 4656 878 4732; x_wconf 77' lang='lat' dir='ltr'><strong>Quodsi</strong></span> <span class='ocrx_word' id='word_1_487' title='bbox 938 4657 1182 4732; x_wconf 68' lang='lat' dir='ltr'><strong>simplat</strong></span> <span class='ocrx_word' id='word_1_488' title='bbox 1240 4660 1552 4718; x_wconf 82' lang='lat' dir='ltr'><strong>sententiae</strong></span> <span class='ocrx_word' id='word_1_489' title='bbox 1595 4658 1874 4732; x_wconf 77' lang='lat' dir='ltr'><strong>quadrat,</strong></span> <span class='ocrx_word' id='word_1_490' title='bbox 1950 4659 2164 4716; x_wconf 82' lang='lat' dir='ltr'><strong>transit</strong></span> <span class='ocrx_word' id='word_1_491' title='bbox 2216 4659 2364 4717; x_wconf 84' lang='lat' dir='ltr'><strong>actio</strong></span> <span class='ocrx_word' id='word_1_492' title='bbox 2419 4658 2501 4718; x_wconf 88' lang='lat' dir='ltr'><strong>ad</strong></span> <span class='ocrx_word' id='word_1_493' title='bbox 2555 4658 2740 4719; x_wconf 77' lang='lat' dir='ltr'><strong>aliam</strong></span> <span class='ocrx_word' id='word_1_494' title='bbox 2772 4674 3127 4734; x_wconf 78' lang='lat' dir='ltr'><strong>personam;</strong></span> <span class='ocrx_word' id='word_1_495' title='bbox 3183 4660 3279 4717; x_wconf 81' lang='lat' dir='ltr'><strong>sin</strong></span> 
     </span>
     <span class='ocr_line' id='line_1_50' title="bbox 658 4746 2447 4822; baseline 0 -16"><span class='ocrx_word' id='word_1_496' title='bbox 658 4748 1047 4821; x_wconf 73' lang='lat' dir='ltr'><strong>compositum,</strong></span> <span class='ocrx_word' id='word_1_497' title='bbox 1093 4748 1242 4806; x_wconf 81' lang='lat' dir='ltr'><strong>actio</strong></span> <span class='ocrx_word' id='word_1_498' title='bbox 1285 4748 1435 4806; x_wconf 76' lang='lat' dir='ltr'><strong>redit</strong></span> <span class='ocrx_word' id='word_1_499' title='bbox 1479 4748 1559 4806; x_wconf 89' lang='lat' dir='ltr'><strong>ad</strong></span> <span class='ocrx_word' id='word_1_500' title='bbox 1600 4749 1917 4807; x_wconf 71' lang='lat' dir='ltr'><strong>subiectzem</strong></span> <span class='ocrx_word' id='word_1_501' title='bbox 1963 4746 2447 4822; x_wconf 81' lang='lat'>45,8—46,15.</span> 
     </span>
    </p>

    <p class='ocr_par' dir='ltr' id='par_1_19' title="bbox 661 4830 3281 5005">
     <span class='ocr_line' id='line_1_51' title="bbox 838 4830 3281 4914; baseline 0 -21"><span class='ocrx_word' id='word_1_502' title='bbox 838 4836 944 4910; x_wconf 84' lang='lat'><strong>45,</strong></span> <span class='ocrx_word' id='word_1_503' title='bbox 966 4838 1051 4895; x_wconf 90' lang='grc'><strong>10</strong></span> <span class='ocrx_word' id='word_1_504' title='bbox 1105 4835 1362 4895; x_wconf 86' lang='lat' dir='ltr'><strong>Bekkeri</strong></span> <span class='ocrx_word' id='word_1_505' title='bbox 1417 4836 1889 4896; x_wconf 75' lang='lat' dir='ltr'><strong>emendationem</strong></span> <span class='ocrx_word' id='word_1_506' title='bbox 1950 4834 2073 4893; x_wconf 73' lang='lat' dir='ltr'><strong>Sko.</strong></span> <span class='ocrx_word' id='word_1_507' title='bbox 2118 4835 2149 4894; x_wconf 95' lang='lat' dir='ltr'>I</span> <span class='ocrx_word' id='word_1_508' title='bbox 2189 4837 2269 4895; x_wconf 88' lang='grc'><strong>12</strong></span> <span class='ocrx_word' id='word_1_509' title='bbox 2332 4836 2423 4895; x_wconf 79' lang='lat' dir='ltr'><strong>its</strong></span> <span class='ocrx_word' id='word_1_510' title='bbox 2476 4836 2818 4914; x_wconf 77' lang='lat' dir='ltr'><strong>impugnatt</strong></span> <span class='ocrx_word' id='word_1_511' title='bbox 2883 4830 3066 4896; x_wconf 80' lang='lat' dir='ltr'><strong>‘recte</strong></span> <span class='ocrx_word' id='word_1_512' title='bbox 3110 4837 3164 4896; x_wconf 91' lang='lat' dir='ltr'><strong>si</strong></span> <span class='ocrx_word' id='word_1_513' title='bbox 3208 4834 3281 4895; x_wconf 84' lang='lat' dir='ltr'><strong>de</strong></span> 
     </span>
     <span class='ocr_line' id='line_1_52' title="bbox 661 4923 3280 5005; baseline 0 -19"><span class='ocrx_word' id='word_1_514' title='bbox 661 4924 789 4986; x_wconf 76' lang='lat' dir='ltr'><strong>sola</strong></span> <span class='ocrx_word' id='word_1_515' title='bbox 851 4924 1033 4984; x_wconf 78' lang='lat' dir='ltr'><strong>tertia</strong></span> <span class='ocrx_word' id='word_1_516' title='bbox 1094 4942 1348 5001; x_wconf 77' lang='lat' dir='ltr'><strong>persona</strong></span> <span class='ocrx_word' id='word_1_517' title='bbox 1403 4926 1628 5005; x_wconf 80' lang='lat' dir='ltr'><strong>agitur:</strong></span> <span class='ocrx_word' id='word_1_518' title='bbox 1692 4924 1793 4986; x_wconf 83' lang='lat' dir='ltr'><strong>sed</strong></span> <span class='ocrx_word' id='word_1_519' title='bbox 1862 4935 1973 5003; x_wconf 85' lang='lat' dir='ltr'><strong>ego</strong></span> <span class='ocrx_word' id='word_1_520' title='bbox 2027 4923 2171 4985; x_wconf 81' lang='lat' dir='ltr'><strong>haec</strong></span> <span class='ocrx_word' id='word_1_521' title='bbox 2224 4923 2407 4985; x_wconf 79' lang='lat' dir='ltr'><strong>verba</strong></span> <span class='ocrx_word' id='word_1_522' title='bbox 2462 4923 2539 4986; x_wconf 80' lang='lat' dir='ltr'><strong>ad</strong></span> <span class='ocrx_word' id='word_1_523' title='bbox 2596 4925 2795 4986; x_wconf 77' lang='lat' dir='ltr'><strong>omnia</strong></span> <span class='ocrx_word' id='word_1_524' title='bbox 2841 4926 3106 4986; x_wconf 88' lang='lat' dir='ltr'><strong>omnium</strong></span> <span class='ocrx_word' id='word_1_525' title='bbox 3148 4945 3280 5005; x_wconf 89' lang='lat' dir='ltr'><strong>per-</strong></span> 
     </span>
    </p>
   </div>
  </div>
 </body>
</html>
