3738 5530
284 2845 379 2891 122

1147 379 1601 435 PERSONALIS
1637 380 1992 434 GENETIVI
2028 381 2403 433 PLVRALIS.
2531 416 2538 423 -
2979 378 3064 444 95

470 585 594 663 γὰρ
638 585 737 648 καὶ
784 584 1190 665 βαςιλέων.
1262 584 1360 649 ὡς
1404 585 1521 663 τὴν
1566 584 1719 665 ἁμές
1751 584 2055 664 Δωρικήν
2101 585 2202 649 καὶ
2247 584 2337 649 ἔτι
2381 586 2496 663 τὴν
2543 583 2737 662 ἄμμες
2769 583 3062 662 Αἰολικὴν

472 687 709 765 ὁμοίως
773 689 908 750 ταῖς
977 685 1066 766 εἰς
1138 690 1206 749 ἴς
1280 686 1617 764 ληγοὺςαις
1690 684 1960 751 εὐθείαις
2034 685 2454 765 ἰςοςύλλαβον
2529 683 2697 763 ἔχειν
2772 687 3060 763 γενικήν·
3173 764 3184 777 ⁸

473 788 686 867 ἁμῶν
731 788 854 866 γὰρ
898 787 1000 850 καὶ
1043 786 1139 865 ἄμ
1155 807 1338 867 μων.
1389 826 1463 835 -
1510 787 1661 852 Αλλ’
1704 785 1885 867 εἴπερ
1930 790 2010 867 μὴ
2056 787 2136 865 ἧν
2181 786 2556 870 διῃρημένη,
2602 786 2720 850 οὐκ
2766 785 2845 851 ἂν
2891 786 3064 863 παρὰ

474 890 697 969 μόνοις
750 889 954 961 Ἴωςιν
1011 887 1365 971 εὑρίςκετο,
1428 888 1999 968 διαιρετικωτάτοις
2056 887 2208 952 οὖςι.
2271 904 2348 933 -·-
2415 889 2579 966 πρὸς
2638 886 2736 952 οἷς
2792 886 3064 969 ἐδείχθη,

392 1007 436 1059 Β
475 989 568 1055 ὡς
608 990 1040 1056 ἀνακόλουθοι
1087 990 1272 1055 ἕνεκα
1317 992 1543 1071 φωνῆς
1574 989 1636 1054 αἱ
1666 988 2075 1069 ἀντωνυμίαι.
2149 988 2343 1068 ἐχρῆν
2374 992 2495 1068 γὰρ
2527 991 2626 1053 καὶ
2655 990 2771 1066 τὴν
2803 988 3060 1053 εὐθεῖαν
3097 1012 3127 1060 5

475 1092 687 1170 ἑνικὴν
735 1091 936 1167 λόγου
983 1091 1263 1174 ἔχεςθαι,
1321 1093 1423 1156 καὶ
1467 1093 1583 1169 τὴν
1629 1093 1886 1169 γενικὴν
1932 1090 2136 1162 εἰςδέ
2185 1095 2639 1170 περατοῦςθαι,
2700 1090 2791 1155 ὡς
2833 1089 3064 1169 ταχέος

475 1195 576 1257 καὶ
633 1194 960 1273 βαςιλέως.
1019 1229 1099 1238 -
1158 1193 1474 1257 οὐδέποτε
1528 1192 1604 1257 τὸ
1649 1195 1670 1257 ῑ
1715 1192 2315 1272 προςλαμβάνουςιν
2361 1192 2399 1269 ἥ
2447 1213 2514 1256 τε
2558 1192 2807 1270 ταχέων
2854 1191 2955 1254 καὶ
3001 1189 3064 1252 αἱ

474 1294 929 1373 παραπλήςιοι·
976 1292 1154 1373 εἴπερ
1201 1293 1321 1358 οὖν
1369 1292 1763 1371 ἀκόλουθος,
1812 1293 1930 1357 οὐκ
1976 1293 2055 1358 ἂν
2102 1293 2346 1369 ἐγίνετο
2390 1292 2703 1372 ἡμείων.

643 1395 714 1459 Ἡ
763 1395 976 1474 ἁμῶν
1022 1396 1196 1474 παρὰ
1227 1396 1543 1473 Δωριεῦςι
1574 1396 1676 1459 καὶ
1706 1395 2067 1476 ςύναρθρον
2098 1396 2355 1473 γενικὴν
2389 1389 2668 1473 ςημαίνει
2698 1393 3063 1458 ἀκόλουθον

475 1502 550 1579 τῇ
607 1495 787 1575 ἁμός.
886 1502 961 1579 τῇ
1018 1497 1236 1576 μέντοι
1293 1497 1588 1575 διαιρέςει
1643 1495 1682 1574 ἡ
1728 1495 2156 1575 πρωτότυπος
2201 1494 2552 1560 διαλλάςςει
2597 1498 2707 1573 τῆς
2755 1499 3064 1573 κτητικῆς,
3109 1519 3167 1566 10

477 1597 685 1662 οὐκέτι
729 1598 803 1662 τὸ
848 1596 1010 1661 αὐτὸ
1055 1595 1550 1678 ἀναδεχομένης.
1640 1597 1912 1677 Ἀλκμάν
1959 1596 2070 1681 (fr.
2116 1596 2199 1660 66
2245 1594 2460 1679 Bergk
2477 1595 2555 1678 3)·
2595 1594 2614 1603 “

1184 1699 1322 1763 ὅςαι
1367 1701 1439 1763 δὲ
1483 1702 1707 1763 παῖδες
1752 1698 2011 1777 ἁμέων

397 1822 441 1876 0
582 1824 593 1831 ·
734 1799 894 1882 ἐντί,
939 1799 1057 1865 τὸν
1100 1800 1455 1878 κιθαριςτὰν
1501 1800 1797 1865 αἰνέοντι.

477 1901 749 1981 Ὁμοίως
791 1900 1056 1966 Αἰολεῖς.
1100 1902 1386 1966 Ἀλκαῖος
1433 1900 1534 1981 (fr.
1583 1902 1663 1964 67
1711 1902 1996 1982 Abx-ene,
2042 1900 2122 1965 88
2168 1900 2382 1985 Bergk
2398 1900 2450 1985 ³)
3147 1964 3152 1969 ,

733 2004 871 2081 μηδ’
916 2001 1117 2068 ὀνίαις
1162 2007 1298 2067 τοῖς
1345 2004 1543 2067 πέλας
1586 2002 1846 2082 ἀμμέων
1893 2003 2198 2081 παρέχην.
3111 2026 3172 2074 15

481 2104 582 2169 ἐπὶ
630 2106 700 2168 δὲ
744 2106 855 2182 τῆς
900 2104 1260 2183 ςυνάρθρου

737 2205 1035 2284 πατέρων
1079 2205 1303 2284 ἄμμων

482 2310 586 2372 καὶ
628 2312 704 2390 τῇ
752 2307 1160 2391 ἐντελεςτέρᾳ
2224 2317 2242 2337 “

739 2407 1112 2488 ἀμμετέρων
1173 2408 1387 2488 ἀχέων
1445 2408 1693 2494 (Alcaei
1740 2407 1820 2470 fr.
1877 2407 2016 2471 103.
2069 2407 2187 2470 104
2246 2407 2525 2487 Ahrens,
2584 2406 2797 2490 adesp.
2842 2407 2944 2472 57.
2989 2407 3073 2472 58

974 2507 1268 2595 Bergkss).
3104 2532 3173 2579 20

483 2611 760 2692 Ὁμοίως
806 2611 1107 2694 Βοιωτοί,
1153 2612 1433 2695 ἁμίων,
1479 2611 1583 2675 ἐπὶ
1627 2613 1697 2676 δὲ
1739 2615 1852 2689 τῆς
1897 2615 2180 2690 κτητικῆς
2226 2611 2469 2693 ἁμῶν,

736 2711 951 2794 ἁμῶν
999 2712 1257 2791 δόμων
1305 2710 1652 2795 (Corinnae
1695 2713 1773 2777 fr.
1823 2712 1907 2777 25
1959 2711 2255 2797 Bergk3).

400 2838 449 2890 A
653 2815 917 2894 Ὑμῶν.
1005 2814 1168 2893 Αὕτη
1214 2817 1396 2893 κοινὴ
1441 2816 1543 2878 καὶ
1587 2816 1937 2898 Δωριέων,
1993 2815 2377 2895 ςημαίνουςά
2434 2836 2501 2880 τε
2550 2815 2745 2880 πάλιν
2791 2815 2891 2878 καὶ
2935 2836 3075 2894 κτη-

485 2920 659 2996 τικὴν
716 2920 833 2996 τὴν
890 2916 1024 2980 ἀπὸ
1076 2919 1186 2993 τῆς
1244 2915 1401 2993 ὑμός
1456 2915 1723 2981 εὐθείας.
1825 2917 2021 2983 πάλιν
2076 2918 2147 2981 δὲ
2207 2917 2277 2981 ἐν
2338 2917 2630 2995 διαιρέςει
2692 2916 2982 2997 διαφέρει
3036 2915 3075 2994 ἡ

486 3019 929 3099 πρωτότυπος.
1020 3017 1272 3098 ὑμέων
1316 3020 1462 3097 γὰρ
1507 3017 1736 3096 ἀπρὶξ
1781 3018 2140 3098 ἔχονται,
2186 3017 2480 3096 (ώφρων
2515 3016 2622 3098 (fr.
2659 3016 2741 3080 79
2771 3016 3073 3102 Ahrens).
3114 3041 3180 3088 25

487 3121 586 3184 καὶ
626 3121 861 3212 Ἴωνες·

740 3219 951 3299 ὑμέων
998 3221 1054 3284 δ’
1100 3219 1280 3299 ἀνδρὶ
1325 3220 1565 3303 έκάςτῳ
1614 3220 1680 3304 (ν
1729 3219 1812 3305 7).

492 3322 582 3386 ἔτι
628 3321 694 3386 αἱ
736 3322 1148 3400 πρωτότυποι
1192 3321 1495 3387 διοίςουςι
1537 3329 1627 3406 τῷ
1659 3323 2047 3398 έγκλίνεςθαι
2076 3323 2177 3387 καὶ
2205 3321 2723 3405 ὀρθοτονεῖςθαι,
2769 3330 2901 3388 τῶν
2935 3344 3078 3401 κτη-

493 3427 681 3488 τικῶν
726 3423 883 3487 αὐτὸ
930 3424 1135 3502 μόνον
1182 3423 1778 3502 ὀρθοτονουμένων.
1869 3424 1960 3488 Τὸ
2007 3425 2063 3488 δ’

745 3524 871 3589 ὧδέ
915 3545 1009 3590 τις
1054 3523 1348 3605 ὑμείων
1395 3526 1791 3607 μεμνημένος
1838 3524 1919 3608 (Τ
1968 3524 2115 3608 153)
2289 3595 2294 3600 ,
3118 3549 3183 3596 3ο

796 3681 896 3688 ῃ..-

627 3744 840 3798 Amvu.
913 3751 944 3797 9
981 3745 1173 3811 ᾏμῶν
1207 3744 1501 3812 personale
1537 3743 1595 3797 in
1632 3744 1877 3799 dialecto
1916 3744 2108 3798 dorica
2145 3760 2179 3796 a
2203 3745 2468 3813 genetivo
2493 3746 2656 3810 ἁμῶν
2681 3744 2977 3813 possessivi
3002 3746 3084 3799 ita

496 3826 697 3894 differt,
722 3830 785 3882 ut
806 3827 951 3881 illud
974 3828 1224 3897 patiatur
1248 3828 1543 3892 diaeresin,
1568 3828 1659 3882 hic
1683 3845 1795 3882 non
1819 3829 2086 3898 patiatur.
2103 3834 2240 3882 —23
2267 3828 2425 3882 Idem
2450 3828 2521 3883 de
2547 3831 2708 3894 ὑμῶν
2733 3830 2847 3884 dici
2863 3831 3078 3899 potest:

496 3915 789 3981 praeterea
820 3913 1140 3981 personalia.
1175 3916 1235 3967 et
1266 3913 1610 3967 inclinantur
1645 3913 1705 3966 et
1736 3915 1891 3967 recto
1925 3915 2059 3967 tono
2095 3914 2484 3982 proferuntur,
2522 3913 2832 3981 possessiva
2858 3915 3080 3967 tantum

497 3996 661 4051 modo
696 3996 998 4052 orthotona
1031 4000 1177 4053 eunt.

628 4184 813 4238 D1scn.
851 4202 1045 4238 scum.
1116 4191 1165 4240 4.
1201 4203 1353 4240 ουςιν
1391 4188 1433 4241 Α
1474 4188 1483 4255 Ι
1530 4193 1578 4240 9.
1615 4190 1905 4253 δωριευςιν
1942 4187 1984 4240 Α
2025 4188 2035 4253 Ι
2080 4191 2159 4242 12.
2196 4187 2390 4240 παῖδες
2426 4185 2490 4252 b,
2527 4186 2720 4240 παῖδες
2756 4184 3033 4255 ThBergk
3071 4186 3079 4256 Ι

507 4274 577 4328 1⁶.
610 4275 732 4324 τοῖς
758 4271 935 4325 πέλας
956 4267 1151 4324 BHase
1176 4270 1494 4324 HLAhrens
1519 4269 1827 4340 ThBergk,
1861 4288 1950 4325 τοι
1977 4274 2182 4325 ςπλεας
2211 4270 2302 4325 Ab
2335 4272 2343 4338 Ι
2374 4271 2607 4336 ἀμμέων
2635 4269 2846 4324 AGiese
2873 4267 3084 4323 HLAh-

501 4371 623 4409 rens
658 4353 963 4424 Thssergk‚
1000 4355 1193 4420 ὑμεων
1228 4356 1321 4410 Ab
1351 4359 1362 4422 Ι
1392 4358 1644 4424 παρέχην
1683 4354 1995 4409 HLAhrens
2029 4354 2331 4425 ThBergk,
2380 4371 2645 4422 παρεχειν
2682 4355 2773 4409 ΑΙ)
2805 4357 2814 4411 Ι
2850 4360 2927 4407 17.
2967 4371 3084 4420 αμμ

500 4440 557 4492 in
582 4439 692 4493 fine
716 4456 911 4492 versus
934 4441 995 4492 et
1015 4439 1074 4491 in
1098 4455 1280 4506 versu,
1308 4440 1407 4509 qui
1429 4440 1699 4508 sequitur,
1725 4456 1929 4507 αμμων
1954 4444 1997 4494 Α
2035 4444 2044 4506 Ι
2071 4446 2148 4492 19.
2177 4441 2363 4506 ἀχέων
2387 4438 2424 4492 b
2450 4438 2765 4492 HLAhrene
2788 4437 3081 4507 ThBergk,

501 4522 712 4590 αχαιῶν
748 4527 791 4579 Α
822 4527 831 4590 Ι
863 4530 944 4577 23.
982 4523 1272 4593 inscriptio
1308 4542 1436 4593 περι
1471 4541 1574 4593 της
1610 4525 1772 4590 υμῶν
1806 4525 2034 4578 maiuso.
2066 4527 2106 4577 Α
2139 4527 2147 4592 Ι
2178 4530 2260 4577 24.
2289 4529 2388 4590 τῆς
2426 4515 2663 4590 ὑμόςἸ),
2701 4539 2803 4578 του
2841 4538 2973 4588 εμος
2999 4525 3041 4577 Α
3073 4523 3079 4591 Ι
3171 4569 3174 4572 .

501 4614 580 4662 25.
612 4610 778 4676 ἀπρὶξ
814 4608 1061 4676 ἔχονται]
1100 4609 1210 4663 ‘lta
1243 4609 1435 4664 codex.
1507 4609 1667 4675 Quod
1702 4609 1920 4662 mireris
1956 4607 2223 4662 fefellisse
2249 4607 2644 4661 Ruhnkenium
2684 4623 2772 4674 ap.
2812 4606 3082 4660 Valcken.

502 4692 573 4746 ad
607 4694 840 4747 Theocr.
888 4710 943 4761 p.
980 4698 1081 4747 368
1124 4693 1170 4746 Β
1202 4735 1215 4759 ,
1263 4694 1370 4748 etsi
1403 4693 1564 4747 illum
1602 4694 1776 4748 etiam
1811 4692 1978 4762 plura
2011 4691 2372 4750 fefellerunt!
2411 4693 2456 4746 b
2495 4692 2551 4744 in
2592 4707 2702 4745 var.
2740 4690 2868 4745 leet.
2903 4690 3083 4744 Nimi-

502 4793 620 4830 rum
659 4775 1057 4832 Ruhnkenium
1091 4777 1151 4831 in
1186 4794 1434 4833 errorem
1468 4778 1694 4832 induxit
1727 4777 2044 4847 exemplar,
2084 4793 2195 4846 quo
2230 4776 2524 4843 utebatur,
2561 4792 2596 4830 a
2633 4774 3083 4845 Capperonnerio

505 4863 563 4914 et
592 4862 914 4931 Musgravio
950 4863 1323 4931 conscriptum
1354 4865 1363 4931 Ι
1393 4868 1477 4917 28.
1513 4869 1598 4932 τῷ
1634 4863 1697 4928 b,
1735 4880 1802 4918 το
1838 4864 1884 4918 Α
1915 4865 1925 4931 Ι
1954 4868 2039 4916 29.
2078 4864 2128 4915 δ’
2163 4863 2235 4929 Α,
2272 4863 2333 4916 δὲ
2369 4862 2406 4915 b
