3738 5530
1327 387 1762 440 ΡΒοΝοΜῙΝΑ
1796 387 2253 440 ΡοεεΕεεινΑ.
2970 388 3091 453 103

429 601 471 656 C
508 595 641 656 τῶν
698 592 856 655 κατὰ
908 592 987 655 τὸ
1041 591 1257 670 τρίτον
1317 596 1624 670 κτητικῶν
1680 592 2119 671 ἐπιδείκνυμεν
2176 592 2265 657 εἰς
2322 593 2662 658 ςυνθέτους
2708 598 3106 676 μεταλαμβα-,

507 694 799 771 νομένας.
891 693 1163 758 νοείςθω
1224 695 1297 758 δὲ
1355 694 1445 759 ὡς
1501 695 1539 772 ἡ
1594 694 1858 772 τοιαύτη
1906 695 2188 760 ςύνταξις
2235 694 2484 774 ῥήματα
2529 693 2784 759 ἀπαιτεῖ
2826 696 3095 776 ὕπαρξιν

508 794 920 873 ςημαίνοντα·
967 795 1071 859 ἐπὶ
1112 798 1239 874 γὰρ
1279 800 1415 861 τῶν
1460 794 1679 861 ἄλλων
1725 795 1971 860 οὐκέτι·
2019 796 2202 873 ἐμὸς
2246 796 2554 877 γράφω·
2620 797 2832 862 οὐκέτι
2879 798 2950 861 δὲ
2994 799 3095 861 καὶ

509 896 581 963 ἐν
627 898 927 981 δευτέρῳ.

675 1000 851 1065 Ἴςως
895 1019 988 1063 τις
1033 1000 1203 1065 δόξει
1231 1002 1314 1066 τὰ
1344 1001 1622 1079 κτήματα
1653 999 1964 1081 ὁρίζεςθαι
1995 1001 2067 1066 ἐν
2097 1002 2238 1065 τοῖς
2265 1001 2431 1079 πρὸς
2460 1002 2815 1079 πρόςωπον
2850 1001 3090 1086 λόγοις,
3129 1016 3160 1063 5

510 1103 822 1186 [παῖδες
880 1102 1083 1185 ἐμοῦ
1139 1102 1321 1180 έμός
1365 1102 1469 1179 εἴ,
1528 1105 1655 1168 ςός
1700 1102 1892 1180 εἰμι,
1949 1102 2306 1180 ἡμέτερε.
2394 1102 2602 1182 Ὅπερ
2660 1104 2740 1169 οὐ
2783 1108 2903 1168 τοῦ
2947 1106 3091 1182 κτή-

506 1224 701 1282 ματος
731 1203 936 1284 ἴδιον,
977 1208 1095 1268 τοῦ
1127 1205 1195 1268 δὲ
1227 1206 1718 1283 μετειλημμένου
1748 1207 2056 1283 δευτέρου
2085 1205 2470 1283 προςώπου,
2517 1204 2680 1284 ὅπερ
2711 1206 2905 1270 πάλιν
2938 1207 3092 1270 οὐδὲ

297 1321 472 1374 131A
505 1311 700 1371 τοῦτο
745 1308 904 1370 κατὰ
947 1307 1023 1370 τὸ
1068 1308 1377 1371 παντελὲς
1426 1305 1696 1386 ὥριςται.
1770 1307 2146 1385 προςδέεται
2189 1308 2313 1387 γὰρ
2343 1308 2419 1371 τὸ
2452 1307 2557 1372 ςός
2587 1306 2737 1384 εἰμι·
2783 1308 2822 1385 ἢ
2855 1310 3090 1372 δοῦλος

503 1410 544 1486 ἢ
577 1408 740 1473 ἄλλο
769 1429 861 1489 τι,
907 1409 1009 1472 καὶ
1038 1407 1330 1487 ἡμέτερε·
1379 1410 1573 1473 δοῦλε
1604 1410 1643 1486 ἢ
1675 1407 1897 1488 πάτερ.
1965 1408 2160 1474 πάλιν
2193 1408 2312 1473 οὗν
2343 1409 2441 1473 καὶ
2473 1408 2576 1473 ἐπὶ
2606 1413 2739 1473 τῶν
2767 1410 3089 1475 τοιούτων

500 1511 543 1589 ἡ
586 1511 851 1589 ποιότης
894 1510 1086 1574 ἐνδεῖ.
3128 1526 3193 1574 10

677 1614 925 1691 Βραχὺς
983 1611 1181 1688 λόγος
1237 1612 1403 1690 πρὸς
1455 1615 1609 1678 τοὺς
1655 1612 1997 1690 οἰομένους
2043 1611 2164 1676 ἀπ’
2209 1611 2570 1679 αἰτιατικῶν
2614 1616 2932 1693 παρῆχθαι
2974 1616 3090 1679 τὰς

503 1713 938 1792 ἀντωνυμίας·
997 1714 1205 1793 «παρὰ
1247 1714 1371 1793 γὰρ
1416 1714 1684 1792 Δώριον
1741 1717 1857 1793 τὴν
1903 1714 2020 1792 ἁμέ
2065 1717 2168 1779 καὶ
2214 1714 2330 1794 ὑμέ
2375 1715 2475 1779 καὶ
2520 1714 2610 1778 ἔτι
2656 1716 2777 1797 ςφέ
2819 1716 2897 1780 τὸ
2942 1716 3088 1795 ἁμέ-

501 1836 693 1895 τερος
736 1816 834 1880 καὶ
878 1817 1180 1896 ὑμέτερος
1225 1817 1324 1880 καὶ
1370 1817 1709 1896 ςφέτερος.
1765 1818 1869 1881 καὶ
1913 1816 2004 1881 ἔτι
2049 1817 2225 1895 παρὰ
2267 1818 2385 1894 τὴν
2428 1817 2722 1896 Αἰολικὴν
2764 1819 2879 1896 τὴν
2926 1818 3088 1897 ἄμμε

420 1928 468 1981 Β
505 1920 584 1983 τὸ
643 1919 1025 1998 ἀμμέτερος,
1084 1918 1185 1982 καὶ
1241 1918 1417 1996 παρὰ
1473 1917 1588 1996 τὴν
1645 1922 1763 1982 νῶι
1815 1920 1920 1982 καὶ
1964 1921 2134 1999 ςφῶι
2176 1938 2485 1996 νωιτερος
2530 1920 2628 1983 καὶ
2673 1940 3085 1998 ςφωιτερος.»

509 2056 583 2065 -
633 2020 912 2098 Πρῶτον
958 2020 1078 2084 οὐκ
1124 2019 1561 2098 ἐξωμάλιςται·
1619 2023 1759 2083 πῶς
1814 2020 1938 2099 γὰρ
1993 2021 2057 2083 αἱ
2101 2021 2328 2097 ἑνικαί;
2387 2021 2519 2101 ἐμέ
2563 2022 2686 2100 γὰρ
2732 2024 2829 2086 καὶ
2876 2023 3085 2104 ἐμός,
3125 2032 3188 2080 15

500 2123 593 2187 ςέ
664 2123 813 2187 ςός
868 2122 969 2186 καὶ
1037 2122 1068 2186 ἕ
1125 2119 1260 2203 ὅς,
1332 2121 1634 2201 οὐδαμῶς
1699 2125 1816 2187 τοῦ
1882 2125 1920 2187 ἓ
1986 2123 2374 2200 ἐγκειμένου.
2483 2127 2624 2187 πῶς
2703 2124 2773 2187 δὲ
2844 2124 2943 2188 καὶ
3010 2124 3087 2189 τὸ

496 2224 806 2303 ἡμέτερος
870 2224 971 2288 καὶ
1024 2223 1330 2302 ὑμέτερος
1384 2229 1477 2305 τῷ
1532 2228 1577 2287 ἆ
1631 2223 1711 2288 οὐ
1766 2229 2185 2303 προςχρῆται,
2248 2223 2380 2301 εἴγε
2423 2224 2501 2289 τὸ
2545 2223 2703 2302 ἡμᾶς
2749 2226 2847 2289 καὶ
2893 2227 3087 2307 ὑμᾶς;

500 2363 580 2373 -
649 2326 869 2390 ἔπειτα
934 2325 1023 2390 εἰς
1088 2326 1342 2401 γενικὰς
1404 2324 1839 2406 ἀναλυόμεναι
1895 2328 2241 2407 ςυμφανεῑς
2300 2326 2410 2390 εἰςι
2464 2328 2568 2390 καὶ
2624 2325 2756 2392 ἀπὸ
2812 2332 3085 2402 γενικῶν

496 2428 910 2507 παρηγμέναι.
956 2465 1039 2472 -
1084 2427 1303 2490 ἔπειτα
1346 2427 1384 2504 ἡ
1430 2427 1625 2492 αὐτός
1670 2428 2116 2508 έπιταγματική
2162 2427 2586 2507 ὁμοιόςχημος
2630 2427 2789 2492 οὖςα
2819 2428 2920 2492 ἀεὶ
2951 2429 3084 2491 ἐπι-

497 2530 785 2595 τάςςεται
838 2531 975 2593 ταῖς
1030 2528 1511 2612 πρωτοτύποις,
1575 2533 1718 2595 ταῖς
1782 2532 1856 2595 δὲ
1921 2532 2233 2609 κτητικαῖς
2298 2531 2460 2595 κατὰ
2525 2530 2729 2609 μόνην
2795 2532 3084 2608 γενικήν·
3120 2540 3188 2589 ‘20

276 2650 301 2671 ·
416 2643 461 2698 C
500 2632 604 2695 καὶ
647 2633 848 2707 δῆλον
896 2631 987 2694 ὡς
1016 2636 1092 2714 τῇ
1136 2629 1297 2695 κατὰ
1340 2632 1415 2695 τὸ
1446 2632 1630 2696 ἐντὸς
1661 2633 2015 2710 πρόςωπον
2062 2620 2386 2715 νοουμένῇ
2432 2632 2864 2712 ςυντάςςεται,
2907 2632 2950 2711 ἥ
2992 2654 3086 2698 τις

498 2732 619 2798 οὐκ
661 2733 822 2812 ἄλλη
868 2731 1117 2812 ὀφείλει
1159 2738 1391 2798 πτῶςις
1437 2732 1603 2799 εἶναι
1646 2734 1685 2812 ἢ
1728 2735 1978 2818 γενική,
2023 2734 2151 2816 ἀφ’
2193 2733 2270 2814 ἧς
2312 2735 2417 2800 καὶ
2457 2734 2498 2813 ἡ
2542 2736 2913 2814 παραγωγή,

575 2922 592 2940 ἱ
752 2834 968 2900 αὐτῶν
1013 2837 1140 2914 γὰρ
1185 2836 1551 2920 ςφετέρῃςιν
1595 2834 1667 2921 (α
1711 2836 1780 2920 7)

494 2941 598 2985 και

749 3007 791 3084 ἢ
836 3005 949 3070 ἑὸν
992 3002 1196 3069 αὐτοῦ
1239 3008 1454 3085 χρεῖος
1501 3005 1575 3089 (α
1616 3004 1794 3088 409).
3119 3013 3185 3062 25

669 3108 793 3173 Ὃν
834 3107 1085 3186 τρόπον
1130 3107 1195 3170 αἱ
1240 3107 1526 3173 ςύνθετοι
1571 3109 1648 3174 τὸ
1691 3110 1884 3183 γένος
1929 3111 1968 3187 ἢ
2011 3112 2128 3188 τὴν
2185 3111 2426 3174 πτῶςιν
2470 3112 2882 3188 μετατιθεῑςαι
2927 3112 3085 3175 κατὰ

287 3227 382 3273 ι3ι».
408 3221 457 3273 A
496 3212 576 3275 τὸ
621 3211 805 3274 τέλος
849 3212 1203 3285 κινοῦνται,
1247 3211 1323 3274 τὸ
1369 3211 1441 3274 δὲ
1469 3210 1824 3289 πρόςωπον
1854 3214 2015 3277 κατὰ
2057 3212 2133 3276 τὸ
2165 3209 2403 3290 ἄρχον,
2449 3212 2569 3275 τὸν
2604 3210 2804 3276 αὐτὸν
2834 3212 3082 3291 τρόπον

494 3315 599 3376 καὶ
642 3312 706 3376 αἱ
750 3313 1023 3391 κτητικαὶ
1066 3311 1171 3375 ἐπὶ
1217 3313 1448 3387 γένους
1494 3313 1594 3377 καὶ
1637 3315 1942 3378 πτῶςεως
1986 3314 2147 3377 κατὰ
2200 3313 2275 3376 τὸ
2317 3313 2538 3394 τέλος,
2598 3313 2668 3376 ἐν
2713 3314 3085 3390 προςώποις

493 3414 656 3478 κατὰ
697 3413 774 3477 τὸ
819 3411 1041 3493 ἄρχον.
1141 3413 1356 3493 ἔχουςι
1401 3415 1618 3493 μέντοι
1662 3416 1957 3494 περιςςὸν
2002 3415 2078 3478 τὸ
2126 3414 2195 3478 έν
2241 3413 2534 3492 ἀριθμοῖς
2578 3415 2720 3478 κατ’
2765 3413 2961 3494 ἄμφω
3006 3415 3084 3478 τὰ

493 3517 653 3595 μέρη
697 3517 1030 3579 κινεῖςθαι·
1079 3516 1263 3594 ἐμὸς
1305 3516 1431 3594 γιὰρ
1475 3516 1576 3580 καὶ
1618 3517 1980 3595 νωιτέρω
2025 3516 2125 3581 καὶ
2168 3516 2561 3594 ἡμέτεροι.
3119 3522 3184 3570 30

632 3704 843 3754 Azorum
928 3704 961 3752 5
1004 3698 1063 3752 Si
1106 3697 1231 3767 quis
1266 3697 1419 3753 dicat
1459 3700 1867 3769 possessionem
1905 3699 2153 3766 definiri,
2199 3699 2298 3753 ubi
2332 3699 2582 3768 aliquem
2618 3698 2979 3767 alloquimur:
3024 3698 3085 3753 id

491 3787 562 3839 ut
594 3785 697 3838 fist
728 3800 844 3838 non
879 3783 1103 3838 efficere
1139 3785 1438 3853 possessivi
1470 3788 1762 3850 naturam,
1798 3786 1899 3839 sed
1934 3785 2214 3839 secundae
2238 3799 2513 3853 personae
2537 3799 2853 3848 monemus;
2892 3800 3085 3853 quam·

491 3885 665 3938 quam
709 3886 782 3923 ne
824 3869 966 3924 haec
1011 3869 1241 3938 quidem
1287 3869 1437 3923 omni
1483 3872 1758 3937 exparte
1804 3868 2042 3924 definita
2084 3871 2185 3926 est.
2230 3898 2286 3908 -
2343 3875 2404 3921 11
2441 3866 2765 3922 Possessiva.
2809 3885 2921 3922 non
2957 3871 3088 3923 sunt

491 3953 749 4007 derivata
793 3953 865 4006 ab
913 3952 1268 4019 accusativis3
1312 3969 1447 4007 nam
1495 3955 1539 4017 ι)
1582 3954 1797 4008 formae
1843 3970 1956 4007 non
2000 3953 2358 4009 conveniunt.
2440 3955 2492 4020 2)
2535 3952 2599 4006 In
2647 3953 3084 4020 possessivorum

489 4037 681 4091 locum
716 4039 978 4107 quoniam
1015 4039 1432 4092 substituuntur
1465 4038 1730 4107 geneffivi,
1777 4056 1812 4092 a.
1845 4038 2126 4108 genefivis
2163 4055 2233 4092 ea.
2269 4036 2609 4091 descendere
2648 4039 3084 4092 consentaneum

491 4132 593 4178 est.
665 4125 711 4191 3)
748 4123 930 4177 Αὐτός
967 4122 1346 4192 appositivum
1382 4140 1506 4177 cum
1542 4122 1933 4193 personalibus
1968 4138 2191 4193 semper
2225 4123 2425 4177 eodem
2463 4140 2621 4190 casu,
2659 4138 2788 4177 cum
2822 4123 3082 4190 possessi-

488 4207 578 4262 vis
615 4207 880 4278 genetivo
917 4208 1293 4277 coniungitur.
1340 4238 1404 4247 -—
1451 4213 1515 4259 ‘26
1560 4207 2008 4262 Possessivorum
2045 4208 2109 4260 ut
2150 4224 2328 4277 genus
2363 4209 2424 4262 et
2456 4224 2613 4262 casus
2649 4206 3084 4277 distinguantur.

490 4291 635 4346 fines
675 4293 988 4353 mutantur;
1034 4307 1401 4360 personarum
1446 4292 1854 4347 vicissitudines
1899 4292 2076 4346 initiis
2129 4291 2474 4358 indicantum
2526 4308 2824 4346 numerum
2881 4290 3085 4344 variari

491 4380 554 4430 et
584 4376 748 4430 initia
782 4378 843 4431 et
876 4376 1304 4431 terminationes
1341 4377 1661 4432 ostendunt.

628 4544 813 4603 Dmcn.
853 4564 1051 4600 sempr.
1124 4552 1173 4599 3.
1204 4546 1410 4614 γράφω
1446 4544 1829 4614 RSchneider,
1864 4548 2070 4615 γράφει
2106 4546 2209 4602 Ab
2247 4547 2259 4615 Ι
2297 4552 2344 4601 6.
2372 4549 2569 4602 παῖδες
2600 4547 2722 4612 ἐμοί
2757 4548 2856 4600 aut
2887 4548 3082 4600 παῖδες

490 4623 927 4700 expungendum
965 4647 1083 4684 csse
1120 4629 1267 4684 vidit
1300 4629 1664 4685 RSkrzeczka
1716 4641 1722 4690 i
1777 4637 1826 4686 8.
1863 4634 2142 4687 παντελὲς
2177 4631 2241 4698 b,
2279 4633 2579 4686 παντελως
2615 4633 2658 4686 Α
2714 4635 2722 4696 t
2789 4634 2823 4697 ἢ
2859 4633 3081 4702 δοῦλος]

490 4714 586 4772 fol.
628 4720 723 4769 190
745 4731 790 4768 r.
831 4718 840 4784 Ι
885 4722 959 4767 14.
1002 4720 1105 4768 νῶι
1143 4718 1232 4769 καὶ
1269 4720 1416 4781 ςφῶι
1451 4715 1515 4779 b,
1559 4719 1699 4768 νωιν
1736 4732 1827 4769 και
1862 4719 2045 4783 ςφωιν
2085 4718 2155 4783 Α,
2192 4717 2404 4785 puncta
2435 4715 2733 4785 adscripsit
2766 4717 2832 4771 Αί
2874 4726 2882 4782 ι
2939 4722 3011 4775 15.
3051 4735 3082 4769 κ

488 4798 551 4851 in
586 4815 680 4853 και
714 4815 850 4864 voqe
890 4816 959 4853 ex
995 4814 1021 4853 ε
1057 4798 1195 4853 facit
1229 4800 1347 4865 ΑτΙ
1385 4806 1459 4853 18.
1499 4801 1624 4854 ἐπεὶ
1659 4815 1813 4856 ταεις
1847 4802 2086 4855 accentu
2120 4801 2238 4854 fere
2276 4816 2434 4855 eraso
2470 4802 2513 4855 Α
2554 4803 2563 4870 Ι
2604 4818 2739 4857 ειςιν
2766 4802 2844 4867 ΑΙ
2881 4808 2960 4857 21.
3002 4819 3082 4857 ως

489 4888 563 4952 τῇ
602 4883 676 4952 Α,
715 4885 795 4939 ώς
830 4886 865 4949 ἡ
905 4883 941 4936 b
972 4887 980 4949 Ι
1011 4886 1290 4952 νοουμένη
1331 4885 1422 4938 Ab
1454 4888 1463 4953 Ι
1493 4890 1576 4939 29.
1614 4899 1831 4952 εχουςιν
1865 4885 1911 4939 Α
1942 4888 1952 4953 Ι
1981 4900 2212 4952 περιςον
2247 4886 2291 4940 Α
3097 4883 3101 4887 ’
