3738 5530
723 363 799 426 18
1646 366 1830 417 nl-:PI
1864 368 2370 419 ΑΝΤΩΝΤΜΙΑΣ.

1596 476 1719 525 μοι
1751 474 2440 526 (εειιΒε-εεωεεωει)

716 568 1172 645 πληθυντικόν·
1228 569 1305 633 τὸ
1348 571 1473 647 γὰρ
1519 570 1893 645 λέγουςιν
1939 568 2012 633 οἱ
2057 569 2475 647 ἄνθρωποι
2532 569 2572 647 ἢ
2626 568 2846 646 ἡμεῖς
2901 570 3006 634 ἐπὶ
3061 562 3305 635 παντὸς

715 667 981 747 ἀριθμοῦ
1047 669 1371 750 τάςςομεν.
1451 710 1533 719 -
1610 672 1715 735 ἐπὶ
1779 673 1997 750 μέντοι
2062 679 2193 736 τῶν
2263 671 2684 755 ἀντωνυμιῶν
2741 672 2901 736 κατὰ
2964 672 3142 750 τρίτα
3205 674 3308 737 καὶ

714 770 1009 834 πλείονες
1065 771 1129 834 αἱ
1187 773 1404 851 φωναὶ
1457 771 2014 852 έςχηματίςθηςαν,
2073 772 2203 847 εἴγε
2257 773 2537 855 ἐκεῖνος,
2604 771 2747 855 ὅδε,
2805 771 3028 855 οὗτος,
3086 773 3302 856 αὐτός,

713 870 844 947 ὁδί,
916 871 954 936 ὁ
1022 876 1222 937 δεῖνα.
1334 875 1438 937 καὶ
1496 876 1741 965 μήποτε
1809 875 2116 948 εὐλόγως.
2225 874 2279 939 εἰ
2338 875 2462 952 γὰρ
2529 875 2705 952 παρὰ
2769 875 2848 939 τὰ
2915 873 3081 939 ἄλλα
3144 876 3302 955 μέρη

645 992 676 1039 5
710 977 829 1038 τοῦ
894 973 1094 1049 λόγου
1152 974 1223 1038 ἐν
1278 976 1649 1052 προςώποις
1698 975 1999 1059 ’ὥριςται,
2067 975 2276 1054 ὀρθῶς
2330 974 2456 1054 ἄρα
2510 976 2609 1039 καὶ
2665 975 2704 1053 ἡ
2763 976 2834 1042 ἐν
2888 980 3027 1040 τοῖς
3071 977 3302 1055 τρίτοις

713 1075 1086 1152 προςώποις
1143 1077 1428 1155 διαφορὰ
1482 1077 1894 1161 διήρθρωται,
1952 1077 2134 1143 δείξει
2181 1079 2295 1155 μὲν
2344 1077 2433 1140 ὼς
2479 1075 2704 1160 οὗτος,
2761 1078 3036 1161 ἀπουςίᾳ
3095 1080 3166 1142 δὲ
3213 1079 3303 1143 ὡς
3342 1093 3383 1147 C

712 1176 935 1253 αὐτός,
991 1178 1095 1240 καὶ
1137 1177 1228 1240 ἔτι
1274 1177 1345 1240 ἐν
1391 1180 1752 1258 διαςτήματι
1796 1178 1932 1259 <minc
1977 1179 2293 1261 ἐκεῖνος>·
2338 1179 2414 1242 τὸ
2460 1181 2574 1258 μὲν
2613 1180 2739 1257 γὰρ
2771 1178 2963 1244 οὗτος
2992 1179 3307 1259 ἐγγύτητα

712 1277 997 1355 ςημαίνει
1052 1279 1442 1361 προςώπου,
1506 1280 1583 1343 τὸ
1639 1281 1711 1345 δὲ
1766 1280 2012 1345 ἐκεῖνος
2068 1281 2389 1364 διάςτημα.
2456 1316 2540 1326 -
2604 1279 2772 1344 ἀλλὰ
2836 1282 2959 1359 μὴν
3016 1283 3118 1345 καὶ
3172 1287 3303 1346 τῶν

710 1385 1017 1455 κτητικῶν
1061 1379 1332 1444 πλείονα
1373 1380 1552 1459 τρίτα
1595 1382 1759 1446 ἔςτιν
1791 1381 2109 1447 ἐπιδεῖξαι.
2186 1381 2255 1445 ἐν
2300 1381 2425 1459 γὰρ
2469 1387 2561 1464 τῷ
2606 1381 2791 1458 ἐμός
2835 1382 2992 1446 ἐςτι
3036 1384 3303 1461 πρώτου

614 1500 674 1546 ιο
710 1481 874 1557 πρὸς
917 1481 1164 1557 τρίτον.
1210 1482 1312 1545 καὶ
1354 1482 1447 1546 ἔτι
1493 1482 1563 1546 ἐν
1608 1489 1700 1565 τῶ
1745 1484 1876 1547 ςός
1921 1483 2076 1547 ἐςτι
2121 1483 2428 1560 δευτέρου
2473 1483 2638 1561 πρὸς
2667 1482 2912 1560 τρίτον·
2959 1483 3059 1547 καὶ
3106 1484 3304 1563 ςαφὲς

710 1579 802 1644 ὡς
845 1581 915 1645 ἐν
960 1588 1050 1664 τῷ
1096 1582 1181 1646 ὅς
1226 1583 1345 1647 δύο
1385 1583 1592 1665 τρίτα,
1638 1584 1703 1649 ἐξ
1747 1583 1841 1648 ὧν
1887 1585 1963 1648 τὸ
2008 1588 2208 1662 κτῆμα
2248 1584 2365 1648 κᾶν
2407 1585 2488 1662 μὴ
2532 1583 2838 1662 ὁρίζηται,
2888 1583 2967 1648 οὐ
3011 1584 3301 1663 μάχεται·

711 1682 1034 1748 ἐδείκνυτο
1079 1685 1202 1762 γὰρ
1250 1685 1339 1749 ὡς
1385 1684 1505 1749 οὐκ
1546 1684 1945 1764 ἀντωνυμία·
2001 1686 2102 1749 καὶ
2160 1686 2264 1750 ἐπὶ
2308 1688 2751 1763 πληθυντικῶν
2809 1685 2923 1768 <ἐν
2967 1687 3101 1769 τῷ)
3147 1686 3293 1765 ςφέ·
3332 1708 3397 1754 22
3423 1705 3470 1754 A

708 1804 882 1862 τεροι
928 1787 1143 1849 πολλὰ
1187 1786 1382 1864 τρίτα.

881 1884 952 1950 Ἡ
999 1888 1116 1964 μὲν
1160 1887 1230 1952 ἐν
1275 1889 1411 1951 τοῖς
1456 1886 1719 1965 ὀνόμαςι
1765 1888 2117 1966 παραγωγὴ
2164 1886 2339 1953 εἶδος
2386 1890 2692 1953 καλεῖται·
2740 1886 2893 1953 εἴδει
2935 1891 3061 1968 γὰρ
3092 1910 3295 1969 παρα-

614 2008 672 2053 ι5
707 1988 974 2065 πλήςιόν
1029 2008 1088 2051 τι
1144 1989 1570 2067 παραδέχεται
1625 1989 1782 2053 κατὰ
1826 1990 1942 2068 τὴν
1988 1987 2353 2066 ἑτεροίωςιν
2398 1994 2516 2054 τοῦ
2560 1990 2819 2074 τέλους,
2876 1992 2965 2055 δι’
3010 1990 3089 2055 οὗ
3131 2012 3298 2067 γνω-

605 2077 619 2089 ’
705 2089 950 2166 ρίΖεται.
1049 2089 1088 2167 ἡ
1147 2090 1219 2152 δὲ
1274 2089 1345 2153 ἐν
1389 2093 1526 2154 τοῖς
1583 2089 1804 2168 ῥήμαςι
1848 2090 1952 2154 καὶ
1994 2089 2418 2170 ἀντωνυμίαις
2462 2091 2790 2171 μετάβαςις
2835 2093 3298 2170 πρόςωπον·

701 2190 1063 2268 ἐπιτήδειον
1109 2191 1233 2269 γὰρ
1277 2195 1471 2255 τοῦτο
1518 2194 1709 2256 δεῖξιν
1756 2193 2112 2270 ςωματικὴν
2143 2194 2242 2257 καὶ
2273 2195 2549 2272 ψυχικὴν
2585 2193 2862 2258 διάθεςιν
2893 2197 3298 2271 παραςτῆςαι.

703 2290 915 2368 ὀρθῶς
962 2288 1082 2355 οὖν
1128 2292 1166 2371 ἡ
1213 2292 1575 2371 διορίζουςα
1621 2294 1783 2357 λέξις
1825 2293 1907 2356 τὰ
1948 2295 2337 2371 προκείμενα
2379 2295 2733 2372 πρόςωπον
2787 2294 3039 2371 ἐκλήθη.

870 2393 1078 2471 Ὅπερ
1124 2393 1354 2472 ῥητέον
1402 2394 1472 2458 ἐν
1519 2396 1633 2474 μὲν
1676 2400 1751 2477 τῇ
1798 2395 1943 2473 περὶ
1987 2393 2219 2460 ἑαυτοῦ
2263 2396 2617 2475 ἀποφάςει,
2673 2398 2961 2474 πρῶτον,
3007 2394 3139 2470 εἴγε
3193 2395 3293 2460 καὶ
3329 2412 3373 2464 Β

597 2515 665 2563 20
700 2493 739 2571 ἡ
796 2493 866 2558 ἐν
921 2498 1059 2560 τοῖς
1116 2495 1257 2573 ἑξῆς
1313 2497 1685 2575 προςώποις
1729 2496 2056 2575 ἀπόφαςις
2098 2496 2162 2562 ἐξ
2207 2496 2409 2561 αὐτοῦ
2453 2498 2722 2572 γίνεται·
2780 2497 2850 2561 ἐν
2897 2498 2968 2561 δὲ
3011 2503 3088 2581 τῇ
3133 2497 3296 2574 πρὸς

699 2595 781 2659 ὃν
826 2594 863 2658 ὁ
910 2597 1105 2671 λόγος
1148 2597 1312 2674 ὑπὲρ
1358 2597 1588 2675 αὐτοῦ,
1645 2599 1982 2676 δεύτερον·
2037 2596 2111 2663 έν
2166 2600 2237 2662 δὲ
2291 2604 2367 2682 τῇ
2413 2600 2566 2678 μήτε
2613 2599 3097 2682 προςφωνούςῃ
3142 2599 3295 2678 μήτε

698 2698 1293 2782 προςφωνουμένῃ,
1337 2699 1573 2776 τρίτον.

964 2835 1108 2843 *-

833 2900 1050 2952 Αιιονιι.
1098 2905 1162 2951 14
1180 2898 1383 2952 Forma
1411 2900 1702 2953 nominum
1727 2899 1986 2955 derivata.
2007 2902 2264 2970 ‘species’
2290 2902 2512 2955 dicitur.
2557 2900 2798 2954 Mutatio
2818 2901 3010 2954 autem
3029 2899 3087 2953 in
3110 2900 3292 2954 verbis

700 2983 1235 3053 pronominibusque
1269 2983 1422 3037 facta
1456 2991 1737 3053 ‘persona'
1766 2984 1856 3038 vel
1882 2994 1986 3039 ‘oe’
2023 2985 2369 3055 appellatur,
2407 2984 2560 3054 quod
2593 3000 2797 3038 nomen
2821 2986 3019 3053 aptum
3045 2985 3147 3049 est,
3179 3000 3292 3052 quo

705 3069 765 3122 et
806 3067 913 3123 hoc
948 3068 1258 3134 indicet-ur,
1293 3068 1430 3137 quid
1466 3068 1700 3123 rationis
1741 3068 2059 3123 intercedat
2092 3068 2241 3123 inter
2274 3069 2605 3136 loquentem
2643 3070 2703 3122 et
2736 3084 2829 3135 ea,
2866 3068 2937 3121 de
2974 3068 3178 3136 quibus
3212 3067 3293 3119 1ο-

699 3152 919 3220 quitur;
958 3155 1019 3207 et
1049 3151 1218 3218 illud,
1256 3168 1371 3220 qua
1404 3152 1579 3206 animi
1613 3152 1912 3207 affectione
1948 3152 2162 3222 aliquid
2198 3154 2519 3221 proferatur
2555 3152 2626 3205 ab
2664 3169 2756 3220 οο,
2793 3152 2890 3221 qui
2925 3152 3190 3220 loquitur.
3225 3182 3292 3191 —

702 3244 764 3292 19
811 3236 958 3302 Quid
1003 3237 1079 3290 sit
1121 3237 1333 3306 prima,
1376 3238 1647 3303 secunda,
1694 3238 1869 3291 tertia
1910 3253 2165 3306 persona..

833 3406 1059 3460 Tas‘rnt.
1130 3413 1192 3461 19
1228 3406 1494 3465 Choerob.
1522 3407 1652 3465 Can.
1670 3413 1796 3473 477,
1821 3414 1853 3461 3
1877 3402 2240 3470 Ἀπολλώνιος
2266 3445 2278 3458 .
2305 3448 2317 3460 .
2346 3406 2553 3476 λέγων,
2583 3450 2596 3463 .
2628 3454 2639 3465 .
2672 3400 2762 3463 ὅτι
2788 3406 3015 3476 πρῶτον
3036 3406 3141 3476 μέν
3170 3401 3290 3461 ἔστι

694 3487 1029 3560 πρόσωπον,
1085 3487 1195 3558 ἀφ’
1242 3481 1312 3546 οὗ
1359 3487 1389 3544 ὁ
1444 3485 1609 3560 λόγος
1654 3493 1754 3547 καὶ
1800 3493 1935 3561 περὶ
1983 3489 2122 3560 ἐμοῦ
2170 3492 2274 3547 τοῦ
2318 3494 2835 3561 προςφωνοῦντος,
2895 3486 3167 3559 δεύτερον
3221 3488 3289 3545 δέ

696 3573 814 3631 ἔστι
851 3573 1168 3642 πρόςωπον,
1202 3572 1344 3643 πρὸς
1380 3567 1448 3631 ὃν
1486 3570 1516 3631 ὁ
1544 3570 1710 3645 λόγος
1745 3576 1843 3631 καὶ
1882 3577 2013 3645 περὶ
2053 3573 2238 3631 αὐτοῦ
2271 3580 2373 3632 τοῦ
2409 3578 2951 3646 προςφωνουμένου,
2988 3578 3184 3644 τρίτον
3220 3574 3288 3630 δέ

696 3655 814 3715 ἔστι
868 3658 1195 3727 πρόςωπον,
1240 3661 1371 3729 περὶ
1418 3649 1486 3715 οὗ
1533 3655 1562 3714 ὁ
1619 3656 1786 3730 λόγος
1830 3657 1975 3731 μήτε
2029 3680 2505 3730 προςφωνουντος
2549 3655 2694 3731 μήτε
2748 3658 3290 3729 προςφωνουμὲνου.

697 3743 831 3803 ibid.
877 3749 1004 3806 478,
1046 3751 1241 3798 1-24.
1314 3745 1481 3798 Prisc.
1527 3744 1661 3811 XII,
1713 3752 1774 3800 13
1809 3763 1867 3814 p.
1906 3751 2031 3810 584,
2073 3753 2129 3799 11
2177 3745 2352 3800 Hertz
2402 3746 2685 3801 Personae
2719 3745 3116 3814 pronominum
3157 3749 3288 3798 eunt

693 3834 830 3894 tres,
872 3830 1088 3897 prima,
1134 3829 1402 3893 secunda,
1456 3830 1639 3883 tertia.
1712 3831 1904 3897 prima
1947 3835 2050 3896 est,
2094 3847 2217 3885 cum
2261 3832 2414 3899 ipsa,
2460 3848 2600 3900 quae
2643 3832 2919 3899 loquitur,
2964 3830 3034 3883 de
3074 3845 3131 3883 se
3157 3844 3286 3895 pro-

693 3914 958 3977 nuntiat‚·
990 3914 1261 3981 secunda,
1298 3929 1420 3967 eum
1456 3914 1526 3967 de
1560 3929 1650 3978 ea,
1686 3914 1764 3967 ad
1798 3932 1967 3983 quam
2003 3915 2209 3969 directo
2242 3932 2484 3970 sermone
2518 3916 2796 3984 loquitwn·
2833 3915 3025 3981 tertia,
3062 3930 3185 3967 oum
3221 3914 3289 3968 de

694 4014 785 4064 ea,
824 4015 967 4067 quae
998 4015 1100 4052 nec
1133 3999 1381 4067 loquitur
1413 4015 1512 4053 nec
1547 3998 1624 4051 ad
1657 4014 1713 4053 se
1749 4000 2019 4053 directum
2052 4001 2257 4068 accipit
2291 4015 2607 4058 sermonem.

1006 4105 1099 4112 ——0—

829 4168 1018 4223 Discn.
1075 4186 1269 4226 sempr.
1342 4175 1388 4225 1.
1443 4169 1497 4223 οἱ
1548 4171 1843 4237 ἄνθρωποι
1897 4170 2015 4230 Ab,
2072 4168 2248 4224 ‘Corn
2302 4174 2338 4238 ἢ
2390 4173 2703 4237 ἄνθρωπον
2748 4169 2784 4222 b
2833 4169 2889 4221 in
2940 4185 3056 4226 var.
3104 4168 3235 4224 lect.
3275 4171 3282 4237 Ι

693 4254 1012 4321 (λέγομεν)
1048 4253 1180 4306 ante
1218 4253 1380 4318 ἡμεῖς
1413 4251 1611 4307 inserit
1633 4253 1857 4325 GUhlig
1903 4259 1912 4322 Ι
1959 4261 2007 4312 3.
2045 4256 2162 4319 εἴγε
2198 4257 2416 4311 ἐκεῖνος
2441 4255 2563 4320 Ab,
2602 4254 2747 4307 ‘Hoc
2771 4269 2995 4322 quoque
3021 4253 3284 4307 vitiatum

692 4337 772 4391 sic
825 4336 1067 4406 corrige:
1122 4339 1158 4403 ἥ
1204 4353 1269 4389 τε
1316 4337 1554 4391 ἐκεῖνος’
1599 4338 1638 4391 b
1690 4338 1747 4392 in
1801 4356 1916 4394 var.
1972 4337 2101 4394 lect.
2167 4345 2179 4398 Ι
2240 4345 2288 4394 4.
2333 4342 2489 4394 δεῖνα
2533 4338 2569 4391 b
2595 4379 2609 4405 ,
2667 4340 2791 4393 δινα
2837 4338 2880 4392 Α
2945 4339 2954 4405 Ι
3018 4342 3067 4395 6.
3114 4338 3286 4392 οὗτος

692 4420 1083 4487 RSkrzeczka,
1118 4423 1333 4476 ἐκεῖνος
1369 4421 1461 4476 Ab
1491 4424 1502 4489 Ι
1533 4428 1581 4477 7.
1618 4424 1948 4491 διαςτήματι
1986 4424 2064 4478 ὡς
2097 4424 2312 4479 ἐκεῖνος
2343 4422 2730 4490 RSkrzeozka,
2769 4423 3095 4488 διαςτὴματι
3131 4424 3173 4476 Α
3197 4420 3233 4473 b
3274 4420 3281 4490 Ι

693 4513 742 4560 9.
789 4509 848 4560 et
897 4514 972 4561 10.
1021 4523 1170 4561 εςτιν
1206 4509 1248 4562 Α
1301 4516 1311 4573 Ι
1360 4512 1440 4561 12.
1499 4507 1563 4561 ἐν
1613 4513 1699 4576 τῷ
1759 4506 1958 4561 inserit
1999 4506 2357 4563 RSchneider
2402 4512 2411 4574 Ι
2462 4512 2544 4563 16.
2600 4524 2836 4574 ρημαςιν
2889 4508 2932 4562 Α
2982 4510 2992 4571 Ι
3041 4509 3122 4560 18.
3179 4522 3284 4573 pro

693 4593 833 4646 λέξις
881 4591 1238 4645 scribendum
1274 4609 1393 4646 esse
1432 4593 1721 4658 μετάβαςις
1758 4591 2070 4660 suspicatur
2105 4590 2471 4646 RSkrzeczka
2532 4596 2543 4660 Ι
2608 4599 2688 4646 20.
2729 4593 2792 4644 ἐν
2827 4594 2889 4645 δὲ
2924 4596 2996 4659 τῇ
3035 4592 3180 4656 πρὸς
3215 4590 3285 4643 ὃν

693 4674 1087 4744 BSkrzeczka,
1124 4678 1187 4732 ἐν
1221 4679 1283 4731 δὲ
1318 4683 1403 4742 τῷ
1442 4679 1586 4744 πρὸς
1622 4677 1691 4731 ὃν
1727 4676 1849 4744 Ab,
1889 4675 2194 4730 ‘Fert-asse:
2233 4677 2295 4730 ἑν
2329 4678 2391 4731 δὲ
2424 4682 2497 4745 τῇ
2536 4679 2665 4744 περὶ
2701 4681 2804 4731 τοῦ
2843 4677 2985 4741 πρὸς
3020 4675 3107 4729 ὃν’
3147 4675 3182 4727 b
3223 4673 3282 4726 in

691 4777 809 4815 var.
844 4760 973 4818 lect.
1037 4763 1046 4826 Ι
1109 4767 1194 4818 21.
1230 4763 1292 4815 ἐν
1325 4763 1387 4815 δὲ
1422 4768 1494 4831 τῇ
1531 4763 1672 4828 μήτε
1696 4763 2115 4830 προςφωνούςῃ
2143 4763 2284 4828 μήτε
2309 4763 2801 4830 προςφωνουμένῃ
2825 4763 3023 4828 τρίτον
3058 4761 3180 4827 Ab,
3218 4761 3283 4813 ἐν

693 4847 754 4900 δὲ
798 4852 870 4918 τῇ
917 4846 1043 4916 περί
1088 4863 1192 4901 του
1238 4848 1380 4915 μήτε
1416 4851 1902 4914 προςφωνοῠντος
1939 4847 2080 4912 μήτε
2118 4848 2643 4915 προςφωνουμένου
2676 4845 2872 4913 τρίτον
2907 4844 3284 4899 PSchmieder
