3738 5530
595 363 713 428 152
1500 364 1682 414 Imm
1720 362 2273 417 EmPPHMATszN.

1616 485 1658 522 p.
1684 473 1774 521 562,
1802 472 1827 511 3
1853 493 1905 503 -
1929 471 2020 520 563,
2047 472 2096 511 31
2125 471 2155 511 b

587 570 749 646 παρ’
802 567 1150 635 ἐνεςτῶτας
1194 574 1326 634 τῶν
1381 566 1682 646 ῥημάτων
1736 566 2174 648 ἀποτελεῖται,
2229 565 2444 645 ἠρεμῶ
2500 565 2734 649 ἠρέμα,
2790 567 2952 646 μίγω
3009 567 3175 645 μίγα,
3227 580 3254 619 5

588 669 763 735 ἀντῶ
821 670 1017 753 ἄντα,
1073 670 1316 748 μινὺθω
1373 669 1600 747 μίνυθα
1661 668 1793 752 (καὶ
1845 670 2001 747 μετὰ
2057 672 2355 748 περιςςοῦ
2409 672 2529 732 τοῦ
2573 670 2610 734 ν
2668 668 2992 749 μίνυνθα),
3048 668 3177 747 ῥέω

590 771 705 850 ῥέα
752 772 858 855 (τὰ
901 773 1024 850 γὰρ
1071 772 1352 851 εὐχερῶς
1395 771 1703 850 γινόμενα
1749 771 1921 850 ῥύςει
1967 770 2153 836 ἔοικε.
2229 773 2333 836 καὶ
2377 771 2576 850 ςαφὲς
2622 770 2719 835 ὅτι
2764 772 2839 835 τὸ

845 873 959 953 ῥέα
1004 876 1119 951 μὲν
1164 875 1287 953 γὰρ
1333 874 1531 954 βριάει
1577 870 1760 958 (Hes.
1810 870 1931 955 Op.
1978 872 2048 959 5)

526 989 557 1035 5
593 976 951 1054 ὁλόκληρον
1005 976 1268 1057 γέγονε,
1323 976 1397 1039 τὸ
1454 975 1526 1039 δὲ
1584 974 1721 1052 ῥεῖα
1773 974 1845 1040 ἐν
1892 979 2275 1059 πλεοναςμῶ
2331 975 2455 1040 ἐςτί
2510 978 2628 1039 τοῦ
2673 973 2760 1059 ῐ)·
2817 979 2970 1049 ςιγῶ
3017 978 3177 1058 ςῖγα,
3234 988 3282 1026 ¹0

589 1075 842 1167 ἀτρεμῶ
888 1076 1149 1157 ἀτρέμα.
1194 1113 1277 1123 -
1323 1078 1752 1156 παραιτητέον
1800 1075 1921 1143 οὖν
1966 1078 2121 1142 τοὺς
2165 1076 2509 1155 ἠξιωκότας
2555 1077 2808 1143 ὀξύνειν
2851 1078 2927 1140 τὸ

845 1177 1012 1256 μίγδ’
1055 1177 1299 1243 ἄλλοιςι
1346 1183 1583 1244 θεοῖςιν
1630 1180 1721 1267 (Θ,
1757 1178 1947 1259 436),

592 1280 769 1344 «ἐπεὶ
812 1281 893 1344 τὰ
936 1279 1025 1344 εἰς
1070 1267 1227 1363 δ-οἷ»,
1276 1281 1460 1361 φαςί,
1511 1282 1837 1359 «λήγοντα
1883 1279 2278 1360 ἐπιρρήματα
2323 1281 2645 1363 ὀξύνεται,
2691 1280 2781 1346 ῶς
2827 1280 2956 1359 ἔχει
2999 1282 3074 1344 τό

1252 1383 1582 1461 καναχηδὰ
1629 1382 1890 1460 ῥέοντε(
1936 1380 2120 1465 (Hes,
2166 1381 2407 1467 Theog.
2452 1382 2607 1462 367)
3235 1396 3284 1434 1⁵

496 1498 556 1545 ιο
593 1484 694 1547 καὶ
734 1485 810 1547 τὸ
856 1483 1119 1561 χανδά».
1165 1520 1248 1530 -
1293 1484 1421 1548 ἔςτι
1464 1484 1588 1563 γὰρ
1634 1485 1796 1563 πρὸς
1843 1484 1919 1548 τὸ
1964 1487 2267 1550 τοιοῦτον
2313 1486 2547 1568 φάναι,
2592 1484 2682 1549 ῶς
2729 1484 2868 1548 ἰδού
2912 1505 3053 1548 τινα
3095 1483 3183 1549 εἰς

593 1573 676 1650 δᾶ
720 1587 1002 1664 λήγοντα
1045 1587 1147 1650 καὶ
1193 1586 1516 1667 βαρύτονά
1561 1587 1759 1667 ἐςτιν,
1818 1585 1909 1650 ὡς
1952 1588 2028 1651 τὸ
2076 1587 2367 1670 ληκίνδα,
2427 1586 2833 1681 ὀςτρακίνδα,
2891 1587 3182 1666 ὀνόματα

593 1691 896 1769 παιδιῶν,
942 1689 1045 1752 καὶ
1088 1687 1178 1752 ῶς
1222 1689 1300 1752 τὰ
1357 1686 1714 1766 ὀξυνόμενα
1759 1688 2145 1768 ςυνυπάρχει
2188 1693 2325 1755 τοῖς
2370 1690 2460 1754 εἰς
2505 1677 2636 1755 δον
2658 1688 3181 1771 περατουμένοις,

593 1789 955 1868 καναχηδόν
1003 1790 1352 1872 καναχηδά,
1396 1789 1785 1869 αὑτοςχεδόν
1830 1789 2206 1872 αὐτοςχεδά,
2253 1792 2497 1869 χανδόν
2541 1791 2776 1870 χανδά·
2831 1795 2923 1873 τῷ
2965 1790 3184 1868 μέντοι
3236 1802 3288 1841 20

593 1893 782 1969 μίγδα
838 1892 916 1955 οὑ
972 1891 1343 1971 παράκειται
1401 1891 1439 1955 ὁ
1494 1894 1789 1955 τοιοῦτος
1849 1892 2284 1972 ςχηματιςμός.
2356 1893 2437 1972 ἦν
2493 1892 2612 1958 οὖν
2671 1892 2742 1956 ἐν
2800 1893 3183 1973 πλεοναςμῶ

498 2006 558 2053 15
592 1999 709 2058 τοῦ
742 1980 819 2070 δ,
866 1995 1076 2058 καθὼς
1122 1995 1223 2058 καὶ
1267 1994 1305 2072 ἡ
1351 1992 1626 2073 ἄχερδος
1671 1994 2013 2060 πλεονάζει
2056 1997 2160 2059 καὶ
2204 1995 2241 2059 ὁ
2285 1994 2588 2060 δαίδαλος
2633 2000 2724 2078 τῷ
2777 1981 2842 2069 δ,
2891 1994 3063 2071 παρὰ
3107 1994 3183 2056 τὸ

593 2095 771 2160 δαίιυ.
844 2096 946 2159 καὶ
988 2097 1060 2161 ἐν
1117 2095 1489 2175 ἐπιρρήματι
1545 2096 1616 2160 δὲ
1661 2101 1751 2179 τῶ
1797 2095 2051 2175 ὑπόδρα
2097 2096 2362 2161 δύναται
2406 2096 2808 2175 πλεοναςμὸς
2854 2093 3022 2159 εἶναι
3067 2098 3184 2158 τοῦ

590 2186 650 2262 δ.
728 2196 812 2279 (εἰ
852 2198 977 2276 γὰρ
1022 2198 1102 2276 μὴ
1149 2199 1656 2277 παραδεξαίμεθα
1709 2197 1808 2263 ὅτι
1863 2197 2078 2263 ἔνδειά
2122 2198 2249 2262 ἐςτι
2293 2203 2410 2263 τοῦ
2455 2187 2518 2275 Ξ,
2578 2198 2839 2263 δύναιτο
2886 2198 2965 2262 ἂν
3010 2196 3186 2274 παρὰ
3238 2207 3291 2246 25

594 2301 669 2365 τὸ
716 2300 851 2377 ὁρῶ
897 2297 1343 2363 ἀποτελεῖςθαί
1385 2319 1441 2363 τι
1487 2298 1612 2378 ὅρα
1655 2300 1758 2364 καὶ
1799 2298 2052 2378 ὑπόδρα
2097 2301 2250 2378 μετὰ
2296 2303 2590 2379 περιςςοῦ
2637 2304 2752 2364 τοῦ
2806 2287 2864 2383 δ,
2911 2299 3073 2377 ὅπερ
3107 2298 3187 2362 ού

594 2401 858 2467 πάντως
904 2400 1255 2479 ἐπιζητήςει
1299 2401 1374 2465 τὸ
1421 2406 1501 2479 'qb-
1549 2401 1651 2464 καὶ
1694 2401 1818 2479 γὰρ
1863 2400 2032 2465 ἄλλα
2077 2400 2203 2465 ἐςτί
2245 2422 2423 2484 τινα,
2469 2402 2510 2465 ἃ
2555 2403 2634 2466 οὐ
2679 2400 2982 2482 μετέβαλε
3031 2400 3190 2465 κατὰ

491 2514 559 2562 20
595 2505 992 2583 ςυναλοιφὴν
1037 2504 1112 2568 τὸ
1158 2508 1207 2566 π
1251 2501 1339 2566 εἰς
1384 2506 1470 2585 ᾧ,
1515 2501 1605 2565 ὡς
1649 2501 1831 2580 ἥλιος
1881 2502 2276 2581 ἀπηλιώτης,
2327 2504 2417 2568 ὡς
2460 2502 2561 2567 τό’

851 2605 961 2669 ἐπ’
1005 2604 1377 2686 Ἡφαίςτοιο
1424 2604 1715 2687 θύρῃςιν,
3239 2616 3291 2654 ³0

598 2705 687 2772 ῶς

1256 2808 1534 2876 ἑπίςτιόν
1579 2808 1745 2875 ἐςτιν
1791 2809 2031 2893 ἑκάςτῳ
2075 2809 2136 2892 (ζ
2180 2808 2351 2891 265).

597 2911 669 2977 ἐν
713 2914 852 2977 τοῖς
896 2910 1338 2989 προκειμένοις
1382 2909 1625 2989 εἴρηται
1667 2910 1905 2976 ἱκανῶς
1950 2912 2093 2990 περὶ
2138 2915 2255 2975 τοῦ
2301 2910 2600 2993 ὑπόδρα).
2674 2911 2885 2991 τούτῳ
2930 2910 3057 2991 ἄρα
3099 2917 3190 2990 τῷ
3260 2923 3362 2973 563

495 3024 562 3072 25
600 3014 775 3097 λόγῳ
820 3013 923 3077 καὶ
963 3014 1039 3076 τὸ
1086 3012 1347 3089 ληκίνδα
1392 3011 1462 3077 ἐν
1524 3016 1705 3093 βαρεῖ
1745 3011 1921 3098 τόνῳ
1967 3011 2163 3096 ἐςτίν,
2222 3012 2301 3078 ού
2347 3015 2757 3093 ςυνυπάρχον
2800 3021 2893 3095 τῶ
2938 3014 3027 3078 εἰς
3071 3001 3190 3077 δτι-ν

600 3116 862 3194 λήγοντι
906 3114 1294 3193 ἐπιρρήματι.

771 3216 1117 3294 Βαρύνεται
1175 3216 1275 3279 καὶ
1333 3214 1450 3280 ὅςα
1504 3214 1623 3280 οὐκ
1680 3214 1751 3282 ἐν
1806 3215 2154 3300 ὁμοφωνίᾳ
2208 3215 2448 3293 γίνεται
2502 3221 2949 3296 πληθυντικῶν
3008 3216 3190 3311 ούδε-

735 3419 953 3472 Anam.
1009 3422 1073 3470 27
1110 3415 1398 3484 Barytona
1428 3419 1586 3482 eunt,
1622 3433 1767 3486 quae
1800 3434 1913 3471 non
1947 3418 2147 3472 iisdem
2175 3420 2411 3472 utuntur
2435 3418 2628 3473 formis
2652 3421 2822 3488 atque
2847 3420 3050 3473 neutra
3072 3417 3194 3487 plu·

600 3502 760 3556 ralia.
796 3501 1092 3556 Notandue
1110 3499 1283 3570 igitur
1306 3504 1570 3556 accentus
1594 3504 1742 3569 θαμά
1766 3501 2039 3570 adverbii,
2066 3502 2236 3571 quod,
2262 3520 2390 3557 cum
2415 3503 2696 3573 discrepet
2720 3520 2755 3558 a
2773 3503 2982 3574 plurali
2997 3505 3193 3569 θαμέα,

600 3587 916 3655 barytonon
955 3604 1073 3641 esse
1111 3585 1424 3655 oporteret3
1464 3603 1642 3655 eoque
1680 3586 1861 3656 magis
1896 3587 2202 3654 notandus,
2241 3588 2392 3656 quod
2432 3605 2498 3642 ex
2535 3591 2684 3655 θαμά
2719 3589 2967 3644 nascitur
3001 3590 3130 3654 ἅμα.

736 3756 957 3813 Tum-m.
997 3765 1027 3810 3
1055 3756 1143 3811 Et.
1166 3756 1239 3809 M.
1263 3762 1376 3820 703,
1396 3762 1428 3807 4
1449 3756 1512 3809 τὰ
1535 3753 1644 3825 γὰρ
1672 3749 1903 3825 εὐχερὲς
1929 3752 2121 3823 §etiosa
2150 3750 2333 3822 (ῤ’ύσει
2347 3761 2396 3822 ’2)
2419 3755 2623 3812 ἔοικεν.
2652 3757 2786 3810 ibid
2803 3764 2921 3824 700,
2935 3764 2999 3810 50
3026 3757 3197 3832 ῥ’ᾷον·

603 3840 760 3908 παρά
806 3835 869 3895 τὸ
918 3838 1055 3909 όέω·
1104 3836 1166 3896 τὸ
1212 3841 1322 3910 γὰρ
1373 3835 1621 3910 εὐχερῶς
1663 3836 1974 3910 γινόμενον
2019 3838 2178 3909 ᾆύσει
2232 3839 2437 3896 ἔοικεν.
2489 3871 2556 3880 -
2608 3848 2672 3895 07
2719 3841 2819 3911 Ep.
2867 3840 2953 3896 Cr.
2979 3848 3126 3940 5148,
3165 3848 3197 3896 9

603 3923 676 3980 τὰ
715 3919 831 3980 ἀπὸ
867 3927 1289 3994 πληθυντικῶν
1326 3920 1649 3993 οὐδετέρων
1685 3921 2047 3996 μεταγόμενα
2075 3924 2158 3989 εἰς
2182 3918 2636 3996 ἐπιρρηματικὴν
2665 3921 2940 3995 σύνταξιν
2968 3921 3198 3982 ἅπαντα

606 4005 953 4080 βαρύνεται,
992 4008 1116 4064 οἷον
1153 4007 1333 4080 ταχέα
1369 4005 1542 4080 τάχα,
1582 4008 1775 4078 σαφέα
1814 4028 2005 4078 σαφα,
2044 4004 2198 4065 ω’κὲα
2238 3999 2384 4076 ὦκα,
2420 4010 2573 4079 πλὴν
2613 4010 2713 4066 τοῦ
2751 4010 2937 4082 θαμά.

742 4179 928 4234 stcn.
967 4198 1162 4234 sempr.
1237 4186 1285 4233 1.
1325 4181 1469 4245 μίγω
1507 4180 1638 4246 μίγα
1675 4179 2071 4246 GHSchaeser,
2110 4180 2286 4246 μίςγω
2325 4181 2487 4246 μίςγα
2525 4180 2617 4234 Ab
2649 4184 2658 4244 Ι
2688 4186 2736 4235 5.
2771 4198 2970 4246 γεγονε
3008 4183 3072 4246 b,
3110 4198 3199 4247 γε-

610 4283 711 4332 ρον
749 4267 821 4329 Α,
859 4282 999 4332 quas
1035 4263 1282 4331 syllabas
1318 4268 1382 4319 ut
1417 4281 1483 4318 ex
1520 4264 1993 4333 praecedentibus
2030 4282 2170 4332 ηρον
2216 4264 2362 4319 male
2400 4266 2670 4335 repetitas
2716 4265 2905 4320 omisit
2937 4266 3154 4320 FJBast
3191 4273 3196 4330 ξ

607 4357 653 4403 7.
684 4351 829 4416 μίγδ’
853 4349 1157 4412 Homerus,
1186 4349 1348 4415 μίγδα
1375 4353 1416 4404 Α
1433 4350 1467 4402 b
1498 4353 1507 4417 Ι
1541 4355 1758 4403 11-ψ12.
1784 4349 1968 4403 verbis
1993 4367 2072 4404 ως
2096 4366 2166 4403 το
2189 4352 2421 4418 ληκινδα
2445 4353 2777 4419 οςτρακινδα
2802 4369 3055 4418 ονοματα
3080 4370 3201 4406 παι·

606 4437 745 4488 διων
779 4433 934 4489 linea
966 4433 1284 4503 subscripta
1307 4434 1470 4489 estin
1497 4436 1538 4488 Α
1578 4437 1588 4501 1
1619 4441 1694 4488 12.
1722 4438 1811 4489 καὶ
1848 4436 1928 4489 ῶς
1963 4433 2000 4486 b
2037 4433 2095 4486 in
2133 4450 2248 4488 var.
2286 4433 2441 4501 lect„
2482 4436 2561 4489 ῶς
2600 4438 2688 4490 καί
2718 4436 2838 4503 Ab,
2878 4437 2958 4492 ὡς
2983 4438 3083 4490 aut
3106 4436 3199 4490 de-

608 4518 839 4574 lendum
876 4522 976 4574 aut
1010 4519 1068 4573 in
1093 4523 1174 4575 ἔτι
1198 4519 1528 4573 mutandum
1558 4535 1676 4573 esse
1703 4520 1897 4573 censet
1914 4518 2277 4572 RSkrzeczka
2305 4521 2314 4586 1
2349 4527 2426 4575 13.
2445 4527 2531 4588 τῷ
2557 4520 2621 4588 b,
2649 4539 2716 4575 το
2743 4524 2784 4576 Α
2819 4525 2826 4588 Ι
2872 4528 2952 4576 15.
2979 4528 3062 4589 τῷ
3082 4511 3119 4575 δ
3145 4522 3200 4589 b,

608 4621 676 4659 το
701 4607 733 4658 δ
759 4607 800 4659 Α
834 4609 843 4673 Ι
877 4610 954 4658 16.
980 4606 1040 4659 δὲ
1063 4612 1148 4674 τῷ
1173 4605 1239 4671 b,
1264 4607 1324 4659 δε
1350 4622 1416 4659 το
1442 4607 1486 4659 Α
1518 4607 1527 4672 Ι
1559 4611 1640 4660 20.
1662 4607 2011 4671 ςυναλοιφὴν
2035 4608 2104 4658 τὸ
2131 4611 2170 4658 ἤ
2198 4604 2275 4659 εἰς
2301 4613 2344 4673 ᾧ
2369 4605 2424 4669 b,
2454 4610 2767 4674 ςυναλιφην
2792 4625 2860 4660 το
2883 4624 2929 4673 φ
2955 4623 3032 4660 εις
3060 4624 3100 4660 π
3124 4608 3165 4660 Α
3192 4609 3196 4672 Ξ

611 4692 767 4757 ηλιος
803 4705 911 4742 om.
938 4690 1023 4754 A1,
1060 4690 1189 4744 add.
1211 4690 1282 4743 Α2
1316 4690 1374 4742 in
1400 4705 1575 4758 marg.
1603 4691 1613 4756 Ι
1649 4691 1780 4742 ante
1805 4693 2136 4758 απηλιωτης
2164 4691 2379 4758 aliquid
2406 4707 2624 4744 erasum
2651 4691 2705 4744 in
2735 4693 2776 4745 Α
2810 4694 2819 4757 Ι
2850 4697 2931 4745 21.
2955 4695 3205 4758 θυρηιςιν

612 4789 750 4826 corr.
786 4775 872 4835 A2,
909 4791 1092 4828 ουςςιν
1118 4778 1180 4829 Α1
1216 4777 1225 4841 Ι
1256 4780 1338 4827 24.
1377 4775 1481 4841 ἄρα
1519 4771 1908 4834 RSkrzeozka.
1946 4775 2052 4841 γὰρ
2089 4773 2184 4828 Ab
2216 4778 2225 4840 1
2255 4781 2337 4829 27.
2364 4775 2672 4841 Βαρύνεται
2706 4776 2829 4842 Ab,
2869 4777 3206 4842 βαρύνονται

611 4856 826 4912 FJBast
853 4859 863 4926 Ι
894 4861 1295 4926 πληθυντικῶν
1332 4858 1368 4911 b
1405 4859 1463 4913 in
1498 4875 1613 4913 var.
1649 4858 1793 4926 lect„
1830 4861 2185 4929 πληθυντικη
2224 4861 2283 4926 Α,
2322 4863 2672 4930 πληθυντικῇ
2711 4861 2746 4914 b
2783 4859 2841 4914 in
2877 4861 3034 4914 textu
