3738 5530
757 319 839 385 76
928 318 1371 382 Commentarius
1401 319 1627 376 criticus
1656 322 1714 375 et
1742 319 2063 390 exegeticus
2090 319 2149 374 in
2179 319 2467 390 Apollonii
2495 319 2724 389 Dyscoli
2753 319 2965 389 scripte
2990 319 3222 376 minora.

750 491 1079 564 opponendi
1123 505 1307 552 eausa
1350 493 1636 565 usurpari
1681 491 1954 565 exevnplis
1999 490 2416 565 comprobatur.
2489 490 2758 564 Denique
2800 507 2951 564 quae
2982 490 3355 561 inclinantem,

752 581 950 648 eadem
1003 582 1402 640 terminatione
1453 581 1540 639 uti
1590 581 1775 640 solent
1825 598 1945 654 qua
1989 580 2476 640 ortlzotonumena.
2567 580 2863 640 Postremo
2907 596 2948 652 γ
2965 594 2996 640 ε
3041 583 3356 647 coniunctio

738 669 1280 745 parapleromatica
1323 670 1625 744 suffiyitur
1666 687 1850 744 neque
1884 688 1999 745 per
2036 670 2493 744 compositionem
2530 668 2823 743 (enelite'ea
2858 671 3013 730 enim
3050 687 3173 730 non
3216 687 3355 730 eom·

739 759 1073 834 ponuntur)
1136 776 1319 834 neque
1368 776 1485 834 per
1546 761 1965 834 affositionem
2026 757 2196 834 (finis
2250 761 2404 819 enim
2457 754 2605 831 ἐγώ
2660 761 2815 819 vocis
2876 762 3114 820 acutum
3165 763 3356 821 tonum

747 848 1024 922 haberet).
1095 849 1307 923 Itaque
1349 849 1604 922 somnam
1648 844 1890 921 ἔγωγε
1925 867 2040 924 per
2073 865 2418 924 parayoyen
2452 849 2674 922 factam
2711 865 2831 909 esse
2866 852 3115 924 apparet
3151 851 3255 925 49,
3278 852 3351 910 13

756 938 943 1014 —50‚
967 940 1022 997 2.
1098 938 1264 1014 Quod
1287 955 1394 998 nee
1414 941 1712 1013 yenativus
1748 933 2028 1014 ἔμουγε
2071 956 2178 1002 neo
2212 940 2583 998 aecusativus
2620 933 2835 1013 ἔμεγε
2874 942 3084 999 exstat:
3129 942 3356 999 omnino

748 1027 979 1088 dialecti
1020 1045 1140 1087 non
1184 1029 1266 1088 ad
1310 1028 1619 1102 analoyiae
1662 1029 1811 1103 leyes
1855 1029 2218 1100 dirimentur,
2273 1029 2513 1089 minime
2556 1030 2817 1088 omnium
2860 1030 3039 1089 attica
3081 1028 3357 1090 dialem

750 1117 1065 1191 50,2—8.
1159 1114 1246 1177 Cf.
1292 1117 1434 1177 Her.
1479 1117 1511 1176 I
1547 1119 1787 1194 474,7;
1831 1117 2018 1178 Lehrs
2067 1137 2120 1195 q.
2160 1136 2210 1177 e.
2252 1118 2397 1177 132.

928 1227 1033 1300 49,
1056 1227 1132 1284 11
1185 1219 1381 1293 ‘Quod
1426 1220 1636 1297 ἔγωγε
1672 1226 1860 1285 solere
1897 1228 2081 1304 negat
2117 1225 2192 1285 ab
2228 1226 2404 1285 initio
2441 1226 2771 1285 sententiae
2805 1225 2970 1302 poni,
3013 1244 3134 1286 non
3168 1225 3356 1305 magis

745 1314 1048 1393 intellego,
1086 1333 1267 1390 quam
1303 1333 1560 1391 causam,
1596 1319 1842 1393 propter
1880 1334 2060 1391 quam
2095 1314 2158 1375 id
2193 1334 2314 1375 non
2353 1315 2483 1374 fieri
2521 1315 2683 1391 dicit,
2719 1310 2879 1376 καθὸ
2916 1331 3354 1391 καταφατικω-

747 1398 902 1478 τέρα
943 1399 984 1478 ἡ
1032 1398 1267 1475 ἔγωγεε
1323 1403 1398 1464 ob
1452 1402 1513 1462 id
1569 1406 1766 1481 ipsum
1820 1406 1980 1464 enim
2031 1406 2229 1464 locum
2273 1404 2665 1482 principalem
2708 1405 3047 1482 pronomini
3090 1404 3182 1463 illi
3225 1424 3359 1482 pro·-

750 1494 949 1570 prium
992 1494 1174 1553 fuisse
1221 1489 1675 1554 existimaveris’
1724 1493 1847 1554 ska
1893 1494 1924 1553 I
1964 1495 2063 1555 13.

926 1584 1132 1659 49‚16
1183 1577 1462 1662 ἐδείχθη]
1514 1584 1672 1659 37‚1
1707 1601 1792 1660 sq.

925 1673 1030 1747 49,
1054 1674 1134 1732 18
1182 1666 1367 1731 ‘Num
1404 1675 1509 1749 qui
1546 1673 1729 1733 etiam
1765 1672 1837 1732 de
1875 1670 2166 1733 secundae
2200 1692 2355 1750 pere.
2393 1672 2765 1733 nominativo
2801 1671 3076 1732 encliffico
3104 1674 3355 1733 somnis.-

742 1761 970 1836 verint,
1028 1760 1264 1821 aliunde
1318 1781 1438 1822 non
1493 1765 1744 1822 constat.
1833 1762 1933 1822 An
1978 1780 2047 1823 eo
2094 1765 2235 1823 sunt
2277 1763 2386 1826 illa
2430 1762 2612 1823 verba
2654 1761 2990 1836 referenda,
3050 1762 3206 1838 quod
3253 1763 3357 1822 alii

748 1871 858 1929 pro
903 1846 961 1911 τί
1008 1847 1081 1910 ςύ
1126 1852 1489 1928 scripserunt
1533 1848 1592 1912 τί
1636 1868 1732 1923 νυ,
1781 1851 1939 1928 quod
1986 1855 2078 1913 est
2120 1855 2185 1911 in
2231 1852 2355 1913 cod.
2403 1846 2760 1929 LipsiensiP’
2809 1849 2932 1910 Ska
2975 1851 3007 1910 I
3046 1847 3147 1912 13.

923 1959 1028 2034 49,
1049 1959 1134 2018 30
1191 1954 1394 2032 μόνον
1454 1953 1795 2038 παρῆκται]
1861 1963 2016 2036 synt.
2060 1960 2297 2034 101‚6;
2360 1957 2493 2018 adv.
2544 1958 2690 2033 181,
2713 1959 2828 2034 3ος
2892 1957 3029 2017 Her.
3080 1959 3112 2018 I
3149 1960 3353 2035 474‚7

743 2042 1106 2126 (<ἐπεκτει>
1140 2042 1379 2122 νομένη
1427 2044 1498 2108 δὲ
1543 2042 1584 2122 ἡ
1633 2043 1762 2119 ἐγώ
1808 2044 1959 2123 παρ’
1996 2044 2353 2122 Ἀθηναίοις
2393 2043 2464 2108 ἐν
2502 2049 2594 2128 τῷ
2635 2042 2843 2119 ἔγωγε
2875 2046 3077 2123 Lentz,
3115 2094 3128 2107 .
3160 2097 3173 2110 .
3205 2093 3218 2107 .
3247 2065 3355 2109 νο-

748 2133 902 2211 μένη
940 2136 1076 2198 Joh.
1113 2128 1310 2218 Alex.)
1347 2136 1410 2195 H
1440 2138 1541 2212 24,
1564 2138 1665 2196 27.
1696 2139 1812 2213 323
1863 2140 2010 2213 199,
2034 2142 2065 2197 1
2111 2130 2225 2221 (=
2255 2138 2371 2196 EM
2401 2138 2548 2212 314,
2571 2128 2684 2218 55)
2722 2132 2931 2209 ἔγωγε
2957 2183 2972 2199 .
3003 2184 3017 2198 .
3055 2134 3129 2198 ἓν
3166 2134 3358 2214 μέρος

742 2223 962 2298 λόγου.
1053 2225 1238 2287 Lehrs
1285 2246 1341 2303 q.
1379 2246 1426 2286 e.
1468 2228 1625 2302 1323
1683 2225 1826 2287 Lob.
1874 2227 1987 2287 En.
2035 2226 2098 2286 Π
2138 2228 2283 2286 236.
2334 2228 2479 2287 237.

927 2316 1090 2391 50,3
1139 2315 1209 2376 cf.
1258 2316 1439 2376 Prisc.
1487 2315 1606 2375 XII
1645 2317 1726 2376 25
1774 2317 2158 2401 p.ffl592,13;
2211 2315 2354 2377 Lob.
2402 2315 2516 2375 Ειι.
2563 2315 2628 2375 11
2667 2316 2811 2376 238.

925 2423 1027 2499 50,
1049 2424 1086 2482 6
1144 2425 1253 2484 aut
1293 2425 1385 2483 ita.
1429 2421 1744 2483 dicendum
1787 2424 1973 2484 fuisse
2019 2417 2158 2484 ἀλλ’
2207 2419 2420 2485 οὐκέτι
2465 2417 2547 2483 τὰ
2594 2417 2761 2483 ἄλλα
2806 2416 3208 2497 παρατατικά
3254 2425 3359 2483 aut

741 2506 881 2572 ἀλλ’
929 2507 1008 2573 οὐ
1055 2508 1271 2573 πάντα
1314 2508 1395 2573 τὰ
1440 2510 1841 2588 παρατατικά
1900 2516 2104 2574 monet
2148 2513 2360 2592 Uhlig3
2423 2515 2813 2590 posteriorem
2868 2511 3219 2573 emendandi
3262 2533 3357 2572 ra-

739 2603 964 2661 tionem
998 2603 1305 2680 praetulit,
1352 2603 1510 2679 quod
1546 2603 1723 2663 facile
1758 2602 1889 2663 fieri
1924 2605 2126 2681 potuit
2160 2605 2232 2664 ut
2267 2603 2566 2678 librarius,
2611 2603 2716 2681 qui
2753 2602 2929 2664 modo
2968 2595 3108 2662 ἀλλ’
3147 2597 3358 2664 οὐκέτι

745 2694 1082 2770 scripserat,
1125 2691 1284 2751 idem
1328 2692 1384 2750 h.
1423 2693 1461 2751 l.
1499 2695 1807 2770 repeteret.

923 2783 1085 2857 50,?
1136 2781 1210 2841 ad
1258 2782 1391 2843 adv.
1443 2784 1589 2859 138,
1613 2785 1713 2843 20.

918 2866 1148 2943 Ἐγών
1191 2872 1387 2945 forma
1422 2873 1626 2934 dorica
1650 2873 1948 2932 Homerus
1980 2873 2182 2942 utitur,
2220 2874 2324 2933 ubi
2359 2872 2577 2933 vocalis
2612 2872 2997 2946 subsequitur,
3034 2876 3101 2932 ut
3132 2873 3357 2932 hiatum

742 2962 996 3035 expleat;
1040 2961 1179 3021 aliis
1221 2961 1361 3022 loeis
1395 2959 1434 3022 V
1469 2979 1590 3021 non
1624 2963 1792 3022 addit
1828 2954 2220 3044 (quemquam
2255 2964 2479 3023 vocalis
2516 2951 2942 3043 subsequitur),
2988 2966 3055 3021 ut
3089 2963 3358 3022 creticum

739 3053 875 3110 vitet
925 3052 991 3110 in
1044 3055 1451 3111 consonantem
1513 3056 1806 3112 exevmtem
1873 3053 1975 3127 50,
1996 3053 2231 3112 9-17.
2295 3084 2370 3095 -
2437 3052 2591 3111 Sunt
2647 3053 2749 3125 qui
2792 3048 2831 3111 V
2875 3051 3026 3110 illud
3081 3051 3358 3111 naturale

741 3156 861 3199 esse
903 3143 1125 3215 neqent,
1170 3158 1314 3200 nam
1357 3158 1523 3200 omne
1555 3158 1882 3215 pronomen
1925 3142 2092 3216 quod·
2120 3144 2189 3201 in
2222 3144 2428 3217 prima
2471 3144 2536 3201 in
2572 3137 2611 3201 V
2649 3144 2828 3210 exeat,
2867 3141 3111 3200 eandem
3143 3141 3358 3201 habere

739 3231 1199 3289 terminationem
1241 3232 1309 3289 in
1351 3232 1641 3302 nomia,-
1696 3233 1892 3305 itaque
1936 3233 2214 3305 quoniam
2257 3227 2342 3291 τύ
2389 3234 2589 3292 careat
2628 3226 2668 3290 V
2712 3230 2932 3299 littera,
2982 3230 3224 3289 eandem
3265 3247 3356 3290 re-

737 3320 1008 3379 dwndare
1051 3320 1117 3378 in
1162 3313 1358 3390 ἐγών
1407 3321 1810 3395 50,17-20.
1901 3320 1987 3381 At
2044 3321 2354 3381 falluntur.
2445 3321 2605 3380 Nam
2657 3321 2925 3395 primum
2987 3336 3093 3379 cur
3158 3314 3355 3391 ἐγών

729 3410 931 3482 potius
975 3408 1253 3469 abnorme
1284 3411 1577 3484 putatur?
1625 3411 1727 3486 50,
1750 3412 2030 3470 20—22.
2083 3444 2159 3452 —
2209 3411 2441 3470 Deinde
2485 3427 2636 3485 quae
2680 3426 2842 3469 voces
2876 3409 3112 3483 longam
3145 3409 3357 3468 habent

740 3501 1052 3558 extremam
1094 3498 1397 3573 syllabam,
1443 3517 1563 3559 non
1605 3500 1787 3560 solent
1827 3502 2252 3560 redundantem
2285 3497 2324 3560 V
2362 3500 2613 3559 litteram
2647 3516 2942 3559 assumere
2975 3501 3205 3558 notione
3235 3515 3357 3558 non

738 3591 966 3647 mutata
1014 3588 1118 3664 50,
1139 3590 1419 3648 22—24.
1472 3621 1548 3631 —-
1597 3590 1867 3664 Denique
1911 3590 2066 3664 quod
2097 3593 2541 3664 praeceperunt,
2584 3586 2626 3649 V
2659 3591 2897 3664 primae
2929 3604 3089 3662 pers.
3127 3589 3357 3647 servari

735 3678 803 3736 in
859 3678 1143 3747 secunda,
1207 3679 1273 3738 id
1329 3695 1448 3738 non
1505 3679 1660 3739 valet
1708 3681 1829 3739 nisi
1882 3680 1954 3738 de
2010 3680 2092 3738 eis
2145 3695 2295 3752 quae
2350 3680 2590 3737 eandem
2641 3678 2855 3738 habent
2897 3679 3357 3737 terminationem

738 3761 993 3843 (ἐμέθεν
1031 3762 1267 3845 ςέθεν);
1324 3771 1525 3828 contra
1555 3763 1767 3841 -ἐγών
1813 3763 1899 3827 τύ
1946 3770 2011 3827 in
2046 3769 2305 3827 diversos
2338 3770 2489 3841 fines
2523 3769 2798 3828 desinunt
2843 3767 2945 3842 50,
2967 3768 3245 3826 24—26.
3271 3798 3349 3807 -

733 3856 1029 3915 Postremo
1065 3874 1243 3930 quam
1277 3859 1610 3918 desiderant
1642 3855 1680 3918 V
1717 3858 1985 3925 litteram,
2025 3860 2109 3916 est
2140 3859 2206 3916 in
2240 3857 2436 3930 forma
2471 3858 2723 3918 boeotioa
2757 3851 2967 3918 τούν;
3011 3875 3131 3917 non
3166 3856 3357 3934 igitur

735 3945 1032 4005 redundat
1075 3943 1116 4006 V
1160 3947 1224 4005 in
1270 3942 1440 4019 ἐγών
1486 3949 1834 4024 pronomine
1885 3947 1988 4022 50,
2009 3948 2291 4006 26—27.

915 4054 1078 4129 5o‚9
1128 4049 1327 4133 ἐγών]
1373 4053 1518 4112 Am.
1565 4053 1730 4113 dian.
1775 4052 1839 4111 Π
1880 4055 2024 4113 247.
2066 4055 2213 4114 469.
2308 4053 2452 4114 Lob.
2501 4054 2617 4114 nu.
2665 4054 2728 4114 Π
2770 4054 2914 4114 195.

915 4142 1077 4244 50,-9
1135 4138 1428 4219 (Σώφρων
1473 4175 1561 4186 -
1607 4138 1859 4221 ὤψεον]
1921 4143 2067 4203 Ahr.
2113 4144 2275 4203 diali.
2324 4143 2387 4203 H
2436 4145 2583 4221 188,
2605 4145 2661 4205 6.
2710 4146 2838 4204 469
2870 4145 2943 4205 cl.
3038 4142 3244 4206 Choer.
3292 4142 3357 4202 H

741 4232 1124 4397 57'‘⁹’f›]‹':21‚¹11go
1171 4321 1286 4380 EM
1333 4322 1615 4398 314,39;
1673 4320 1779 4382 ne
1828 4323 1976 4399 159,
1997 4323 2109 4399 503
2165 4322 2257 4382 La
2300 4323 2527 4400 rioche,
2572 4323 2629 4382 h.
2676 4323 2743 4382 T.
2788 4324 2945 4399 2323
3007 4322 3233 4383 olemm
3289 4324 3354 4383 in

742 4409 902 4472 curt.
942 4410 1111 4471 stud.
1141 4410 1261 4469 vn
1305 4412 1450 4471 103.

916 4501 1301 4576 50,21—22
1341 4502 1422 4591 με.
1468 4501 1607 4561 Her.
1653 4500 1717 4559 Π
1756 4502 2186 4578 eoum—25
2235 4495 2381 4585 (EM
2429 4493 2730 4584 314‚14).

916 4608 1018 4685 50,
1041 4608 1122 4668 23
1154 4603 1233 4670 οὐ
1261 4603 1684 4673 πλεονάζουςι
1719 4610 1812 4689 τῷ
1836 4605 1876 4669 V
1915 4602 2318 4688 ἀδιαφόρως]
2357 4608 2421 4667 in
2457 4609 2552 4669 his
2589 4608 2838 4670 offendit
2866 4608 3138 4669 Schmidt
3164 4609 3356 4669 Beitr.

738 4699 897 4772 112,
959 4696 1162 4757 dicens
1205 4698 1351 4758 haec
1395 4717 1516 4759 non
1558 4717 1732 4777 posse
1783 4700 1850 4759 in
1908 4698 2284 4759 concordiam
2337 4698 2533 4777 redigi
2587 4718 2720 4759 cum
2773 4699 2928 4774 illis,
2985 4716 3137 4776 quae
3181 4718 3357 4776 pron.

739 4788 842 4862 50,
864 4788 948 4846 10
994 4789 1055 4846 et
1091 4789 1239 4847 coni.
1283 4789 1430 4865 253,
1453 4792 1487 4849 1
1536 4790 1832 4868 leguntur.
1924 4787 2010 4847 At
2053 4787 2304 4850 offendit
2346 4788 2582 4848 iniuria..
2675 4789 2805 4850 Hoc
2852 4789 3011 4847 enim
3055 4788 3363 4866 praecipit

736 4874 878 4951 Ap.:
925 4869 1255 4937 ‘Vocabula
1320 4896 1472 4954 quae
1537 4879 1602 4937 in
1659 4878 1905 4957 longam
1963 4879 2229 4939 vocalem
2286 4878 2384 4937 vel
2437 4877 2872 4957 diphthongum
2927 4881 3167 4954 exeunt,
3232 4897 3359 4938 non

739 4961 1048 5024 abundent
1090 4962 1128 5026 V
1171 4966 1282 5026 illa
1327 4962 1703 5044 ἀδιαφόρως
1747 4970 1786 5029 i.
1824 4988 1872 5028 e.
1919 4986 2040 5029 non
2092 4969 2183 5028 ita
2237 4966 2570 5044 abundant,
2624 4970 2695 5028 ut
2745 4968 2838 5030 vis
2891 4987 3029 5028 non
3089 4970 3365 5030 mutetur
