3738 5530
642 390 763 454 180
1562 392 1741 443 ΠΕΡΙ
1775 391 2332 444 ΕΠῙΡΡΗΜΑΤΩΝ.

1665 500 2208 550 p.592‚2-594,14b

635 600 751 660 τοῦ
814 599 845 660 ῑ·
911 596 1017 660 ἐπὶ
1075 598 1210 661 τῶν
1266 595 1706 673 προκειμένων
1772 595 2047 677 μορίων,
2118 596 2208 660 ὡς
2278 596 2594 661 δείκνυται
2651 597 2755 661 καὶ
2809 596 2880 660 ἐν
2934 602 3027 682 τῷ
3087 599 3232 676 περὶ

637 697 1091 775 ἀντωνυμιῶν,
1159 696 1250 763 ὡς
1309 699 1410 763 καὶ
1463 696 1502 775 ἡ
1562 694 1798 761 οὗτος
1853 696 2253 780 ἀντωνυμία,
2318 702 2711 778 παραχθεῑςα
2772 698 2903 763 ἀπὸ
2958 702 3076 763 τοῦ
3137 700 3232 783 ὅς,

637 798 835 863 λείπει
883 806 974 881 τῷ
1018 803 1082 876 τ,
1140 798 1691 878 ἀποδεικνυμένου
1735 802 1853 861 τοῦ
1897 799 2202 864 τοιούτου
2246 800 2348 863 καὶ
2392 801 2501 865 διὰ
2544 803 2677 864 τῶν
2723 800 3014 876 πλαγίων
3060 803 3232 866 πτώ-
3285 817 3310 856 ⁵

634 922 826 979 ςεων,
883 901 1208 984 τούτου,
1263 901 1551 984 τούτῳ,
1611 901 1713 965 καὶ
1758 900 2107 979 οὐδετέρου
2149 904 2266 965 τοῦ
2311 905 2580 979 τοῦτο,
2633 903 2736 967 καὶ
2778 902 2883 966 διὰ
2925 902 3231 982 Δωρικοῦ

565 1025 596 1073 5
631 1008 745 1068 τοῦ
790 1006 1087 1068 τοῦτοι.
1163 1003 1325 1082 ὅπερ
1371 1002 1470 1067 καὶ
1515 1002 1620 1067 διὰ
1669 1005 1786 1067 τοῦ
1846 1001 2149 1081 ἀρθρικοῦ
2207 1002 2523 1069 δείκνυται
2569 1003 2669 1068 καὶ
2713 1004 2817 1069 διὰ
2860 1009 2976 1069 τοῦ
3022 1004 3228 1070 ἀντω-

632 1109 926 1184 νυμικοῦ·
986 1107 1062 1170 τὸ
1119 1106 1242 1183 γὰρ
1300 1103 1365 1170 οἱ
1420 1104 1540 1168 τοί
1596 1123 1750 1186 φαςι
1795 1108 2108 1187 Δωριεῖς,
2166 1105 2269 1169 καὶ
2322 1106 2399 1170 τὸ
2456 1105 2522 1170 αἱ
2575 1106 2721 1182 ταί,
2778 1106 3052 1171 ταύται
3106 1108 3231 1171 ταὶ

633 1206 865 1287 θύραι
909 1210 1144 1287 μᾶτερ
1190 1203 1446 1289 (Sophr.
1493 1204 1569 1269 fr.
1616 1203 1698 1269 88
1744 1203 2042 1287 Ahrens).
2117 1207 2286 1282 λέγω
2331 1209 2402 1270 δὲ
2447 1205 2556 1271 ὅτε
2601 1208 2758 1271 κατὰ
2802 1211 3227 1288 προτακτικὴν
3283 1223 3332 1260 10

634 1310 801 1374 θέειν
847 1309 976 1373 ἐςτὶ
1018 1310 1093 1373 τὸ
1140 1307 1415 1386 ἄρθρον·
1464 1307 1601 1371 ἐπεὶ
1646 1305 1755 1372 ὅτε
1801 1328 1874 1385 γε
1924 1308 2072 1372 καθ’
2118 1306 2422 1375 ὑπόταξίν
2468 1308 2614 1390 ἐςτι,
2661 1309 2737 1373 τὸ
2777 1313 2815 1374 ῖ-
2856 1308 2935 1374 ού
2965 1310 3227 1375 πάντως

633 1411 1067 1489 προςτίθηςιν,
1115 1410 1252 1474 ἐπεὶ
1296 1410 1523 1491 φυςική
1568 1408 1734 1473 ἐςτιν
1781 1408 1820 1487 ἡ
1866 1408 2206 1474 άπόςταςις
2248 1414 2366 1474 τοῦ
2411 1414 2477 1487 ἶ,
2531 1409 2651 1474 οὐκ
2694 1409 2766 1474 ἐν
2810 1412 2996 1476 πάθει
3040 1432 3225 1487 γενο-

538 1533 599 1581 ιο
634 1512 814 1591 μένη.
892 1511 1045 1576 ὅθεν
1109 1511 1259 1576 οὐδ’
1321 1511 1711 1589 ἐπίμεμπτον
1776 1510 1897 1574 ταὶ
1961 1512 2335 1587 γυναῖκες
2398 1512 2477 1575 αἳ
2540 1512 2683 1576 τάν
2748 1514 2924 1578 θεὸν
2990 1515 3227 1593 φαντὶ

631 1613 912 1681 ἐξελᾶν
959 1611 1242 1694 (Ahrens
1284 1611 1431 1676 dial.
1465 1610 1529 1674 II
1573 1634 1635 1695 p.
1664 1610 1837 1697 468).
1899 1612 2194 1677 ἐτέτακτο
2225 1613 2349 1692 γὰρ
2382 1612 2460 1678 οὐ
2493 1612 2650 1676 κατὰ
2679 1613 3007 1692 πρόταξιν,
3056 1615 3225 1680 ἀλλὰ
3278 1629 3328 1669 1⁶

632 1716 785 1781 καθ’
829 1715 1154 1782 ὑπόταξιν.

802 1919 975 1998 Ἑξῆς
1022 1917 1254 1998 ῥητέον
1300 1917 1401 1981 καὶ
1444 1917 1590 1995 περὶ
1632 1921 1749 1981 τοῦ
1796 1916 2022 1983 οἶκον
2068 1917 2170 1982 δέ.
2202 1956 2286 1966 —-
2329 1919 2426 1984 Τὰ
2469 1920 2585 1998 μὲν
2627 1917 2746 1983 οὖν
2777 1921 3223 1999 προκατειλεγ-

633 2022 793 2101 μένα
837 2020 1257 2100 ἐπιρρήματα,
1302 2018 1510 2083 τύπου
1555 2017 1722 2084 ἰδίου
1767 2018 2068 2113 ἐχόμενα,
2114 2004 2229 2099 τὴν
2274 2019 2361 2086 εἰς
2403 2019 2612 2084 τόπον
2658 2021 2867 2100 ςχέςιν
2910 2021 3222 2104 ἐςήμαινε,

534 2142 597 2188 15
633 2124 1022 2201 παραγωγῆς
1064 2120 1469 2201 τυγχάνοντα
1512 2125 1623 2200 τῆς
1668 2122 1773 2186 διὰ
1814 2125 1932 2185 τοῦ
1975 2124 2078 2185 δε·
2121 2122 2202 2185 τὰ
2248 2121 2468 2201 μέντοι
2510 2126 2791 2199 τοιαῦτα,
2840 2121 3064 2189 οἶκον
3108 2123 3223 2205 δέ,

629 2223 876 2303 ἀγρὸν
923 2225 1036 2306 δέ,
1097 2222 1528 2300 Οὔλυμπον
1574 2221 1685 2298 δέ,
1731 2220 2022 2288 ςύνταξιν
2068 2222 2199 2300 ἔχει
2243 2223 2771 2309 ἑπιρρηματικήν,
2828 2223 2909 2288 οὐ
2952 2227 3074 2304 μὴν
3119 2245 3223 2306 με·
3277 2238 3329 2277 20

632 2327 853 2405 ριςμὸν
907 2327 1024 2392 τὸν
1081 2324 1239 2389 κατὰ
1291 2324 1371 2387 τὰ
1428 2323 1838 2403 ἐπιρρήματα.
1913 2324 2016 2388 καὶ
2076 2325 2200 2405 γὰρ
2256 2326 2331 2389 τὸ
2387 2324 2462 2390 ἐξ
2523 2324 2748 2390 οἴκου
2807 2324 2939 2405 ἔχει
2994 2327 3109 2405 τὴν
3157 2325 3226 2391 ἐκ

627 2426 836 2492 τόπου
882 2426 1206 2506 ςημαςίαν,
1268 2424 1348 2489 οὐ
1403 2426 1526 2503 μήν
1572 2425 1734 2489 ἐςτιν
1781 2424 2095 2505 ἐπίρρημα
2106 2463 2156 2509 ‚·
2182 2426 2340 2507 μέρη
2396 2428 2469 2491 δὲ
2524 2426 2645 2492 δύο
2701 2427 2936 2510 λόγου,
2995 2428 3111 2506 τὴν
3156 2426 3228 2490 ἐκ

629 2529 837 2593 τόπου
895 2529 1100 2607 ςχέςιν
1157 2527 1580 2607 παρἰςτάντα,
1639 2526 1797 2591 καθὸ
1855 2527 2306 2606 ςυνεχέςτερον
2367 2526 2431 2591 αἱ
2481 2528 2842 2608 προθέςεις,
2909 2529 3068 2607 μετὰ
3124 2530 3227 2592 καὶ

528 2648 593 2697 20
630 2628 853 2694 ἄλλων
893 2628 1219 2695 πλειόνων
1264 2629 1783 2708 ςημαινομένων,
1832 2628 1936 2693 καὶ
1977 2629 2450 2710 παρεμφατικαί
2495 2628 2604 2694 εἰςι
2648 2630 2874 2694 τόπου.
2942 2628 2982 2692 ὁ
3026 2628 3223 2694 αὐτὸς
3276 2645 3327 2717 2⁵

632 2732 827 2808 λόγος
871 2732 972 2796 καὶ
1027 2730 1133 2797 ἐπὶ
1186 2734 1305 2796 τοῦ
1363 2730 1444 2797 ἐν
1504 2728 1725 2814 οἴκῳ·
1784 2727 1862 2793 οὐ
1919 2728 2043 2810 γὰρ
2086 2729 2324 2796 ταύτόν
2381 2729 2506 2794 ἐςτι
2550 2736 2640 2815 τῷ
2687 2729 2906 2796 οἴκοθι.
2983 2730 3073 2795 ὡς
3123 2731 3227 2795 καὶ

630 2832 738 2897 ἐπὶ
780 2837 897 2898 τοῦ
942 2837 1085 2898 νῦν
1130 2833 1578 2914 ἐπιρρήματος,
1625 2834 1983 2910 δηλοῦντος
2011 2833 2087 2897 τὸ
2120 2832 2191 2898 ἐν
2219 2832 2435 2916 τούτῳ
2467 2838 2559 2916 τῷ
2592 2832 2829 2914 χρόνῳ,
2870 2832 2952 2896 οὐ
2982 2832 3223 2899 ταύτὸν

630 2934 1000 3013 παράγεται.
1035 2971 1116 2981 -
1161 2933 1561 3012 Ὑπενόηςαν
1608 2934 1674 2998 δ’
1721 2932 1901 3016 ἔνιοι,
1950 2933 2039 2998 ὡς
2085 2933 2157 2997 ἓν
2204 2932 2300 3013 εἴη
2344 2933 2538 3014 μέρος
2583 2934 2788 3008 λόγου
2830 2934 2905 2998 τὸ
2938 2932 3221 3016 οἶκονδέ,

631 3036 700 3101 ἐκ
767 3036 986 3111 λόγων
1043 3035 1387 3100 τοιούτων·
1458 3034 1597 3100 «ὅτι
1661 3034 1820 3098 κατὰ
1873 3034 2019 3112 μίαν
2077 3035 2283 3114 ςχέςιν
2348 3035 2759 3115 ἐκφέρονται,
2826 3034 2989 3115 ὅπερ
3053 3033 3220 3099 ἴδιον
3275 3051 3329 3091 80

528 3155 593 3204 25
630 3137 1105 3217 ἐπιρρημάτων·
1179 3137 1289 3202 ὅτε
1357 3135 1410 3200 εἰ
1477 3134 1765 3215 ὀνόματα
1830 3134 1911 3214 ἦν
1971 3137 2048 3200 τὸ
2111 3135 2404 3220 οἶκονδέ,
2478 3135 2597 3201 οὐκ
2663 3135 2744 3201 ἂν
2810 3136 3220 3203 ἐνεποδίζετο

630 3238 1256 3318 μεταςχηματίζεςθαι
1301 3236 1390 3302 εἰς
1433 3238 1702 3303 πτώςεις
1746 3238 1850 3302 καὶ
1893 3236 2230 3316 ἀριθμούς,
2288 3237 2451 3317 ὅπερ
2505 3237 2855 3318 παρείπετο
2900 3238 3222 3318 ὀμόμαςιν.

628 3375 713 3386 —-
758 3339 820 3403 οἱ
864 3339 1302 3418 ςυμπλεκτικοὶ
1345 3338 1674 3417 ςύνδεςμοι
1718 3338 1806 3403 εἰς
1866 3340 2233 3418 ςυμπλοκὴν
2291 3341 2929 3421 παραλαμβάνονται,
2988 3339 3089 3404 καὶ
3141 3340 3220 3404 οὐ
3258 3356 3363 3407 693

628 3442 807 3519 παρὰ
849 3441 1004 3506 τοὺς
1049 3441 1354 3520 ἀριθμοὺς
1411 3440 1449 3519 ἢ
1494 3442 1610 3505 τὰς
1663 3440 1931 3505 πτώςεις
1989 3439 2281 3518 ἐμπόδιοι
2339 3444 2726 3507 καθεςτᾶςιν·
2781 3441 3043 3521 ἑκάςτης
3098 3441 3221 3520 γὰρ

628 3543 932 3607 πτώςεως
977 3543 1081 3607 καὶ
1126 3542 1369 3607 παντὸς
1414 3540 1684 3621 ἀριθμοῦ
1728 3542 2001 3606 δεκτικοί
2041 3542 2210 3609 εἰςιν.
2273 3541 2346 3608 εὗ
2389 3545 2514 3622 γὰρ
2560 3545 2737 3620 λέγοι
2780 3563 2872 3608 τις
2917 3542 3220 3622 ἀνθρώ-

528 3662 595 3710 30
631 3663 827 3708 πους
870 3644 1008 3722 μὲν
1053 3643 1528 3724 ἐθεαςάμην,
1585 3642 1782 3706 ἄλλα
1839 3642 1921 3706 δὲ
1965 3648 2120 3711 ζῶα
2162 3643 2277 3716 οὔ,
2335 3644 2373 3723 ἢ
2430 3644 2852 3724 ἄνθρωπος
2909 3644 3043 3724 μὲν
3094 3641 3217 3726 ἦν,

630 3744 849 3810 ὅπως
894 3745 975 3809 δὲ
1019 3744 1326 3826 ἀφανὴς
1369 3745 1697 3820 ἐγένετο
1744 3742 1885 3810 οὐκ
1926 3745 2379 3823 ἐπίςταμαι·
2425 3745 2802 3827 ἀδιαφόρως
2832 3746 2957 3824 γὰρ
2988 3745 3219 3825 ἔχουςι,
3274 3771 3303 3810 5

628 3846 775 3911 καθ’
820 3846 1212 3925 οἱανδήποτε
1258 3846 1338 3912 ἂν
1383 3845 1492 3910 ὦςι
1524 3852 1779 3923 πτῶςιν,
1827 3846 2203 3927 ςυμπλέκειν
2234 3848 2338 3912 καὶ
2364 3847 2990 3927 παραλαμβάνεςθαι.
3058 3847 3218 3927 ὅπερ

766 4032 980 4087 Anava.
1069 4037 1129 4084 13
1174 4030 1281 4084 Illa
1323 4030 1383 4084 in
1418 4033 1485 4085 δὲ
1529 4029 1787 4086 derivata
1830 4033 2064 4101 (ἄγραδε
2100 4029 2250 4102 sim.)
2288 4030 2560 4085 adverbia
2592 4032 2746 4095 sunt3
2792 4031 2955 4086 οἶκον
2990 4032 3053 4086 δέ
3086 4046 3220 4085 vero

629 4116 749 4169 sim.
787 4115 1258 4170 constructionem
1286 4114 1513 4184 quidem
1530 4156 1543 4181 ,
1582 4115 1679 4170 sed
1705 4132 1817 4170 non
1841 4115 2081 4170 formam
2104 4116 2319 4170 habent
2341 4113 2743 4171 adverbialem.
2780 4144 2849 4158 --
2883 4122 2949 4171 23
2972 4115 3223 4171 Fuerunt

632 4200 956 4269 autem.qui
991 4200 1218 4254 οἶκονδέ
1254 4216 1425 4254 unam
1462 4216 1656 4254 vocem
1696 4216 1813 4255 esse
1851 4200 2257 4256 exisfimarent.

768 4372 948 4425 Dmcn.
990 4386 1199 4427 scmp‘r.
1259 4375 1307 4424 3.
1343 4373 1429 4438 τῷ
1467 4369 1530 4432 b,
1565 4387 1633 4424 το
1670 4372 1714 4424 Α
1779 4371 1789 4438 Ι
1854 4377 1905 4427 6.
1944 4370 2146 4432 ταύςται
2180 4368 2529 4436 HLAhrens,
2562 4374 2774 4424 ταῦται
2807 4369 2845 4424 b
2897 4372 2907 4436 Ι
2962 4375 3043 4426 10.
3080 4371 3219 4425 θεὸν

631 4457 802 4521 φαντὶ
840 4453 1183 4520 HLAhrens‚
1219 4454 1354 4507 θεόν
1389 4470 1561 4520 φαντι
1595 4452 1633 4507 b
1664 4456 1674 4521 Ι
1709 4459 1786 4507 11.
1823 4454 2020 4523 ἐξελᾷν
2056 4453 2121 4522 b,
2160 4457 2406 4511 *εξελαν
2441 4453 2759 4509 HLAhrens
2788 4458 2798 4520 Ι
2834 4460 2909 4509 14.
2949 4455 3215 4524 ἐχόμενα]

628 4538 726 4592 fol.
764 4545 860 4594 139
886 4541 971 4607 v.1
1020 4543 1234 4592 15-16,
1271 4538 1435 4592 οἷκον
1470 4539 1560 4606 δέ,
1598 4538 1774 4605 ἀγρὸν
1810 4539 1900 4605 δέ,
1939 4539 2248 4604 Οὔλυμπον
2283 4540 2345 4593 δέ
2381 4537 2631 4606 KLehrS,
2667 4539 2920 4607 οἶκόνδε,
2960 4540 3217 4607 ἀγρόνδε,

632 4623 1008 4690 Οὔλυμπόνδε
1043 4622 1107 4686 b,
1144 4640 1301 4678 οικον
1337 4625 1398 4676 δε
1434 4639 1580 4676 nunc
1617 4638 1776 4680 evan.
1811 4621 1871 4675 in
1906 4625 1950 4677 Α
1991 4623 2001 4688 Ι
2040 4628 2122 4678 25.
2160 4624 2260 4678 ὅτε
2295 4621 2359 4689 b,
2397 4640 2485 4677 οτι
2521 4623 2601 4690 ΑΙ
2646 4628 2729 4677 28.
2770 4627 3085 4679 καθιςταςιν
3121 4626 3165 4678 Α
3206 4624 3214 4692 Ι

628 4712 711 4761 29.
748 4708 811 4762 εὖ
847 4709 954 4775 γὰρ
993 4708 1148 4773 λέγοι
1181 4723 1265 4761 τις
1302 4705 1693 4772 RSkrzeczka‚
1739 4706 1787 4760 εἰ
1831 4707 1939 4775 γὰρ
1976 4706 2129 4772 λέγοι
2166 4723 2248 4762 τις
2286 4709 2330 4763 Α
2368 4709 2428 4761 et
2462 4707 2498 4761 b
2534 4707 2594 4760 in
2629 4708 2817 4775 textu,
2863 4707 2946 4762 ‘R
2984 4711 3073 4763 καὶ
3111 4709 3218 4774 γὰρ

630 4792 776 4855 λέγει
817 4799 923 4847 τις’
969 4792 1007 4845 b
1052 4791 1111 4844 in
1160 4806 1275 4844 var.
1322 4790 1478 4855 lect„
1537 4791 1790 4856 εὐλόγως
1834 4793 1941 4859 γὰρ
1988 4792 2142 4857 λέγοι
2188 4809 2272 4847 τις
2308 4791 2402 4846 vel
2437 4793 2585 4857 εἴγε
2623 4792 2852 4858 λέγεται
2888 4791 3165 4846 GDronke
3207 4793 3215 4860 1

629 4881 714 4932 30.
752 4877 787 4944 ἢ
826 4877 870 4931 Α
908 4877 968 4930 et
1000 4876 1037 4928 b
1072 4874 1131 4927 in
1167 4876 1351 4940 textu,
1388 4876 1478 4929 καὶ
1514 4872 1552 4927 b
1587 4874 1646 4927 in
1681 4890 1797 4933 var.
1832 4873 1964 4932 lect.
1996 4876 2006 4946 Ι
2036 4881 2118 4931 82.
2155 4881 2369 4931 πτῶςιν
2405 4875 2742 4946 (ὀνόματα)
2779 4874 3058 4931 GDronke
