3738 5530
513 320 958 378 Commentarius
985 321 1214 377 criticus
1243 324 1302 377 et
1328 322 1651 393 exegeticus
1679 322 1738 377 in
1767 322 2058 393 Apollonii
2086 322 2316 393 Dyscoli
2345 324 2556 394 scripta
2584 323 2816 378 minora.
2898 326 3021 389 1'17

580 490 925 569 Sequuntur
977 491 1101 551 iam
1156 494 1510 571 argumenta
1564 511 1794 566 eorum,
1851 493 1955 568 qui
2007 495 2072 552 in
2128 493 2489 553 contrariam
2540 496 2774 570 partem
2819 493 3018 571 dispu-

398 585 599 643 tantes
673 582 911 641 dualem
983 581 1274 641 secundae
1346 599 1495 658 pers.
1562 601 1595 641 e
1657 582 1874 642 tertiae
1946 581 2113 641 duali
2185 584 2383 643 ortum
2456 600 2582 643 esse
2654 583 3019 643 contendunt

403 674 507 747 90,
530 673 812 746 20—92,
834 672 889 731 5.
982 670 1249 730 Primum
1300 674 1715 750 argumentum
1775 661 1845 751 α)
1894 665 2210 747 ‘Quoniam
2254 669 2341 747 (ἶ)
2390 673 2612 732 litterae
2655 675 2842 732 initiis
2876 691 3018 747 pro·

397 764 704 820 nemimem
748 762 950 820 tertiae
984 778 1143 835 pers.
1173 763 1460 836 propriae
1502 765 1642 821 sunt
1680 758 1877 838 (εφᾶε
1914 760 2097 837 (φῶν
2135 756 2343 836 (φίειν
2381 757 2530 837 εφίν
2568 758 2704 837 (φέ,
2752 762 2830 822 ad
2865 783 3019 839 quae

401 850 690 910 accedunt
727 845 904 925 (φωέ
950 845 1187 927 (φωίν)
1234 854 1481 926 apparet
1524 851 1724 911 dualis
1770 852 1973 910 tertiae
2005 868 2167 925 pers.
2211 851 2438 924 formas
2481 854 2733 920 nativas,
2780 853 3019 926 ideoque

396 942 624 1014 formas
667 940 956 1000 semmdae
993 956 1062 1000 ex
1107 941 1191 999 eis
1229 943 1390 999 ortas
1440 957 1574 999 esse.
1648 939 1926 999 Alterum
1971 943 2403 1018 argumentum.
2481 931 2545 1021 β)
2592 941 2893 1001 Inclinata
2938 946 3021 1002 est

397 1030 502 1089 ubi
545 1033 694 1089 recto
741 1032 870 1089 tono
906 1029 1328 1103 proferantur,·
1371 1031 1458 1088 ita
1502 1030 1584 1090 ad
1629 1025 1873 1104 εφωίν
1908 1030 2257 1089 inclinatum
2289 1031 2545 1104 pertinet
2589 1028 2830 1105 εφῶιν
2867 1034 3015 1090 recto

401 1123 531 1178 tono
567 1119 896 1193 prolatum,
943 1119 1097 1192 quod
1140 1118 1429 1179 secemdae
1472 1136 1632 1193 pers.
1671 1119 1951 1178 tributum
1996 1123 2077 1178 est
2125 1120 2228 1194 90,
2249 1120 2531 1194 20-91,
2554 1113 2634 1177 2.’
2716 1117 2879 1188 Quae
2925 1139 3015 1179 re·

399 1208 704 1268 falluntur.
776 1208 1048 1267 Primum
1089 1225 1209 1266 non
1253 1208 1382 1267 licet
1423 1210 1561 1267 usui
1602 1209 1853 1268 nimiam
1898 1210 2285 1268 emistantiam
2328 1209 2630 1268 obtrudere
2674 1200 2741 1290 (i.
2771 1227 2819 1268 e.
2859 1209 3017 1285 quod

399 1297 708 1375 complura
758 1298 975 1356 tertiae
1018 1315 1169 1373 pers.
1215 1298 1571 1373 pronomina
1616 1316 1655 1356 a
1698 1297 1917 1357 litteris
1964 1294 2052 1373 ὦ
2098 1297 2420 1378 incipiunt,
2466 1316 2585 1357 non
2631 1299 2901 1374 sequitur
2944 1301 3013 1357 ut

400 1405 803 1464 quaecumque
849 1406 886 1446 a
932 1383 1020 1462 ῖῷ
1066 1385 1377 1446 ordiuntur
1424 1389 1530 1446 aut
1571 1388 1787 1447 tertiae
1833 1388 2212 1465 assignentur
2256 1388 2364 1446 aut
2409 1406 2443 1446 e
2486 1388 2668 1447 tertia
2705 1390 2843 1446 orta
2888 1406 3013 1447 esse

397 1467 726 1557 putentur).
817 1474 1049 1536 Deinde
1100 1477 1235 1549 fieri
1286 1493 1406 1535 non
1448 1478 1644 1551 potuit
1686 1478 1829 1550 quin
1869 1479 2109 1551 primae
2153 1477 2549 1550 semmdaeque
2582 1494 2742 1551 pers.
2787 1478 3016 1550 fmrmae

399 1571 647 1626 erectum
691 1570 890 1626 tonum
932 1570 1263 1636 servarent;
1315 1567 1519 1642 itaque
1575 1584 1647 1625 ex
1692 1569 1937 1625 accentu
1990 1565 2143 1625 nihil
2188 1565 2391 1644 colligi
2436 1569 2649 1643 potest.
2745 1566 2898 1626 Tum
2940 1584 3014 1626 ne

396 1658 624 1730 somme
667 1656 899 1730 quidem
944 1649 1149 1729 εφωέ
1196 1659 1249 1713 et
1293 1654 1485 1731 (φῶι
1531 1660 1868 1730 οοπρναωιι.
1944 1655 2213 1729 Denique
2250 1651 2490 1730 εφωίν
2526 1656 2714 1716 solum
2749 1656 3013 1716 dativum

397 1747 708 1820 siquifteat,
756 1762 886 1803 mom
933 1742 1172 1819 εφῶιν
1219 1746 1296 1803 sit
1333 1746 1635 1818 yenativus
1682 1749 1733 1803 et
1775 1745 2013 1804 dativus
2062 1745 2165 1819 91,
2188 1746 2420 1804 2-20,

580 1853 742 1926 91,3
793 1845 887 1911 Οὐ
934 1849 1032 1911 δεῖ
1071 1882 1153 1891 -
1195 1844 1536 1931 βιάζεεθαι]
1584 1871 1636 1910 v.
1683 1851 2095 1928 paraphrasin.

580 1941 741 2015 91,5
791 1934 1060 2018 εἴρηται]
1107 1959 1274 2016 pron.
1317 1941 1420 2015 38,
1442 1941 1495 1998 9.
1549 1942 1785 2016 76,27;
1830 1943 1986 2017 synt.
2030 1942 2296 2016 134,13.

580 2033 682 2105 91,
703 2031 922 2090 6-20
965 2029 1114 2088 haec
1148 2029 1342 2089 delere
1379 2029 1591 2091 Matth.
1620 2030 1683 2089 Π
1713 2031 1844 2089 640
1879 2031 2004 2089 iam
2049 2049 2230 2107 supra
2266 2029 2343 2089 ad
2382 2031 2486 2105 89,
2510 2031 2589 2090 19
2638 2028 2865 2090 dictum
2902 2033 3007 2090 est.

581 2120 787 2195 91‚16
838 2114 910 2179 ἐν
956 2114 1275 2192 εχήματοε
1320 2114 1477 2197 ἔθει]
1526 2118 1605 2179 ad
1647 2138 1813 2196 pron.
1858 2120 2085 2194 54,1s.

579 2210 786 2284 91,1s
837 2209 908 2267 cf.
947 2227 1112 2286 pron.
1155 2210 1260 2284 49,
1281 2209 1338 2267 3.
1390 2210 1491 2284 54,
1516 2210 1615 2268 20.

576 2314 746 2385 Quod
793 2333 975 2392 supra
1028 2314 1254 2374 dictum
1308 2317 1425 2390 est,
1480 2310 1686 2389 (φωίν
1732 2315 1927 2374 solum
1981 2315 2254 2375 dativum
2308 2314 2669 2392 significare,
2730 2309 3013 2386 ‘mirmn',

396 2407 688 2479 inquiunt,
735 2399 876 2463 ‘non
923 2408 1004 2463 est
1017 2450 1033 2472 ,
1094 2406 1371 2478 quoniam
1411 2404 1643 2463 nullum
1687 2408 1872 2464 exstat
1902 2406 2300 2479 possessivum
2343 2405 2543 2464 dualis
2588 2407 2789 2463 tertiae
2798 2426 2820 2476 ;
2872 2423 3017 2464 nam

395 2499 464 2554 ut
506 2512 547 2554 a
587 2497 845 2569 yenetivo
891 2492 1076 2553 νῶιν
1132 2489 1524 2567 νωίτεροε,
1591 2512 1627 2552 a
1683 2492 1924 2568 (φῶιν
1979 2489 2401 2568 (φωίτεροε
2455 2494 2784 2562 derivatur,
2846 2496 2930 2553 ita
2976 2513 3016 2553 a

394 2585 653 2658 ymetivo
699 2583 896 2643 dualis
943 2584 1144 2643 tertiae
1177 2601 1335 2656 pers.
1377 2574 1455 2663 (si
1493 2573 1777 2662 exstaret)
1815 2585 2213 2657 possessivum
2256 2583 2647 2653 descenderet‚·
2693 2585 2856 2656 atqui
2898 2600 3017 2642 non

398 2674 717 2733 deseendit:
780 2689 912 2747 erqo
967 2675 1412 2732 consentaneum
1458 2676 1539 2731 est
1577 2674 1904 2747 yenetivum
1946 2689 2065 2731 non
2111 2665 2375 2731 exstare'.
2469 2671 2690 2746 Quibus
2732 2673 2874 2732 haec
2916 2691 3015 2746 op·

385 2767 710 2839 ponuntur.
801 2761 869 2822 Si
913 2779 1224 2837 parayoya
1276 2762 1711 2837 desiderantur,
1755 2780 1875 2821 non
1919 2763 2178 2838 sequitur
2220 2765 2287 2821 ut
2320 2762 2657 2835 primitiva,
2719 2779 2757 2821 a
2803 2761 3016 2839 quibus

398 2853 654 2913 derivari
709 2854 986 2929 possunt,
1043 2854 1180 2926 ipsa
1233 2869 1455 2926 quoque
1508 2852 1922 2912 desiderentur.
2014 2850 2387 2928 Quamquam
2441 2869 2515 2909 ne
2571 2869 2721 2928 opus
2777 2851 3017 2927 quidem

397 2944 488 3002 est
521 2942 676 3001 hanc
711 2959 952 3002 causam
989 2941 1216 3015 afferre,
1254 2960 1397 3001 nam
1429 2942 1649 3000 mirum
1680 2957 1801 3000 non
1838 2944 1922 3001 est
1952 2943 2350 3023 possessivum
2382 2941 2536 3009 illicd
2579 2942 2773 3000 deesse
2782 2962 2804 3011 ,·
2849 2958 3017 3001 omne

397 3034 551 3091 enim
583 3048 910 3105 pronomen
953 3032 1340 3090 derivatim
1384 3048 1415 3090 e
1437 3032 1741 3104 primitivo
1786 3030 2079 3090 orthotom
2123 3032 2270 3090 oriri
2314 3030 2485 3101 solet;
2533 3025 2766 3105 (φωίν
2812 3034 3015 3090 autem

395 3138 621 3195 semper
662 3121 983 3180 inclinatur
1030 3121 1512 3194 91,21-92,5.
2670 3200 2679 3207 .

578 3229 679 3304 91,
701 3228 960 3287 21—25
998 3228 1054 3286 h.
1076 3227 1113 3285 l.
1152 3225 1478 3287 notabilem
1506 3244 1631 3286 esse
1660 3226 1806 3286 dicit
1834 3224 1958 3286 ska
1985 3225 2016 3284 I
2047 3228 2148 3303 21,
2170 3227 2256 3286 60
2293 3227 2435 3302 quia
2469 3225 2616 3285 haec
2654 3245 2725 3285 ex
2763 3226 3015 3286 aliorum

393 3320 592 3377 mente
638 3317 801 3376 dicta
845 3334 970 3377 esse
1015 3335 1135 3376 non
1177 3318 1347 3392 prius
1394 3316 1799 3394 cognoscimus
1848 3335 2028 3392 quam
2073 3316 2109 3374 l.
2155 3317 2264 3391 253
2309 3317 2681 3393 maximeque
2720 3315 3015 3376 offendere

393 3406 754 3485 particulam
800 3402 902 3466 καί
950 3399 1014 3488 (l.
1058 3396 1188 3486 21).
1278 3404 1501 3465 Verum
1556 3401 1657 3466 καί
1701 3404 1857 3464 illud
1910 3405 2092 3465 habet
2136 3424 2255 3482 quo
2300 3408 2626 3479 excusetur,
2680 3424 2819 3464 nam
2864 3406 3012 3466 haec

393 3495 577 3557 verba
621 3495 940 3555 eorundem
986 3498 1127 3554 sunt
1170 3512 1320 3571 quos
1366 3497 1544 3555 antea
1587 3493 1681 3554 bis
1726 3494 2099 3572 disputantes
2148 3496 2293 3554 fecit
2336 3495 2468 3572 Ap„
2515 3514 2771 3572 quorum
2817 3498 3008 3555 oratio

394 3585 796 3660 continuatur,
844 3585 1016 3662 quasi
1061 3602 1181 3643 non
1230 3586 1311 3643 sit
1354 3583 1706 3660 interrupta.

577 3677 679 3749 91,
703 3676 783 3734 23
823 3669 913 3734 ὼε
949 3670 1094 3734 καὶ.
1126 3668 1455 3753 .ἐγίνετο]
1494 3674 1794 3734 omittitur
1830 3666 1913 3733 ἄν
1959 3675 2031 3732 cf.
2069 3693 2233 3751 pron.
2270 3675 2373 3750 12,
2397 3675 2495 3732 20.
2549 3674 2653 3749 31,
2677 3675 2774 3734 19.
2827 3675 2930 3748 32,
2954 3675 3007 3733 1

400 3767 501 3840 70,
523 3765 605 3823 24
637 3764 735 3823 all.
784 3766 844 3823 et
888 3720 1196 3823 comment.
1246 3763 1318 3822 de
1362 3763 1475 3840 Ap.
1524 3766 1781 3824 consuet.
1828 3763 2042 3823 Matth.
2080 3763 2109 3820 I
2162 3765 2239 3822 76
2290 3758 2380 3823 ὼε
2427 3756 2563 3822 κᾶν.

576 3855 678 3927 92,
700 3854 737 3912 3
788 3848 951 3931 ἐπεὶ]
1000 3853 1296 3912 sententia
1342 3856 1480 3912 ante
1527 3848 1666 3914 ἐπεὶ
1702 3852 2035 3930 supplenda
2071 3856 2187 3927 est;
2232 3872 2286 3910 v.
2324 3851 2721 3929 paraphrasin
2759 3854 2821 3912 et
2857 3871 3011 3929 quae

395 3943 472 4002 ad
524 3944 727 4018 14,13
778 3941 1088 4013 adnotavi3
1136 3937 1358 4002 ἔπειτα
1401 3941 1683 4003 Hoersch.
1725 3942 1872 4001 373.

577 4033 737 4107 92,5
797 4025 1065 4110 εἴρηται]
1120 4050 1285 4109 pron.
1337 4032 1440 4105 36,
1463 4032 1574 4106 273
1636 4030 1708 4090 cf.
1765 4049 1935 4107 pron.
1989 4032 2273 4107 102‚11;
2338 4033 2492 4107 synt.
2546 4030 3013 4106 183,17—25;

395 4121 536 4181 Her.
576 4120 607 4179 Ι
654 4122 804 4195 478,
825 4122 924 4180 23.

576 4220 640 4309 δ)
689 4227 778 4287 De
825 4221 1049 4287 ἐκείνω
1095 4222 1306 4287 τούτω
1354 4221 1522 4286 τώδε
1569 4225 1791 4285 formis.

571 4319 664 4376 De
719 4321 956 4376 accentu
1010 4312 1300 4386 ἐκείνω,
1361 4311 1607 4376 τούτω
1661 4316 1994 4388 formarum
2046 4317 2194 4375 nihil
2247 4318 2598 4376 monendum
2645 4319 2757 4387 est,·
2817 4310 3014 4376 τώδε

391 4411 586 4467 autem
622 4398 769 4488 (non
805 4398 1001 4487 τῶδε)
1039 4406 1279 4481 quidam
1315 4423 1445 4463 eam
1479 4407 1547 4464 ob
1585 4422 1828 4464 emisam
1862 4406 2039 4465 scribi
2084 4411 2327 4473 censent,
2374 4409 2440 4464 ut
2485 4424 2525 4464 a
2570 4407 2766 4465 dativo
2812 4408 3012 4479 sinqu-

390 4497 539 4555 laris
583 4491 809 4575 (τῷδε)
855 4497 1265 4570 distinguatur.
1360 4494 1522 4569 Quae
1574 4512 1758 4554 causa
1809 4495 2003 4568 futilis
2058 4497 2152 4553 est.
2250 4494 2503 4555 Centena
2564 4495 2722 4554 enim
2767 4494 3011 4554 notione

391 4585 629 4645 diversa
670 4585 865 4644 forma
909 4586 1266 4644 conveniunt.
1344 4577 1637 4651 ‘Deinde'‚
1684 4583 1981 4660 inquiunt,
2028 4577 2153 4644 ‘ubi
2196 4586 2425 4659 syllaba
2471 4586 2661 4645 brevis
2706 4586 2834 4644 sine
2880 4587 3012 4643 tono

389 4677 667 4750 sequitur,
731 4677 864 4746 fieri
923 4690 1044 4734 non
1095 4675 1285 4748 potest
1343 4676 1410 4731 ut
1463 4672 1693 4746 syllaba
1747 4674 1920 4747 longa
1974 4677 2141 4732 acuto
2203 4676 2476 4749 siqnetur.
2581 4673 2746 4748 Eryo
2812 4671 3008 4735 τῶδε

389 4764 758 4825 scribendum
794 4757 915 4823 est'.
995 4762 1111 4823 Sed
1142 4762 1298 4836 fuyit
1333 4778 1426 4820 eos
1468 4762 1695 4834 formas
1731 4763 2122 4836 amplificatas
2159 4765 2413 4824 eumdum
2457 4766 2757 4824 accentum
2799 4762 3012 4823 habere

390 4856 565 4928 atque
606 4855 873 4924 nativas;
925 4852 1349 4928 amplificatum
1393 4854 1590 4911 autem
1636 4868 1756 4912 esse
1800 4847 2020 4923 τώδε,
2068 4852 2157 4912 vel
2202 4870 2272 4911 ea
2319 4870 2387 4912 ex
2427 4871 2495 4913 re
2538 4856 2812 4929 apparet,
2860 4854 3015 4928 quod

392 4961 468 5020 ab
513 4962 784 5021 anteriore
816 4962 993 5034 parte
1037 4951 1103 5041 (i.
1147 4979 1192 5018 e.
1242 4959 1380 5017 ante
1426 4936 1527 5040 ἴὲ)
1575 4959 1899 5019 declinatur
1948 4959 2049 5033 92,
2070 4960 2303 5019 6—19.
