3738 5530
1575 336 1673 386 DE
1711 334 2180 388 CAvsAvas.
3041 336 3170 402 245

579 540 998 620 γεγραφέναι,
1070 538 1227 604 ὥςτε
1291 537 1637 618 ἑνήργηςεν
1703 538 1825 617 ἤδη
1885 543 1961 606 τὸ
2029 542 2285 621 ἔγραψα
2351 543 2454 606 καὶ
2506 538 2708 604 αἰτίαν
2763 541 2907 604 κατ’
2963 540 3162 607 αὐτοῦ

503 659 528 698 ⁵
579 644 890 722 ἐπήγαγε·
954 643 1029 706 τὸ
1087 643 1304 723 μέντοι
1349 640 1521 705 οὕτω
1579 641 1933 721 λεγόμενον
1986 644 2122 707 δὸς
2177 644 2306 708 ἵνα
2356 644 2634 722 γράψω
2681 641 2866 706 οὔπω
2910 643 3163 727 γέγονε,

575 746 779 835 τόδδὲ
835 744 914 823 μὴ
972 745 1245 818 γεγονὸς
1304 743 1652 825 μέλλοντός
1709 744 1875 808 ἐςτιν
1923 745 2440 810 ἀποτελεςτικόν·
2499 744 2795 824 μέλλοντι
2852 743 2977 823 ἄρα
3021 765 3164 810 ςυν-

574 846 872 911 τάςςεται.
918 882 999 892 -
1045 846 1236 924 χωρὶς
1282 845 1337 909 εἰ
1381 845 1461 924 μὴ
1509 844 1682 908 οὕτω
1728 846 2093 925 νοήςαιμεν.
2140 848 2252 911 δὸς
2294 846 2402 912 ἵνα
2448 847 2519 912 ἐν
2563 847 2877 911 τελειώςει
2907 846 3165 927 γένηται

574 950 651 1012 τὸ
710 948 970 1026 γράψαι.
1043 944 1206 1026 ὅπερ
1262 946 1437 1026 οἶμαι
1498 946 1766 1027 βέλτιον.
1844 949 1947 1012 καὶ
2000 949 2121 1026 γὰρ
2181 949 2218 1012 6
2274 947 2406 1013 ἀπὸ
2462 953 2593 1013 τῶν
2650 952 2896 1028 φωνῶν
2947 951 3163 1015 κανὼν
3201 970 3232 1019 5

477 1070 525 1107 ιο
577 1049 885 1128 ὁμολογεῖ
937 1048 1052 1113 τὸν
1113 1048 1436 1128 ἀόριςτον,
1493 1048 1776 1113 τουτέςτι
1834 1048 1952 1114 τὸν
2010 1052 2508 1134 παρῳχημένον,
2564 1048 2696 1126 εἴγε
2741 1056 2908 1129 κερῶ
2965 1053 3079 1130 μὲν
3126 1051 3163 1116 6
3216 1071 3221 1076 ’

574 1152 857 1228 μέλλων,
903 1150 1111 1229 ἔκειρα
1156 1152 1226 1214 δὲ
1271 1149 1308 1213 6
1356 1148 1661 1229 ἀόριςτος,
1711 1150 1808 1214 καὶ
1855 1150 1934 1213 οὔ
1981 1171 2194 1230 φαμεν
2241 1152 2375 1215 δὸς
2417 1151 2550 1216 ἵνα
2595 1155 2795 1231 κερῶ
2842 1152 2992 1216 ἀλλ’
3034 1153 3166 1219 ἵνα

574 1252 824 1331 κείρω.
902 1254 1004 1315 καὶ
1060 1251 1097 1316 6
1154 1253 1449 1330 Δωριεὺς
1504 1253 1678 1326 τοὺς,
1713 1252 2066 1329 μέλλοντας
2123 1259 2480 1332 περιςπῶν,
2552 1252 2765 1318 οὐκέτι
2823 1254 2925 1318 ἐπὶ
2977 1258 3165 1332 τῆςδε

573 1359 684 1431 τῆς
744 1354 1098 1419 ςυντάξεως
1154 1354 1597 1432 περιέςπαςεν·
1654 1352 1810 1431 ἦςαν
1867 1356 1991 1431 γὰρ
2049 1354 2111 1417 αἱ
2169 1356 2385 1433 φωναὶ
2430 1355 2509 1419 οὐ
2562 1357 2940 1439 μέλλοντος,
2998 1354 3165 1421 ἀλλὰ

477 1475 521 1512 ¹⁵
574 1455 894 1533 ἀορίςτου.
961 1455 1252 1520 πλείςτας
1308 1454 1439 1533 ἔχω
1496 1454 1777 1519 ἐκθέςθαι
1833 1455 1923 1520 εἰς
1979 1457 2092 1521 τὸν
2158 1460 2458 1523 τοιοῦτον
2516 1458 2715 1532 λόγον
2770 1458 3163 1539 παραθέςεις,
3204 1479 3266 1527 10

574 1557 647 1620 ἃς
705 1558 775 1620 ἐν
831 1559 969 1621 τοῖς
1024 1557 1169 1635 περὶ
1232 1557 1669 1621 ὑποτακτικῶν
1715 1556 2185 1636 παραθήςομαι,
2246 1558 2316 1623 ἐν
2373 1551 2471 1622 οἷς
2530 1559 2632 1623 καὶ
2674 1560 2790 1636 τὴν
2840 1561 3163 1638 διαφορὰν

572 1659 907 1739 ἐκθήςομαι
952 1661 1062 1736 τῆς
1108 1659 1506 1735 καταλήξεως
1549 1662 1679 1723 τῶν
1726 1646 2183 1735 ὑποτακτικῶν,
2230 1660 2330 1723 καὶ
2377 1660 2467 1723 ὡς
2514 1659 2599 1725 εἰς
2647 1660 2793 1740 μίαν
2826 1661 3162 1739 κατάληξιν

573 1761 784 1824 πάντα
840 1761 1211 1837 ςυνέωςται,
1281 1761 1450 1835 λέγω
1506 1761 1622 1838 τὴν
1679 1758 1765 1824 εἰς
1809 1765 1899 1825 ὦ.
1975 1759 2161 1825 ἔνθεν
2226 1762 2350 1841 γὰρ
2407 1762 2506 1826 καὶ
2563 1762 2599 1840 ἡ
2667 1761 2991 1841 ὑπόληψις
3046 1768 3163 1827 τοῦ

575 1863 707 1928 ἵνα
749 1863 1054 1942 γράψω,
1105 1862 1202 1925 ὅτι
1247 1863 1348 1926 καὶ
1391 1862 1792 1945 μέλλοντος..

471 1984 521 2022 20
741 1964 931 2028 Ἴδιόν
989 1985 1047 2027 τι
1101 1964 1626 2043 παρηκολούθηςε
1682 1967 1817 2028 τοῖς
1874 1970 2320 2043 ςυνεμπεςοῦςι
2378 1963 2746 2045 ςυνδέςμοις
2813 1965 3164 2033 αἰτιώδεςιν
3206 1984 3266 2033 15

572 2115 994 2129 .....
1083 2065 1457 2145 ἐπιρρήμαςι
1521 2068 1845 2144 χρονικοῖς
1910 2067 1949 2143 ἢ
2015 2070 2319 2131 τοπικοῖς.
2420 2087 2682 2147 ςυνεμπι
2782 2117 2795 2132 .
2896 2117 2908 2130 .
3012 2117 3023 2129 .
3122 2069 3161 2147 ἡ

570 2166 914 2233 ἀπόδειξις.
988 2169 1084 2231 καὶ
1141 2166 1258 2231 οὐκ
1315 2167 1631 2232 ἀπίθανον
1689 2166 1875 2231 ἕνεκα
1933 2169 2171 2232 τούτου
2226 2168 2326 2231 καὶ
2384 2168 2538 2251 <τὸν
2585 2167 2796 2251 ἑπεί>,
2854 2169 3161 2234 αἰτιωδῶς

570 2269 1267 2351 παραλαμβανόμενον,
1312 2269 1482 2348 ἔχειν
1530 2270 1831 2349 χρονικόν
1877 2269 2428 2350 παρα<κείμενον>
2474 2269 2813 2353 ἐπίρρημα,

470 2389 519 2427 25
825 2370 964 2434 ἐπεὶ
1008 2373 1083 2448 δὴ
1131 2370 1272 2436 λίπε
1319 2375 1501 2451 δῶμα
1549 2370 1892 2449 Καλυψοῦς
1936 2371 2243 2448 ἠυκόμοιο
2289 2373 2354 2448 (θ
2398 2370 2581 2450 452),

1130 2474 1269 2536 ἐπεὶ
1312 2473 1543 2552 Τροίης
1585 2471 1765 2550 ἱερὸν
1810 2472 2194 2549 πτολίεθρον
2242 2473 2507 2549 ἔπερςεν
2557 2475 2623 2550 (α
2666 2473 2751 2553 2).
3195 2491 3262 2539 20

572 2575 695 2639 ἕςτι
741 2576 812 2639 δὲ
856 2574 973 2638 κάκ
1015 2574 1131 2638 τοῦ
1179 2574 1318 2653 βίου
1349 2576 1694 2656 τοια<ὓτα>
1726 2574 2158 2651 τεκμήραςθαι.
2220 2572 2256 2636 6
2305 2577 2529 2637 δεῖνα
2574 2574 2869 2650 ἀγαθός
2915 2575 3156 2652 ἐςτιν,

571 2675 775 2740 ὅπου
819 2695 902 2750 γε
950 2677 1165 2755 φιλεῖ
1209 2677 1395 2741 τοὺς
1441 2675 1890 2757 άγ<αθούς>·
1934 2673 2073 2739 ἰ’ςον
2118 2675 2241 2753 γὰρ
2286 2679 2377 2756 τῷ
2426 2675 2562 2738 ἐπεὶ
2603 2678 2777 2754 φιλεῖ
2804 2676 2957 2739 τοὺς
3003 2675 3157 2752 ἀγα-

469 2796 519 2834 :20
571 2778 752 2853 θούς,
812 2779 849 2855 ἢ
907 2778 1004 2843 ὅτι
1060 2780 1235 2858 φιλεῖ
1276 2780 1429 2842 τοὺς
1489 2777 1801 2853 ἀγαθούς·
1878 2776 2004 2841 ὅτε
2062 2777 2422 2841 ἀπέδωκε
2476 2779 2613 2855 τὴν
2658 2779 3156 2862 παραθήκην,

571 2877 812 2943 ὁπότε
878 2900 962 2956 γε
1028 2882 1486 2959 φιλοπονεῑ.
1545 2914 1622 2924 -
1694 2878 1787 2941 Οὐ
1843 2878 1966 2956 μὴν
2023 2877 2232 2944 ἐκεῖνό
2288 2898 2362 2953 γε
2420 2879 2679 2955 ἀληθές,
2751 2882 2840 2945 ὡς
2904 2881 2982 2944 τὰ
3042 2882 3157 2960 μὲν

571 2983 1020 3060 μονοςύλλαβα
1063 2984 1195 3044 τῶν
1241 2980 1707 3059 ἐπιρρημάτων,
1755 2981 2267 3058 ςυνεμπίπτοντα
2309 2980 2693 3059 ςυνδέςμοις,
2739 2984 3158 3061 παραλλαγὴν
3194 2998 3260 3047 25

437 3100 539 3148 513
575 3081 730 3161 ἴςχει
775 3083 990 3158 τόνου,
1038 3085 1170 3146 τῶν
1218 3084 1297 3162 μὴ
1345 3082 1550 3147 οὕτως
1597 3083 1883 3160 ἐχόντων
1928 3082 2044 3146 τὸν
2090 3082 2287 3146 αὐτὸν
2332 3083 2532 3146 τόνον
2579 3082 2972 3162 τηρούντων.
3040 3085 3156 3149 «τὸ

571 3184 694 3262 γὰρ
740 3190 868 3249 ποῦ
913 3190 1350 3263 περιςπῶμεν,
1397 3183 1549 3248 ἀλλ’
1593 3184 1804 3247 οὐκέτι
1849 3183 1920 3247 ἐν
1965 3188 2057 3264 τῷ

707 3418 920 3471 Anava.
988 3424 1020 3470 4
1066 3419 1417 3486 Quamquam
1462 3420 1716 3487 praestat
1758 3416 1928 3471 etiam
1975 3416 2032 3470 iu
2079 3417 2165 3470 his
2209 3418 2305 3472 66c
2349 3419 2444 3472 ἵνα
2486 3420 2691 3486 γράψω
2740 3420 3157 3475 coniunctivum

569 3503 759 3555 aoristi
807 3502 1165 3571 intellegere,
1218 3502 1387 3570 idque
1433 3502 1558 3555 aliie
1612 3500 1804 3556 formis
1847 3500 2226 3555 confirmatur.
2282 3533 2345 3541 —
2407 3510 2466 3557 15
2520 3502 2751 3557 Formae
2805 3505 3157 3571 quarundam

569 3587 1028 3640 coniunctionum
1065 3587 1411 3641 conveniunt
1444 3604 1571 3640 cum
1607 3586 1799 3640 formis
1836 3586 2232 3640 adverbiorum
2268 3587 2666 3659 temporalium
2704 3590 2763 3641 et
2784 3588 3064 3644 localium.
3091 3621 3157 3630 —

568 3677 633 3725 24
659 3671 868 3724 Verum
904 3688 1016 3725 nou
1054 3673 1163 3736 est,
1201 3671 1352 3739 quod
1387 3670 1768 3739 praecipiunt,
1808 3671 1972 3723 unius
2009 3671 2261 3739 syllabae
2298 3672 2594 3731 adverbia,
2633 3689 2778 3741 quae
2813 3672 2995 3727 forma
3030 3691 3155 3727 cum

569 3753 1053 3808 coniunctionibus
1105 3755 1464 3820 conveniant,
1516 3758 1711 3809 tonum
1768 3760 1985 3808 mutare
2040 3755 2159 3822 (ubi
2214 3756 2666 3811 coniunctionum
2720 3758 2831 3811 vim
2877 3757 3154 3827 induant),

567 3839 814 3908 plurium
850 3838 1193 3906 syllabarum
1231 3839 1502 3894 adverbia
1537 3839 1778 3893 eundem
1815 3842 2008 3893 tonum
2046 3856 2286 3899 servare.

703 4056 885 4111 D1scn.
939 4076 1140 4113 sempr.
1227 4067 1269 4113 1.
1324 4061 1543 4127 ἔγραψα
1597 4059 1716 4125 Ab,
1771 4060 1987 4126 γράψαι
2037 4059 2244 4113 conicit
2282 4058 2657 4114 'RSkrzeczka
2721 4064 2730 4127 Ι
2795 4063 2927 4116 καθ’
2977 4064 3154 4117 αὑτοῦ

566 4142 925 4197 RSchneider
1005 4146 1014 4211 Ι
1089 4150 1138 4200 3.
1177 4144 1616 4199 ἀποτελεςτικόν
1651 4143 1714 4208 b,
1763 4147 2176 4199 επιτελεςτικον
2213 4147 2255 4200 Α
2339 4149 2347 4211 Ι
2428 4149 2525 4197 8-
2550 4152 2597 4198 9.
2637 4149 2694 4197 in
2728 4162 2907 4215 marg.
2947 4147 2989 4200 Α
3028 4149 3157 4200 suut

565 4228 704 4282 haec
752 4227 823 4280 ab
872 4229 936 4282 ΑΙ
991 4244 1095 4296 per
1140 4228 1477 4296 compendia
1520 4227 1728 4297 scripta
1774 4246 1866 4283 επι
1909 4231 2074 4296 τηςδε
2119 4246 2220 4297 της
2256 4233 2572 4285 ςυνταξεως
2609 4246 2861 4284 τουτεςτι
2896 4248 2997 4299 της
3034 4248 3155 4286 των

568 4328 972 4366 υποτακτικων
1036 4314 1045 4379 Ι
1113 4319 1190 4365 15.
1228 4314 1547 4366 αιτιωδεςιν
1581 4311 1784 4365 ultima
1821 4329 1927 4365 vox
1964 4314 2050 4366 est.
2083 4313 2141 4366 in
2176 4314 2272 4366 fol.
2315 4320 2408 4368 108
2434 4332 2505 4380 r.,
2552 4315 2609 4366 in
2646 4313 2808 4367 initio
2844 4313 2939 4368 fol.
2980 4320 3073 4370 108
3099 4333 3152 4369 v.

567 4396 772 4450 lacuna
807 4397 1056 4465 quinque
1083 4398 1281 4451 octove
1319 4396 1663 4461 litterarum,
1703 4413 1872 4465 quam
1908 4413 2021 4450 non
2056 4397 2332 4451 indicavit,
2366 4399 2429 4463 b,
2467 4399 2595 4467 post
2620 4414 2742 4451 eam
2770 4416 3103 4467 επιρρημαςι
3143 4401 3150 4469 Ι

568 4482 1124 4548 ςυνεμπκπτόντων
1159 4481 1220 4534 δὲ
1258 4483 1511 4548 πολλὴ),
1548 4488 1758 4549 puncto
1796 4484 1927 4534 ante
1965 4484 2474 4547 ςυνεμπιπτόντων
2508 4483 2719 4551 posim,
2757 4483 3150 4553 RSchneider!

573 4571 649 4619 17.
698 4571 777 4621 18.
823 4564 1054 4618 lacunas
1099 4564 1353 4632 explevit
1396 4565 1432 4617 b
1498 4566 1506 4631 Ι
1577 4571 1652 4620 19.
1699 4566 1821 4619 ἐπεὶ
1857 4567 1926 4631 δὴ
1967 4566 2000 4618 b
2037 4565 2094 4618 in
2133 4582 2247 4619 var.
2286 4566 2440 4633 lect„
2493 4583 2619 4619 cum
2667 4569 2861 4634 ἐπειδὴ
2899 4567 2957 4620 in
2994 4569 3153 4621 textu

571 4649 878 4718 scripsisset
925 4651 934 4712 Ι
982 4656 1061 4706 21,
1100 4649 1286 4718 <οτα>
1310 4648 1345 4701 b
1395 4651 1404 4715 Ι
1451 4655 1531 4706 22.
1571 4648 1829 4702 lacunam
1865 4665 1978 4703 non
2015 4650 2287 4703 indicavit
2320 4651 2384 4718 b,
2424 4651 2523 4705 sed
2558 4655 2729 4705 αθους
2764 4650 2990 4706 litterae
3026 4652 3082 4704 in
3110 4653 3152 4706 Α

570 4748 681 4785 non
715 4735 949 4802 possunt
983 4733 1096 4803 legi
1127 4738 1135 4798 Ι
1167 4740 1247 4786 23.
1285 4735 1382 4787 ὅτε
1419 4732 1800 4799 RSchneider‚
1839 4752 1871 4787 ο
1907 4750 1971 4787 τε
2011 4736 2080 4799 Α,
2122 4737 2152 4787 ό
2189 4751 2251 4788 τε
2287 4735 2325 4788 b
2362 4735 2422 4788 in
2457 4735 2644 4801 textu,
2691 4734 2839 4789 ‘dele
2876 4736 3151 4804 spiritum’

571 4814 647 4869 id.
684 4816 742 4869 in
779 4833 894 4870 var.
931 4817 1079 4884 lect„
1118 4820 1214 4871 ὅδε
1251 4815 1475 4886 GUhlig
1504 4820 1513 4885 Ι
1544 4824 1624 4870 24.
1664 4821 1966 4885 φιλοπονει
2003 4821 2073 4883 Α,
2109 4821 2287 4885 φιλοπ
2325 4859 2338 4872 .
2377 4861 2388 4872 .
2426 4819 2463 4872 b
