3738 5530
527 312 969 369 Commentarius
998 313 1226 369 criticus
1254 316 1315 369 et
1341 314 1662 385 exegeticus
1690 315 1749 370 in
1778 314 2068 387 Apollonii
2093 315 2323 385 Dyscoli
2352 317 2564 389 scripta
2590 318 2823 374 minora.
2904 320 2936 384 1
2950 319 3024 383 11

412 483 451 561 ἡ
500 480 761 562 ἀφορμὴ
811 480 882 545 ἐκ
926 484 1059 545 τῶν
1104 480 1547 547 ὑποτακτικῶν
1594 481 1851 562 ἄρθρων
1906 487 1983 547 ib.
2028 488 2172 563 110,
2198 490 2308 547 14:
2372 488 2475 549 sed
2522 488 2681 566 quod
2729 507 2863 548 cum
2907 490 3028 549 illis

413 577 744 655 comparari
788 578 1007 652 posset,
1051 594 1172 635 non
1214 574 1431 635 inveni.
1508 576 1633 635 Aut
1677 576 1921 637 liberius
1959 577 2104 636 haec
2148 576 2311 637 dicta
2356 579 2497 638 sunt
2539 598 2648 656 pro
2683 574 2723 652 ἡ
2765 574 3026 654 ἀφορμὴ

412 665 529 727 τοῦ
576 660 876 726 τοιούτου
924 660 1178 726 πλάνου
1234 667 1340 724 aut
1394 664 1792 725 scribendum:
1851 662 1891 727 ὁ
1938 664 2010 727 δὲ
2056 661 2304 728 πλάνος
2348 661 2499 728 ἴςως
2561 662 2754 744 ἐρρύη
2803 665 2873 729 ἐκ
2916 669 3029 743 τῆς

302 783 330 799 κ
412 750 710 830 τοιαύτης
764 747 1079 830 ἀφορμῆς.
1172 754 1546 815 Facillimam
1600 756 2073 816 emendationem
2129 759 2198 816 ut
2253 751 2543 832 ἐφορμῆς
2596 758 2864 836 legamus
2919 777 3029 835 pro

412 841 712 921 ἀφορμῆς
754 862 875 903 non
921 843 1111 904 audeo
1155 844 1591 920 commendare,
1651 863 1786 905 cum
1830 865 2045 906 nomen
2092 840 2382 922 ἐφορμῆς
2424 846 2537 906 hoc
2581 865 2758 908 sensu
2803 847 3029 908 dictum

412 953 537 995 esse
584 935 866 1010 exemplis
912 933 1221 993 ostendere
1266 928 1579 1011 nequeam'
1628 933 1752 995 Ska
1787 935 1819 993 I
1860 937 2137 995 19—20.
2219 934 2451 995 Codicis
2498 938 2857 1013 scripturam
2900 939 3029 998 iure

410 1025 566 1085 tueri
620 1024 769 1083 mihi
811 1022 1046 1099 videon
1103 1042 1245 1083 nam
1297 1027 1367 1083 ut
1419 1024 1475 1083 h.
1523 1025 1561 1084 l.
1619 1026 2050 1102 exspectaveris
2104 1028 2306 1103 potius
2360 1021 2400 1100 ἡ
2457 1024 2530 1087 δὲ
2587 1020 2850 1103 ἀφορμὴ
2911 1025 3028 1087 τοῦ

411 1108 713 1176 τοιούτου
759 1107 1031 1186 πλάνου,
1078 1114 1165 1172 ita
1201 1116 1358 1190 synt.
1403 1116 1546 1191 147,
1571 1115 1607 1173 2
1656 1110 1732 1174 τὸ
1781 1109 2131 1190 εὔχρηςτον
2175 1113 2287 1189 τῆς
2333 1110 2684 1192 γενομένης
2731 1109 3029 1191 ἀφορμῆς

411 1206 560 1265 mire
597 1205 824 1263 dictum
860 1206 952 1263 est
984 1222 1095 1279 pro
1130 1199 1249 1276 τὴν
1287 1197 1592 1278 ἀφορμὴν
1627 1201 1746 1263 τοῦ
1783 1200 2140 1280 γενομένου
2189 1200 2558 1280 εὐχρήςτου,
2604 1208 2666 1265 et
2709 1205 2787 1264 ib.
2822 1206 2921 1280 14,
2946 1208 3026 1264 22

411 1288 1024 1369 παραλαμβάνονται
1071 1288 1145 1353 δὲ
1191 1288 1294 1352 καὶ
1342 1283 1431 1353 εἰς
1477 1288 1676 1368 ὀρθὴν
1731 1287 1910 1355 τάςιν
1957 1288 2047 1355 εἰς
2101 1289 2553 1369 παρέμπτωςιν
2600 1288 3025 1356 ἀντιδιαςτελ-

412 1379 692 1457 λομένου
751 1377 1103 1457 προςώπου
1163 1400 1272 1459 pro
1330 1376 1418 1442 εἰς
1479 1377 1964 1457 ἀντιδιαςτολὴν
2022 1380 2589 1459 παρεμπίπτοντος
2645 1401 2710 1444 π.
2803 1382 3028 1453 Quibus

412 1473 693 1551 exemplis
748 1474 869 1532 iam
923 1471 1154 1549 pridem
1200 1490 1238 1530 a
1281 1491 1376 1531 me
1431 1471 1634 1532 allatis
1681 1464 1743 1553 (1
1788 1464 1975 1553 474),
2037 1491 2187 1550 quae
2243 1474 2575 1533 consimilia.
2629 1492 2755 1534 esse
2805 1492 3028 1550 censeo,

411 1563 561 1622 nihil
609 1561 984 1639 comprobari
1026 1564 1246 1638 putans
1293 1561 1574 1640 Egenolff
1603 1560 1635 1620 Ι
1674 1563 1800 1623 839
1840 1561 2073 1640 Uhligii
2120 1563 2593 1624 emendationem
2639 1564 3027 1641 amplexatur.

591 1653 695 1728 84,
719 1654 799 1710 14
846 1670 956 1728 pro
1013 1669 1184 1711 versu
1233 1652 1363 1711 210
1408 1650 1523 1729 Ap.
1572 1652 1845 1712 attulisse
1893 1672 1946 1711 v.
2000 1653 2125 1713 252
2180 1655 2383 1714 monet
2426 1652 2769 1713 WRibbeck
2815 1653 3027 1713 Philol.

412 1741 562 1802 VIII
612 1743 756 1802 700.
851 1740 938 1800 cf.
984 1739 1354 1820 Bmgmm,
1399 1740 1515 1800 Ein
1561 1739 1836 1802 Problem
1887 1742 1986 1801 19.

591 1833 694 1907 84,
718 1832 798 1891 19
848 1826 953 1890 ἐπὶ
998 1827 1115 1905 τὴν
1162 1825 1564 1905 ςυνωνυμίαν
1593 1877 1650 1890 ..
1698 1831 1815 1892 τοῦ
1862 1830 2047 1909 δῶμα
2091 1833 2129 1890 i.
2165 1851 2213 1892 e.
2253 1826 2355 1892 ‘ad
2401 1850 2773 1909 synonymon
2820 1831 3028 1909 δῶμα,

411 1924 565 1998 synt.
608 1922 754 1997 200,
775 1922 815 1979 4
863 1915 1114 1996 πρὸς..
1162 1915 1238 1980 τὸ
1285 1915 1660 1994 ςυνώνυμον
1706 1919 1825 1980 τοῦ
1861 1914 2046 1982 οἴκου
2083 1922 2122 1980 i.
2152 1941 2199 1982 e.
2241 1916 2342 1981 ‘ad
2388 1940 2761 1999 synonymon
2808 1915 3026 1984 οἴκος’.

590 2011 693 2086 84,
716 2011 797 2069 22
845 2005 922 2070 τὸ
968 2004 1200 2088 νέφος]
1248 2009 1285 2067 i.
1325 2028 1372 2069 e.
1419 2005 1496 2070 τὸ
1541 2029 1596 2069 v.
1639 2011 1720 2069 75
1768 2030 1889 2070 non
1936 2011 2012 2070 ad
2058 2007 2302 2089 νεφέλη
2352 2011 2510 2088 quod
2556 2011 2874 2089 praecedit,
2926 2011 3029 2073 sed

412 2100 488 2160 ad
533 2102 659 2162 eius
704 2118 1075 2177 synonymon
1112 2094 1317 2175 νέφος
1360 2099 1633 2159 refertur.
1717 2098 1948 2161 Iniuria
1983 2096 2060 2161 τὸ
2097 2097 2301 2177 νέφος
2338 2101 2501 2161 delet
2534 2093 2842 2162 Matth.'11
2873 2103 3030 2178 631,

409 2190 486 2250 ad
537 2193 593 2267 7,
618 2191 718 2249 28.

588 2280 693 2357 85,
715 2283 747 2339 1
797 2279 835 2339 b
889 2280 1045 2338 male
1108 2278 1322 2357 legisse
1384 2277 1648 2354 videtur3
1714 2279 1981 2357 profecto
2058 2276 2366 2357 ἑκατέρου
2421 2283 2680 2359 genuina
2734 2283 3033 2359 scriptura

410 2373 524 2431 est:
571 2370 643 2430 de
688 2370 881 2429 Marte
926 2370 1084 2429 enim
1129 2371 1191 2427 et
1234 2367 1504 2428 Minerva
1553 2370 1766 2446 agitur.

589 2460 691 2536 85,
715 2461 752 2518 2
813 2455 916 2519 καὶ
975 2452 1253 2530 εὔλογον
1311 2455 1413 2518 καὶ
1473 2452 1737 2532 ςύνηθες
1796 2458 1955 2520 idem
2020 2463 2113 2520 est
2174 2458 2332 2537 quod
2393 2454 2682 2531 εὐλόγως
2740 2455 3028 2536 ςύνηθες,

412 2552 616 2625 itaque
661 2547 814 2608 nihil
857 2550 1105 2608 mutavi.

588 2639 691 2714 85,
713 2640 750 2698 3
800 2636 1174 2716 Guttentagii
1219 2639 1556 2698 coniectura
1600 2638 1908 2715 displicet3
1963 2639 2049 2699 sic
2094 2640 2252 2698 enim
2299 2638 2630 2717 supplenda
2676 2640 2870 2700 oratio
2917 2635 3028 2700 οὐ·

409 2724 540 2789 κέτι
586 2726 659 2790 δὲ
706 2724 782 2790 τὸ
829 2723 1043 2789 ἑνικὸν
1089 2724 1562 2804 ἐμπεριεκτικὸν
1616 2727 1735 2790 τοῦ
1790 2727 2239 2802 πληθυντικοῦ.
2288 2760 2376 2772 -
2426 2725 2539 2791 Καὶ
2595 2724 2686 2790 ἔτι
2745 2724 2850 2790 ἐπὶ
2895 2729 3028 2791 δυϊ-

412 2818 529 2879 κοῦ
576 2817 614 2877 i.
653 2838 702 2878 e.
740 2814 843 2878 καὶ
889 2813 981 2878 ἔτι
1027 2813 1104 2878 τὸ
1142 2814 1570 2892 πληθυντικὸν
1610 2813 1712 2880 ἐπὶ
1760 2817 1981 2880 δυϊκοῦ
2029 2815 2682 2894 μεταλαμβανόμενον
2729 2813 3025 2892 εὔλογον,

409 2902 541 2980 εἴγε
589 2903 1062 2983 ἐμπεριεκτικόν
1118 2903 1243 2968 ἐςτι
1297 2906 1439 2968 τοῖν
1485 2907 1686 2980 δυοῖν,
1743 2905 1954 2970 οὐκέτι
2011 2907 2084 2970 δὲ
2141 2905 2218 2969 τὸ
2275 2905 2496 2971 δυῖκὸν
2553 2905 3028 2986 ἐμπεριεκτικόν

410 2994 536 3059 ἑςτι
582 2997 700 3059 τοῦ
745 2995 1192 3072 πληθυντικοῦ.
1268 2993 1370 3058 διὸ
1417 3015 1468 3057 ις
1499 3014 1551 3058 τ.
1582 2996 1636 3057 λ.

589 3088 751 3163 85,8
801 3082 943 3147 ἀντὶ
987 3086 1147 3164 quod
1193 3088 1284 3146 est
1326 3089 1390 3146 in
1435 3088 1492 3147 A
1538 3106 1570 3145 e
1615 3089 1957 3149 coniectura
2000 3090 2379 3148 restituerem
2425 3087 2456 3146 I
2503 3090 2652 3147 474.

588 3179 691 3253 85,
715 3179 751 3236 9
799 3178 1155 3254 scripturam
1198 3172 1420 3251 κυρίου
1476 3171 1747 3252 ἀριθμοῦ
1801 3178 2038 3238 defendi
2084 3177 2177 3237 HI
2226 3178 2380 3253 588,
2436 3177 2617 3255 idque
2672 3180 2834 3253 iur03
2889 3197 3030 3238 nam

408 3262 625 3341 κύριος
670 3261 934 3343 ἀριθμός
979 3270 1070 3326 est
1116 3260 1418 3327 ‘numerus
1463 3270 1702 3345 proprie
1748 3262 1986 3343 dictus',
2034 3269 2130 3327 cui
2169 3268 2472 3327 numerale
2509 3267 2884 3327 indefinitum
2921 3286 3026 3345 op-

407 3359 650 3433 ponitur
697 3348 880 3438 (synt.
922 3356 1024 3431 36,
1048 3347 1147 3437 9),
1202 3375 1368 3432 pron.
1409 3358 1557 3432 112,
1581 3360 1680 3433 17,
1729 3377 1904 3435 quem
1950 3358 2148 3417 locum
2191 3356 2230 3415 b
2279 3357 2501 3431 attulit,
2549 3352 2770 3432 κύριον
2815 3351 3027 3431 ὄνομα

408 3449 499 3506 est
553 3440 820 3524 ‘propria
874 3439 1280 3524 significatio'3
1339 3446 1411 3505 cf.
1460 3442 1812 3521 κυριωτέρα
1867 3443 2033 3509 λέξις
2088 3449 2244 3523 synt.
2297 3447 2443 3522 166,
2467 3447 2578 3521 26,
2637 3443 3028 3522 κυριώτερον

407 3535 615 3611 ςχῆμα
661 3535 740 3595 ib.
785 3537 931 3612 167,
953 3538 1009 3594 2.

590 3627 645 3685 5.
692 3625 931 3685 Duales.
1010 3640 1068 3684 α.
1114 3627 1343 3704 primae
1388 3624 1792 3701 serundaeque
1835 3642 1989 3703 pers.
2030 3625 2559 3701 85,12-88,17.

584 3715 814 3776 Duales
852 3717 1088 3792 primae
1124 3719 1176 3774 et
1209 3716 1499 3776 servandae
1532 3730 1691 3790 pers.
1720 3732 1835 3789 per
1869 3731 2067 3775 omnes
2102 3731 2275 3775 casus
2309 3732 2533 3790 semper
2568 3718 2787 3774 rectum
2831 3718 3029 3775 tonum

406 3809 657 3865 servant.
731 3805 1096 3866 Nominativi
1132 3808 1184 3865 et
1217 3807 1536 3865 accusativi
1571 3803 1704 3864 νῶι
1754 3807 1806 3863 et
1849 3803 2042 3881 ςφῶι
2088 3809 2241 3873 sunt,
2289 3806 2457 3864 affice
2493 3799 2596 3864 νώ
2645 3800 2831 3879 ςφώ,
2879 3822 3029 3878 quae

406 3896 635 3969 formae
681 3897 854 3955 etiam
896 3897 1060 3969 apud
1104 3894 1428 3955 Homerum
1471 3895 1773 3969 temtatur,-
1812 3897 2062 3970 ymetivi
2109 3897 2162 3953 et
2203 3895 2390 3954 dativi
2433 3892 2619 3953 νῶιν
2666 3897 2719 3953 et
2762 3893 3024 3968 ςφῶιν.

409 3983 723 4044 Contracta
765 3985 974 4064 ςφῷν
1017 3985 1214 4057 forma
1255 4001 1376 4045 meo
1401 3984 1648 4049 Homeri
1692 3983 1813 4043 loco
1857 3983 1896 4044 δ
1938 3985 2025 4043 62
2068 3984 2427 4045 cammada
2473 3981 2570 4051 est,
2619 3981 2829 4057 ςφῶν
2877 3986 3029 4043 em'm

406 4078 462 4135 si
505 4075 736 4150 leyereS,
784 4076 954 4133 tertia
1000 4078 1144 4134 esset
1176 4091 1467 4149 persona;
1509 4075 1830 4148 requiritur
1876 4076 2071 4133 autem
2112 4073 2370 4134 secunda
2417 4073 2901 4148 85,12-86,9.

590 4164 694 4241 85,
718 4164 975 4224 12-13
1015 4159 1055 4238 ἡ
1095 4157 1265 4223 αἰτία
1301 4158 1570 4241 εἴρηται]
1609 4182 1776 4241 pron.
1818 4163 1922 4238 38,
1946 4164 2119 4241 9sq.;
2170 4164 2407 4238 76,27,
2453 4162 2525 4222 cf.
2559 4164 2714 4238 synt.
2749 4162 2894 4236 181,
2919 4162 3028 4236 253

406 4252 546 4314 Her.
594 4252 627 4313 I
671 4254 1043 4329 475,3--7,
1102 4252 1280 4313 schol.
1327 4254 1445 4312 AB
1492 4252 1568 4311 ad
1616 4249 1660 4312 Ε
1708 4254 1833 4312 219
1866 4252 2119 4312 ==Her.
2167 4252 2229 4311 H
2274 4252 2696 4327 49,17-26,
2755 4250 2932 4311 schol.
2971 4251 3028 4310 A

405 4343 486 4402 ad
523 4338 577 4404 Θ
618 4343 763 4402 352.
806 4343 951 4402 377.
1014 4337 1068 4403 Ο
1111 4344 1254 4401 146.
1318 4338 1368 4402 Χ
1412 4343 1555 4402 216.
1619 4342 1733 4401 ΕΜ
1772 4343 1920 4417 609,
1942 4344 2027 4402 30
2046 4361 2161 4419 sq.;
2206 4340 2451 4402 Pierson
2498 4340 2573 4401 ad
2619 4340 2800 4400 Moer.
2844 4341 3028 4416 266⁸3

405 4432 642 4493 Lobeek
678 4432 795 4492 ΕΠ.
823 4431 886 4491 Π
924 4433 1026 4492 48.
1062 4433 1204 4492 193.
1238 4433 1382 4492 276.
1416 4432 1579 4507 316,
1624 4431 1956 4492 Buttmann
1992 4430 2130 4491 Lex.
2159 4430 2190 4490 I
2228 4431 2342 4506 48,
2390 4428 2666 4509 Gottling
2702 4430 2838 4488 Ace.
2871 4430 3030 4503 366,

407 4521 666 4601 Ebeling
701 4521 837 4582 Lex.
867 4521 1040 4583 Hom.
1069 4522 1101 4582 Ι
1142 4522 1286 4582 335.
1329 4523 1473 4581 337.
1538 4521 1601 4580 Π
1643 4522 1798 4597 297,
1843 4519 1933 4582 La
1968 4520 2165 4581 Boche
2201 4520 2258 4579 h.
2288 4520 2354 4578 T.
2387 4521 2533 4580 319.
2608 4518 2745 4579 Lex.
2773 4518 3026 4579 Messan.

404 4610 581 4670 MRh.
619 4610 847 4672 XLVII
892 4613 1038 4673 407.

590 4702 692 4778 85,
714 4700 975 4762 14-23
1026 4700 1148 4761 Ska
1184 4701 1217 4760 I
1264 4704 1434 4761 2—-3
1484 4697 1800 4779 ‘Displicet
1833 4748 1845 4759 .
1879 4749 1889 4759 .
1938 4699 2098 4777 quod
2144 4718 2277 4760 cum
2322 4698 2761 4777 monosyllabas
2806 4699 3028 4758 formas

404 4788 504 4851 νώ
560 4794 624 4851 et
677 4788 819 4867 ςφώ
877 4792 1090 4851 atticas
1145 4809 1271 4851 esse
1330 4793 1521 4868 iisque
1577 4792 1758 4850 etiam
1811 4790 2138 4851 Homerum
2199 4792 2292 4851 uti
2355 4789 2627 4865 dixisset,
2686 4790 3028 4866 genetivum

408 4884 474 4940 et
531 4880 802 4940 dativum
860 4879 1018 4942 νῶϊν
1077 4882 1139 4940 et
1197 4878 1401 4955 ςφῶῖν
1462 4884 1948 4941 commemoravit
1961 4927 1978 4958 ,
2037 4883 2167 4939 tum
2230 4879 2469 4939 demum
2529 4878 2717 4939 attica
2776 4878 3031 4955 protulit

413 4970 687 5047 exempla
739 4972 1094 5031 nominativi
1149 4973 1208 5029 et
1263 4972 1612 5047 accusativi,
1673 4971 1888 5047 quibus
1943 4971 2149 5031 statim
2203 4988 2438 5032 versum
2497 4969 2902 5044 Homericum,
2965 4969 3028 5027 in
