3738 5530
1366 406 1718 459 Anvrmssn
1756 406 2148 458 DssFmrrlo.
2933 402 3053 466 123

337 627 432 674 533
636 612 853 691 Φαμὲν
901 612 971 674 δὲ
1015 610 1054 687 ἢ
1100 612 1452 675 καθολικῶς
1483 612 1761 675 ςυνεῑναι
1789 612 1929 674 τοῖς
1974 608 2198 689 ῥήμαςι
2243 608 2322 674 τὰ
2367 607 2760 688 ἐπιρρήματα
2802 609 2842 687 ἢ
2886 628 3051 687 μερι-

467 717 624 795 κῶς,
683 711 821 775 ἐπεί
862 731 1006 777 τινα
1048 713 1164 791 μὲν
1211 710 1507 777 ςύνοιςτά
1551 710 1706 794 ἐςτι,
1767 712 2063 791 ςημαςίας
2109 710 2228 776 οὐκ
2272 712 2699 791 ἀντικειμένης
2711 760 2729 793 ,
2784 708 3053 775 ἁπάςαις

465 818 605 879 ταῖς
649 813 1013 897 ἐγκλίςεςιν,
1058 814 1248 879 ἅπαςι
1289 816 1467 897 (τοῖς
1506 813 1786 893 χρόνοις,
1833 813 2068 897 ἅπαςι>
2111 817 2249 879 τοῖς
2292 814 2685 896 προςώποις,
2733 812 2823 877 ὡς
2867 812 3054 877 ἕνεκα

390 939 416 977 5
465 915 933 996 ὑποδείγματος
976 917 1052 980 τὸ
1098 918 1308 980 καλῶς
1352 915 1478 980 ἐςτι
1515 916 2056 998 παραλαμβάνειν,
2100 916 2176 980 τὸ
2214 914 2441 992 οὕτως,
2487 914 2654 979 ἄλλα
2683 913 3053 995 πάμπολλα,

464 1021 580 1097 τῆς
635 1018 962 1098 φράςεως,
1021 1015 1109 1081 ὡς
1166 1015 1446 1101 ἔφαμεν,
1503 1017 1622 1098 οὐκ
1679 1018 2204 1099 ἀντιπιπτούςης,
2272 1016 2489 1081 καθότι
2542 1016 2736 1081 πάλιν
2792 1015 2896 1079 καὶ
2951 1014 3056 1078 ἐπὶ
3090 1033 3122 1082 5

465 1123 601 1185 τῶν
646 1118 989 1199 ὀνομάτων
1020 1100 1164 1184 οῐόν
1206 1119 1274 1183 τέ
1318 1118 1445 1184 ἐςτι
1487 1119 1957 1198 παραδέξαςθαί
1985 1139 2129 1183 τινα
2157 1122 2290 1184 τῶν
2323 1118 2692 1183 ἐπιθετικῶν
2731 1115 3056 1195 δυνάμενα

468 1221 813 1287 ςυντείνειν
858 1220 961 1285 ἐπι
1005 1219 1217 1285 πάντα
1259 1223 1339 1287 τὰ
1383 1222 1700 1322 ὀνόματα,
1752 1221 1899 1286 τινὰ
1942 1223 2012 1286 δὲ
2057 1220 2249 1287 πάλιν
2294 1220 2720 1300 μερικωτέραν
2765 1218 2897 1297 ἔχει
2939 1219 3055 1297 τὴν

366 1347 416 1384 ιο
468 1325 758 1391 ςύνταξιν
804 1323 910 1406 (τό
954 1340 1022 1387 τε
1064 1323 1189 1400 γὰρ
1233 1324 1424 1402 μέλας
1469 1324 1509 1402 ἢ
1556 1325 1780 1389 λευκός
1824 1322 1928 1387 ἐπὶ
1971 1326 2102 1389 πᾶν
2149 1327 2326 1403 ςῶμα
2379 1322 2642 1388 δύναται
2689 1320 3052 1397 ςυντείνειν,

467 1427 549 1490 οὐ
603 1426 725 1505 μὴν
769 1427 844 1490 τὸ
901 1425 1121 1501 λόγιος
1163 1426 1203 1502 ἢ
1250 1424 1537 1502 ςυνετός,
1595 1425 1693 1491 ὅτι
1750 1428 1831 1506 μὴ
1879 1426 1981 1490 ἐπὶ
2022 1432 2157 1491 τῶν
2212 1425 2595 1504 δυναμένων
2641 1424 3055 1489 ἀναδέξαςθαι

465 1527 710 1592 ςύνεςιν
755 1529 795 1605 ἢ
841 1527 1075 1604 λόγον,
1132 1526 1295 1607 ἅπερ
1342 1528 1421 1593 ἂν
1468 1527 1564 1606 εἴη
1611 1530 1836 1604 λογικὰ
1879 1527 2072 1611 Uim)-
2135 1529 2251 1593 τόν
2296 1526 2495 1592 αὐτὸν
2541 1528 2618 1606 δὴ
2662 1526 2909 1605 τρόπον
2953 1523 3055 1589 καί
3100 1540 3158 1588 ιο

464 1649 607 1693 τινα
651 1635 782 1693 τῶν
827 1628 1272 1708 ἐπιρρημάτων
1319 1630 1596 1709 εἴργεται
1639 1632 1753 1707 τῆς
1797 1629 2151 1695 ςυντάξεως
2197 1629 2382 1694 ἕνεκα
2423 1633 2538 1692 τοῦ
2572 1627 3053 1706 ςημαινομένου.

367 1751 417 1790 15
466 1732 544 1795 τὸ
589 1729 705 1805 ἄγε
749 1732 1323 1809 παρακελευςτικόν
1371 1732 1451 1796 οὐ
1493 1732 1813 1797 τετάξεται
1860 1732 1973 1795 ςὺν
2020 1731 2294 1814 ὁριςτικῇ
2339 1735 2673 1814 προφορᾷ,
2720 1729 2871 1793 ἀλλ’
2902 1728 3056 1792 οὐδὲ

467 1830 716 1914 εὐκτικῇ
761 1831 801 1909 ἢ
845 1830 1008 1915 ἄλλῃ
1053 1833 1177 1896 τινὶ
1220 1832 1258 1910 ἢ
1305 1832 1468 1916 μόνῃ
1512 1838 1587 1915 τῇ
1632 1839 2082 1915 προςτακτικῇ,
2130 1833 2338 1898 οὕτως
2386 1832 2548 1897 ὥςτε
2592 1832 2695 1895 καὶ
2736 1833 2819 1896 τὰ
2862 1830 3055 1911 ἀμφί-

466 1936 628 2012 βολα
674 1937 806 1998 τῶν
864 1931 1160 2012 ῥημάτων
1205 1939 1280 2016 τῇ
1326 1933 1583 2011 ἰδιότητι
1624 1939 1737 2011 τῆς
1783 1934 2137 1999 ςυντάξεως
2183 1934 2569 2000 ἀπολύεςθαι
2613 1936 2724 2011 τῆς
2782 1930 3056 2013 ἀμφιβο-

464 2034 603 2099 λίας
647 2035 751 2099 διὰ
794 2037 906 2111 τῆς
951 2032 1109 2098 ἰδίας
1154 2035 1355 2100 αὐτοῦ
1400 2036 1824 2114 παραθέςεως.
1884 2038 1960 2101 τὸ
2008 2037 2224 2113 λέγετε
2269 2036 2610 2115 ὁριςτικόν,
2658 2035 2810 2100 ἀλλ’
2855 2034 2935 2098 οὐ
2977 2035 3053 2098 τὸ
3094 2050 3156 2098 15

361 2162 413 2200 ιο
462 2134 608 2211 ἄγε
653 2135 953 2218 λέγετε,
999 2135 1136 2212 ἄγέ
1180 2135 1578 2202 τύπτεςθε.
1608 2174 1693 2183 ——
1735 2140 1815 2203 τὰ
1859 2138 2127 2218 χρονικὰ
2165 2138 2558 2218 ἐπιρρήματα
2589 2139 3054 2216 ςυμφωνοῦςαν

462 2240 604 2303 τοῖς
633 2240 751 2302 τοῦ
793 2236 1072 2316 ῥήματος
1113 2238 1374 2317 χρόνοις
1408 2240 1681 2303 ποιεῖται
1713 2239 2023 2306 ςύνταξιν.
2086 2238 2232 2304 οῐον
2272 2240 2347 2304 τὸ
2392 2239 2573 2318 ἐχθές
2606 2237 3055 2321 παρῳχημένῳ

464 2338 920 2415 ςυντετάξεται,
968 2338 1190 2418 ἐχθὲς
1236 2338 1627 2421 ἔγραφον,
1673 2340 1897 2419 ἐχθὲς
1941 2340 2270 2420 ἔγραψα.
2329 2342 2405 2405 τὸ
2449 2341 2573 2418 γὰρ
2619 2338 2845 2417 αὔριον
2888 2338 3055 2403 ἀντι-

463 2438 758 2519 κείμενον
803 2446 892 2522 τῷ
937 2441 1404 2525 παρῳχημένῳ,
1451 2440 1531 2506 οὐ
1578 2442 2013 2507 ςυντετάξεται
2058 2443 2096 2521 ἢ
2143 2443 2337 2507 πάλιν
2381 2445 2517 2506 τοῖς
2559 2442 2951 2522 ὁμολογοῦςι
2977 2439 3055 2504 τὸ

367 2569 417 2607 25
468 2541 639 2620 <μὴ>
685 2542 1808 2626 παρῳχῆςθαιῑαῦριονγράφω,
1855 2544 2138 2623 αὔριον
2181 2544 2491 2626 γράψω,
2538 2543 2820 2622 αὔριον
2867 2541 3052 2606 ἀνα·
3092 2558 3159 2605 20

462 2642 838 2717 γινώςκω.
911 2644 992 2707 τά
1035 2643 1252 2721 μέντοι
1296 2643 1376 2709 οὐ
1421 2644 1782 2723 διορίζοντα
1823 2645 1942 2710 τὸν
1985 2645 2256 2724 χρόνον,
2319 2646 2541 2731 κοινὴν
2588 2646 2660 2709 δὲ
2703 2642 3055 2721 παράταςιν

463 2746 791 2822 δηλοῦντα
834 2747 951 2810 τοῦ
996 2745 1241 2813 παντὸς
1285 2745 1561 2830 χρόνου,
1615 2746 2293 2828 ςυμπαραλαμβάνεται
2336 2745 2496 2811 κατὰ
2537 2746 2751 2811 πάντα
2794 2745 3055 2825 χρόνον,

465 2845 559 2911 ὡς
617 2844 747 2925 ἔχει
802 2846 879 2911 τὸ
937 2849 1077 2911 νῦν
1146 2846 1583 2930 ἐφρόνηςα,
1652 2853 1792 2914 νῦν
1860 2852 2165 2929 φρονῶ,
2237 2853 2377 2914 νῦν
2445 2849 2850 2930 φρονήςω·
2913 2847 3055 2926 ἤδη

362 2963 412 3013 acl·
464 2947 814 3030 ἔγραψα,
858 2947 1005 3027 ἤδη
1048 2949 1359 3030 γράφω,
1403 2948 1547 3028 ἤδη
1593 2951 1891 3030 γράψω.
1967 2949 2005 3014 ὁ
2050 2950 2245 3024 αὐτὸς
2289 2952 2484 3027 λόγος
2530 2950 2905 3016 ςυντεινέτω
2953 2947 3056 3013 ἐπὶ

466 3047 734 3122 πάντων
779 3054 912 3114 τῶν
955 3050 1290 3115 τοιούτων.
3092 3066 3158 3114 25

633 3150 838 3214 ’Έςτιν
885 3150 1006 3215 οὖν
1051 3151 1264 3217 πάντα
1301 3152 1381 3217 τὰ
1425 3153 1853 3232 ςυγκεχυμένα
1896 3152 2055 3217 κατὰ
2109 3152 2353 3233 χρόνον
2398 3153 2469 3218 ἔν
2514 3174 2582 3218 τε
2641 3156 2937 3234 μετοχαῖς
2982 3151 3054 3216 ἔν

332 3259 429 3313 5³4
463 3270 536 3315 τε
581 3249 803 3331 ῥήμαςι
851 3251 956 3316 διὰ
997 3256 1110 3329 τῆς
1151 3252 1403 3320 τούτων
1459 3255 1868 3333 παραθέςεως
1925 3252 2283 3322 ἀπαλλάξαι
2337 3258 2449 3334 τῆς
2504 3254 2902 3336 ἀμφιβολίας.
2976 3254 3054 3317 τὸ

602 3419 815 3475 Auem
891 3425 911 3472 1
939 3418 1019 3473 Ut
1051 3436 1177 3474 nou
1198 3419 1331 3476 licet
1365 3421 1644 3489 quaedam
1680 3421 1958 3476 attributa.
1990 3422 2144 3475 omni
2180 3422 2390 3476 nomini
2425 3438 2741 3492 apponere,
2777 3421 2861 3475 ita
2882 3436 3053 3490 quae-

465 3503 598 3556 dam
634 3503 907 3558 adverbia
929 3521 1057 3558 eum
1081 3506 1341 3560 omnibus
1362 3506 1574 3574 modis,
1614 3507 1985 3577 temporibus,
2022 3508 2274 3570 personis
2298 3507 2738 3578 coniunguntur,
2774 3505 3054 3575 quaedam

463 3603 580 3641 non
624 3604 752 3641 eum
798 3589 1071 3648 omnibue.
1127 3620 1187 3629 —
1243 3596 1309 3645 26
1356 3591 1734 3660 Quaecunque
1779 3591 1957 3662 igitur
1998 3593 2257 3662 tempoga
2298 3593 2415 3648 eive
2458 3591 2882 3662 participiorum
2936 3591 3054 3644 eive

464 3671 767 3726 verborum
802 3689 917 3727 uon
952 3675 1083 3727 eunt
1118 3673 1380 3740 definita,
1418 3676 1691 3745 appositis
1725 3676 2008 3731 adverbiis
2043 3677 2402 3732 definiuntur.

603 3824 823 3878 Tum-m.
899 3829 925 3877 1
963 3824 1132 3882 Prisc.
1169 3825 1298 3893 XV,
1339 3833 1359 3880 1
1401 3846 1455 3897 p.
1493 3834 1585 3895 60,
1622 3832 1655 3882 6
1678 3827 1885 3896 Hel-{523
1921 3829 2034 3883 vid.
2069 3845 2216 3898 quae
2252 3830 2325 3883 ad
2365 3835 2484 3896 119,
2521 3836 2553 3884 5
2588 3828 2872 3899 adscripta
2905 3825 3053 3883 sunt.

466 3937 530 3947 -
559 3912 620 3961 16
646 3907 831 3967 schol.
855 3909 1018 3965 Dion.
1047 3909 1179 3964 Thr.
1203 3910 1309 3964 BA
1333 3930 1387 3983 p.
1413 3917 1537 3979 937,
1564 3918 1595 3966 3
1622 3908 1693 3966 τὰ
1720 3908 1957 3983 γενικὴν
1992 3912 2352 3982 παράστασιν
2377 3913 2669 3984 δηλοῦντα
2696 3909 3052 3983 ἐπιρρήματα

464 3991 1098 4064 συμπαραλαμβάνεται
1144 3992 1293 4050 κατὰ
1338 3996 1530 4051 πάντα
1577 3989 1818 4067 χρόνον,
1859 3992 1938 4060 ὥς
1983 3992 2046 4053 τὸ
2092 3999 2201 4053 νῦν
2237 4041 2249 4052 .
2291 4038 2303 4051 .
2339 3999 2440 4053 καὶ
2483 3997 2549 4053 τὸ
2586 3989 2702 4069 ἤδη
2738 3994 2997 4067 ὁμοίως.
3041 4038 3051 4049 .

464 4076 565 4129 καὶ
602 4073 719 4131 ἔστι
757 4079 956 4147 σαφῶς
993 4071 1253 4135 εἰπεῖν”
1219 4099 1308 4135 οτι
1342 4077 1414 4135 τὰ
1452 4101 1689 4150 χρονικα
1726 4074 2152 4152 ἐπιρρήματα
2120 4105 2156 4152 η
2194 4076 2516 4138 καθολικὸν
2553 4080 2761 4152 χρόνον
2811 4084 2988 4152 δηλοῖ
3019 4072 3051 4151 ἢ

462 4154 731 4228 μεριιιόν,
777 4153 949 4217 καὶ
914 4184 951 4231 η
991 4160 1279 4233 ὡρισμένα
1315 4160 1470 4221 ἐστὶν
1510 4162 1587 4229 ὥς
1624 4164 1797 4236 χθές,
1843 4163 2116 4237 σήμερον,
2156 4158 2193 4235 ἢ
2230 4159 2471 4235 ἀόριστα
2505 4187 2581 4231 ως
2617 4165 2824 4226 πάλαι,
2861 4164 3052 4222 ποτέ.

464 4246 563 4300 καὶ
599 4242 816 4299 τούτων
832 4242 918 4301 τὸ
951 4245 1065 4316 μὲν
1102 4268 1307 4317 αυριον
1342 4252 1804 4321 καταχρηστικῶς
1842 4247 2110 4307 ἐνεστῶτι
2138 4248 2546 4318 συντάσσεται,
2584 4249 2648 4306 τὸ
2675 4250 2739 4306 δὲ
2760 4253 2894 4320 νῦν,
2937 4245 3051 4321 ἤδη

461 4335 583 4392 τοῖς
618 4332 769 4397 τρισὶ
805 4327 1053 4400 χρόνοις.

596 4465 787 4520 stcn.
827 4485 1030 4522 sempr.
1101 4474 1151 4522 3.
1190 4475 1310 4525 τοῖς
1346 4473 1598 4540 χρόνοις,
1636 4475 1803 4528 ἂπαςι
1836 4473 2079 4527 inseruit
2097 4472 2374 4528 GDrouke
2404 4474 2414 4541 Ι
2444 4479 2492 4533 4.
2520 4474 2864 4539 υποδειγματ
2889 4471 3047 4526 abbr.

466 4550 509 4603 Α
538 4551 549 4617 Ι
578 4555 626 4605 5.
661 4554 752 4605 καί
786 4552 852 4616 b,
892 4570 928 4620 η
966 4554 1009 4608 Α
1041 4555 1050 4621 Ι
1081 4559 1127 4606 7.
1154 4570 1225 4607 τα
1259 4572 1430 4624 supra.
1460 4555 1558 4610 lin.
1598 4557 1708 4612 alio
1745 4559 1810 4612 ut
1843 4556 2069 4612 videtur
2093 4559 2410 4612 atramento
2441 4560 2451 4627 Ι
2487 4565 2561 4612 1‘2.
2588 4554 3042 4625 παρακελευςτικ“

468 4634 511 4687 Α
573 4637 582 4701 Ι
649 4641 729 4688 15.
764 4635 942 4705 (καὶ)
977 4638 1266 4703 ὁριςτικόν
1301 4639 1394 4694 vel
1429 4642 1884 4709 <προςτακτικὸν
1920 4645 1999 4710 ἢ)
2046 4643 2328 4709 όριςτικόν
2364 4641 2607 4696 coniecit
2638 4640 2998 4696 RSchueider
3022 4643 3046 4710 ·Ι

468 4723 544 4774 16.
569 4722 696 4787 post
717 4721 999 4776 τύπτεςθε
1023 4721 1222 4776 inserit
1245 4721 1540 4792 GDronke,
1566 4742 1712 4794 quae
1737 4742 1886 4780 nunc
1913 4732 2037 4792 124,
2063 4730 2230 4780 8—14
2253 4725 2520 4795 leguntur
2549 4729 2557 4794 Ι
2587 4726 2647 4779 in
2670 4725 2926 4795 margine
2953 4718 3038 4781 Αιι

466 4816 595 4868 περι
629 4820 914 4871 χρονικων
948 4822 1355 4875 επιρρηματων
1382 4809 1394 4875 Ι
1423 4814 1505 4863 20.
1543 4811 1617 4877 μὴ
1654 4809 1783 4863 add.
1823 4810 1860 4862 b
1892 4816 1901 4877 Ι
1931 4811 2153 4880 αὔριον]
2193 4808 2287 4870 fol,
2316 4813 2413 4863 116
2435 4827 2479 4867 r.
2513 4815 2523 4877 ι
2553 4817 2619 4865 23
2663 4827 2926 4880 φρονεςω
2953 4816 2996 4869 Α
3038 4814 3045 4880 Ι

466 4890 548 4938 26.
584 4884 758 4943 ‘Em-t.
795 4889 911 4944 ἔςτι
942 4895 1106 4956 γοον’
1141 4890 1180 4945 b
1214 4890 1274 4945 in
1309 4908 1426 4947 var.
1462 4893 1592 4948 leet.
