3738 5530
692 324 818 390 196
892 318 1337 380 Commentarius
1364 320 1592 378 criticus
1620 321 1678 376 et
1706 320 2026 391 exegeticus
2052 319 2113 373 in
2141 318 2430 390 Apollonii
2462 318 2690 388 Dyscoli
2705 317 2930 389 ‘scripta
2955 318 3189 374 minora.

873 496 1018 571 186,
1041 496 1078 554 5
1118 493 1237 564 Qui
1274 511 1393 552 non
1430 491 1790 551 dubitabant
1825 490 2065 551 κακοῦν
2102 485 2216 551 τὰς
2263 484 2526 566 φράςεις
2569 492 2882 566 totumque
2928 490 3038 549 hoc
3074 488 3298 548 dicendi

688 603 874 664 genus
928 587 1208 644 insanum
1260 582 1561 659 dicebant,
1620 584 1933 658 poetarum
1987 580 2476 641 consuetudinem
2529 599 2648 639 non
2703 582 3069 640 secernentes
3114 597 3152 638 a
3205 597 3298 657 pe·

689 676 876 734 destri
931 676 1225 748 oratione,
1286 673 1479 732 facere
1533 690 1653 731 non
1708 672 1990 748 poterant
2044 670 2189 747 quin
2243 670 2393 729 talia
2449 669 2858 729 abiudicarent
2911 669 3196 729 Homero:
3253 670 3299 727 is

690 767 849 824 enim
903 763 1248 842 graecitatis
1307 779 1570 822 summus
1625 761 1817 820 iudex.
1909 760 2122 835 Itaque
2178 762 2316 819 ante
2373 754 2468 833 εἴη
2529 758 2904 819 inserendum
2964 762 3056 818 est
3107 753 3302 836 <ούκ>

691 847 815 938 (eui
863 847 944 912 ἄν
991 853 1123 912 add.
1170 851 1383 911 Matth.
1433 851 1466 910 I
1514 842 1643 932 72).
1735 850 1922 910 Lehrs
1967 852 2031 908 in
2076 849 2231 909 Ann.
2277 849 2394 908 litt.
2441 848 2570 909 Jen.
2616 851 2784 908 1879
2832 870 2889 926 p.
2931 849 3058 907 224
3105 847 3302 907 scribit

690 939 976 1017 Ὅμηρος
1021 936 1499 1020 (ἐπίμεμπτος)
1543 940 1641 999 vel
1685 934 1980 1017 <κακῶς>
2026 934 2123 1013 εἴη
2161 956 2214 998 κ.
2244 955 2296 999 τ.
2326 934 2374 999 ὲ
2405 955 2478 1010 ο.,
2525 934 2944 1016 (ἐλέγχοιντο
2980 933 3037 998 δ’
3076 931 3214 1016 ἄν),
3250 931 3301 996 εἰ

690 1028 810 1093 οὐκ
853 1030 1000 1103 κτλ.,
1058 1030 1159 1091 sed
1215 1033 1386 1091 tanto
1439 1029 1744 1089 molimine
1799 1046 1948 1106 opus
2003 1048 2124 1088 non
2178 1031 2322 1087 erat.
2414 1029 2506 1088 Ne
2559 1025 2636 1100 γὲ
2692 1028 2932 1104 quidem
2987 1026 3144 1103 quod
3190 1027 3225 1084 l.
3265 1027 3299 1084 5

690 1121 893 1181 addidi
938 1123 1331 1180 necessarium
1377 1123 1493 1195 est,
1546 1138 1690 1178 nam
1735 1113 1788 1179 εἰ
1834 1121 2032 1195 ipsum
2078 1137 2313 1196 quoque
2358 1119 2663 1178 notionem
2716 1118 3013 1177 causalem
3068 1114 3304 1175 induere

689 1213 924 1271 constat
968 1202 1068 1293 (ut
1113 1211 1149 1268 l.
1193 1201 1278 1292 2).
1361 1209 1656 1269 Homerus
1701 1207 1921 1268 dicitur
1968 1203 2088 1268 οὐκ
2132 1201 2396 1282 ἄπειρος
2441 1203 2741 1281 τοιαύτης
2786 1205 3194 1281 παραγωγῆς,
3239 1209 3304 1263 ut

689 1304 843 1377 synt.
879 1300 1084 1375 159,3
1126 1294 1244 1359 οὐκ
1272 1345 1286 1359 .
1318 1344 1330 1358 .
1370 1292 1585 1370 ἄγνως
1615 1344 1628 1358 .
1659 1344 1672 1358 .
1711 1296 1823 1372 τῆς
1861 1292 1952 1358 εἰς
1990 1296 2072 1358 ο-ιι
2106 1293 2423 1371 ληγούςης
2458 1296 2737 1372 γενικῆς;
2776 1297 2849 1356 cf.
2883 1295 3013 1356 adv.
3041 1297 3185 1371 185,
3205 1296 3301 1354 33.

872 1390 1077 1464 186,7
1127 1387 1199 1447 de
1245 1388 1358 1447 hac
1403 1390 1751 1465 quaestione
1797 1386 1929 1465 agit
1973 1387 2115 1447 Lob.
2153 1386 2267 1445 En.
2305 1387 2369 1446 Π
2418 1388 2562 1446 246.

871 1479 1019 1555 186,
1041 1479 1078 1537 9
1126 1472 1275 1553 παρ’
1325 1473 1529 1558 αὐτῷ]
1578 1472 1754 1552 παρά
1800 1495 1936 1536 cum
1983 1476 2057 1536 ab
2103 1475 2216 1553 Ap.
2265 1493 2397 1535 cum
2445 1477 2720 1555 genetivo
2767 1495 2887 1536 non
2933 1476 3307 1535 construatur

692 1560 911 1651 (neque
973 1567 1048 1626 ab
1106 1567 1476 1643 Herodiano,
1535 1567 1607 1626 cf.
1654 1566 1839 1626 Lehrs
1900 1566 2037 1626 Her.
2090 1557 2231 1647 72),
2289 1565 2624 1625 Dronkium
2678 1569 2912 1626 secutus
2971 1584 3103 1625 sum
3160 1560 3305 1638 παρ’

697 1654 873 1738 αὐτῷ
921 1657 1301 1734 scribentem3
1347 1650 1526 1741 (παρ’
1572 1651 1953 1731 Ἐπίκουρον
1999 1654 2130 1715 adv.
2176 1656 2320 1731 156,
2346 1659 2376 1714 1
2428 1659 2490 1714 in
2537 1656 2620 1732 A3
2679 1655 2828 1715 coni.
2871 1656 3018 1730 246,
3039 1656 3150 1730 33,
3208 1653 3308 1712 ubi

695 1768 748 1808 v.
799 1747 933 1807 adn.
970 1793 980 1804 .

878 1739 1024 1910 136,
1047 1837 1129 1895 10
1186 1830 1251 1896 αἱ
1297 1831 1375 1909 δὴ
1420 1866 1496 1877 -
1543 1836 1624 1894 15
1674 1830 1739 1895 αἱ
1793 1830 2064 1913 γενικαί]
2121 1834 2332 1894 Matth.
2372 1834 2403 1893 I
2450 1836 2531 1894 56
2595 1828 2775 1894 ‘male
2830 1827 3310 1911 interrumpunt',

689 1927 906 2003 inquit,
944 1920 1160 1986 ‘totam
1194 1924 1333 1984 inde
1377 1943 1414 1983 a
1455 1925 1600 2000 185,
1625 1925 1949 2001 17-186,
1972 1926 2048 1983 21
2093 1925 2489 2002 pertinentem
2525 1924 2991 2002 disputationem
3021 1971 3031 1982 .
3066 1971 3078 1982 .
3108 1969 3120 1981 .
3197 1922 3310 1982 Sed

691 2019 1110 2094 praeterquam
1157 2014 1314 2092 quod
1360 2013 1627 2074 versibus
1668 2014 1813 2090 186,
1839 2015 2097 2073 10—15
2147 2015 2678 2092 argumentationis
2715 2014 2859 2074 ordo
2905 2013 3060 2073 male
3095 2013 3310 2072 distur-

690 2106 895 2181 batur,
955 2104 1193 2183 singula
1250 2122 1485 2180 quoque
1545 2104 1865 2163 offendunt.
1959 2104 2167 2180 Neque
2222 2106 2380 2163 enim
2435 2102 2547 2181 Ap.
2595 2106 2659 2162 in
2719 2104 3061 2163 universum
3122 2102 3312 2161 dicere

690 2195 891 2272 potuit
926 2190 1026 2253 «αἱ
1062 2190 1462 2268 παρηγμέναι
1504 2187 1947 2268 ἀντωνυμίαι»,
1997 2196 2279 2269 quoniam
2315 2196 2404 2252 ita
2441 2194 2713 2253 nominat
2746 2195 3138 2270 possessivas3
3184 2196 3312 2251 erat

690 2284 1005 2343 dicendum
1042 2278 1105 2343 αἱ
1150 2282 1304 2362 τῇδε
1340 2278 1740 2358 παρηγμέναι
1777 2277 2187 2357 ἀντωνυμίαι.
2263 2283 2491 2343 Deinde
2528 2281 2680 2343 dura
2716 2286 2808 2343 est
2843 2283 3119 2344 vocabuli
3157 2276 3307 2341 ἀδύ-

691 2389 893 2434 νατον
939 2373 1275 2432 coniunctio
1322 2390 1455 2431 cum
1501 2373 1799 2432 contrario
1845 2391 2068 2449 eorum,
2116 2392 2269 2449 quae
2317 2376 2455 2433 ante
2501 2373 2664 2432 dicta
2708 2376 2862 2432 sunt.
2946 2372 3133 2432 Porro
3178 2391 3310 2448 pro-

690 2482 905 2523 nomen
959 2458 1277 2524 τοιούτοις
1330 2481 1449 2522 non
1505 2462 1687 2521 habet
1744 2481 1862 2539 quo
1919 2462 2238 2537 referatur,
2298 2464 2414 2522 nisi
2475 2462 2751 2522 lacunam
2811 2464 3059 2522 statuas.
3162 2462 3312 2520 Tum

692 2552 838 2631 quid
884 2551 997 2612 sibi
1042 2552 1255 2612 volunt
1299 2550 1482 2611 verba
1526 2546 1670 2611 τινὰ
1716 2545 1923 2625 ἄλλην
1967 2549 2312 2627 πρόθεςινῖ)
2372 2554 2543 2629 quasi
2597 2552 2706 2611 illa
2750 2553 2813 2611 in
2861 2550 2974 2613 e&
3019 2552 3312 2611 derivatio

690 2642 1054 2720 praepositio
1101 2644 1269 2701 esset.
1345 2641 1434 2700 Ac
1477 2660 1552 2700 ne
1599 2641 1871 2718 exempla
1917 2640 2156 2719 quidem
2201 2642 2490 2701 concinna
2534 2645 2693 2717 sunt,
2738 2660 2871 2701 cum
2918 2641 2994 2700 ad
3040 2642 3204 2719 prius
3251 2642 3312 2698 in

691 2733 960 2811 margine
1006 2730 1222 2792 codicis
1267 2725 1307 2805 ἢ
1355 2726 1520 2806 πρὸς
1556 2726 1889 2807 Λεςβόθεν,
1937 2730 2014 2791 ad
2062 2732 2315 2792 alterum
2361 2732 2492 2792 sola
2536 2728 2700 2807 πρὸς
2739 2728 2979 2808 Λέςβου
3026 2733 3312 2791 annotata

692 2826 829 2882 sint.
923 2822 1195 2898 Denique
1238 2822 1429 2881 totius
1484 2820 1601 2880 loci
1647 2825 2064 2899 argumentum
2107 2822 2266 2882 idem
2312 2825 2403 2882 est
2457 2824 2637 2899 atque
2683 2841 2961 2883 versuum
3012 2815 3311 2882 17-11’.

692 2913 806 2971 His
852 2911 925 2970 de
972 2911 1166 2971 causis
1213 2913 1419 2987 spuria
1462 2910 1570 2969 illa
1615 2910 1797 2971 verba
1842 2929 1969 2971 esse
2015 2914 2214 2971 censet
2249 2912 2462 2971 Matth.
2539 2912 2704 2983 Quae
2742 2915 3094 2990 argumenta
3139 2911 3310 2970 mira·

694 3005 823 3060 tum
871 3019 996 3060 esse
1041 2999 1445 3078 Egenolffium
1491 2993 1607 3084 (IV
1653 2991 1769 3081 48)
1816 3019 1937 3060 non
1991 3003 2189 3061 miror.
2280 3002 2438 3061 Nam
2491 3004 2751 3079 primum
2798 3003 2943 3078 quin
2989 3002 3081 3060 his
3127 2997 3191 3062 αἱ
3236 2997 3310 3073 δὴ

692 3085 1094 3165 παρηγμέναι
1136 3084 1526 3163 ἀντωνυμίαι
1572 3091 1929 3167 pronomina
1971 3090 2081 3149 illa
2125 3093 2188 3150 in
2227 3085 2338 3152 e&
2376 3092 2647 3152 derivata
2692 3091 3101 3170 significentur
3145 3109 3312 3149 nemo

692 3180 1010 3256 dubitabit,
1056 3180 1161 3256 qui
1207 3197 1278 3239 ea
1315 3198 1466 3254 quae
1511 3179 1878 3255 praecedunt
1911 3181 2246 3260 perlegerit.
2321 3180 2472 3240 Tum
2509 3183 2580 3240 ut
2615 3181 3052 3240 concedendum
3087 3184 3176 3240 est
3210 3180 3312 3238 du·

691 3290 826 3328 rum
874 3287 1000 3330 esse
1058 3268 1387 3345 asyndeton
1443 3267 1600 3328 inter
1644 3263 1971 3330 ἀδύνατον
2017 3271 2079 3328 et
2123 3290 2193 3330 ea
2240 3289 2391 3346 quae
2446 3271 2834 3348 praecedunt,
2886 3271 2977 3329 ita
3031 3270 3314 3329 faciHima

693 3357 928 3418 medela
972 3359 1035 3416 in
1080 3359 1363 3436 promptu
1407 3360 1523 3417 est:
1583 3358 1772 3418 scribe
1818 3353 2147 3420 ἀδύνατον
2190 3354 2272 3437 <ὄ
2284 3355 2389 3439 ν>,
2446 3379 2564 3419 non
2610 3363 2831 3438 puncto
2877 3360 2981 3419 sed
3026 3363 3312 3419 commate

692 3450 1062 3525 praeposit03
1109 3467 1227 3524 quo
1264 3447 1424 3507 facto
1460 3467 1652 3524 neque
1679 3447 1911 3525 Uhligii
1948 3447 2355 3509 additamento
2403 3468 2550 3527 opus
2599 3453 2689 3509 est
2734 3468 2841 3510 nec
2885 3449 3310 3509 mutationibus

693 3537 1014 3617 Egenolffii
1062 3529 1120 3619 (I
1163 3528 1349 3618 844):
1397 3531 1722 3598 ἀδύνατον
1768 3537 1905 3597 τοῖς
1952 3531 2203 3614 (ἄλλοις
2215 3535 2274 3618 Ρ)
2321 3535 2444 3598 διὰ
2489 3538 2625 3599 τοῦ
2672 3533 2785 3599 θ’ἑν
2831 3536 2945 3617 (=
2966 3534 3308 3614 τοιούτοις)

694 3622 1066 3701 ἑπιρρήμαςι
1120 3624 1497 3701 προςελθεῑν
1551 3642 1697 3686 τινα
1749 3622 2054 3700 πρόθεςιν
2097 3628 2193 3688 vel
2238 3628 2375 3689 τοῖς
2429 3624 2872 3704 προκειμένοις
2926 3623 3306 3704 ἑπιρρήμαςι.

691 3716 847 3776 Nam
893 3715 1088 3777 verbis
1133 3714 1271 3776 τοῖς
1314 3711 1634 3776 τοιούτοις
1682 3710 2056 3791 ἐπιρρήμαςι
2101 3718 2235 3794 ipsa
2280 3717 2389 3776 illa
2434 3720 2498 3777 in
2545 3710 2657 3778 θῖἷι
2695 3717 2967 3778 derivata
3013 3715 3306 3796 designari

691 3807 1130 3884 apertissimum
1174 3807 1280 3865 est.
1371 3804 1502 3864 Iam
1548 3806 1652 3882 qui
1695 3804 1825 3864 fieri
1867 3807 2072 3882 potuit
2128 3809 2198 3865 ut
2242 3807 2528 3867 Matthias
2573 3810 2712 3885 post
2755 3807 3077 3886 Egenolffii
3122 3806 3298 3883 expli·

691 3897 984 3956 cationem
1042 3887 1108 3978 (1.
1147 3913 1190 3954 s.
1231 3887 1305 3976 s.)
1361 3913 1480 3954 non
1533 3895 1920 3971 perspiceret,
1978 3891 2123 3956 τινὰ
2179 3890 2383 3970 ἄλλην
2436 3893 2738 3973 πρόθεςιν
2799 3916 2925 3958 esse
2984 3891 3308 3974 ‘praeterea

693 3977 761 4068 (i.
798 4004 846 4043 e.
893 3987 1132 4062 praeter
1190 3977 1302 4044 θῖν’
1360 3976 1666 4067 suffixum)
1726 3985 2231 4061 praepositionem
2291 3981 2601 4062 aliquam’,
2658 3989 3011 4064 praesertim
3072 4005 3204 4046 cum
3259 3985 3307 4042 is

694 4069 892 4135 ἄλλος
945 4075 1106 4134 vocis
1161 4092 1301 4133 usus
1355 4072 1494 4132 inde
1550 4073 1626 4132 ab
1671 4073 1919 4134 Homeri
1971 4076 2340 4152 temporibus
2395 4077 2671 4153 frequens
2726 4075 2848 4137 sit?
2922 4076 3153 4136 Deinde
3197 4093 3306 4133 non

695 4164 980 4242 intellego
1027 4182 1147 4240 qua
1201 4163 1273 4223 de
1319 4181 1497 4222 causa
1552 4163 1822 4239 exempla
1878 4164 2065 4223 allata
2117 4166 2472 4225 inconcinna
2526 4169 2674 4242 sint3
2733 4166 2939 4226 eadem
2984 4166 3107 4226 fere
3151 4183 3306 4243 pron.

700 4254 805 4329 67,
825 4254 995 4313 8—9
1045 4253 1394 4327 afferuntur,
1451 4256 1873 4330 praeterquam
1930 4253 2089 4330 quod
2132 4255 2218 4313 ibi
2274 4273 2383 4315 nec
2435 4252 2598 4330 πρὸς
2645 4251 2960 4332 Λεςβόθεν
3005 4274 3113 4315 nec
3155 4250 3311 4329 πρὸς

698 4338 939 4418 Λέςβου
977 4342 1215 4420 legitur,
1252 4341 1356 4402 sed
1395 4341 1553 4419 quod
1590 4342 1789 4419 aptius
1827 4345 1918 4402 est
1953 4339 2082 4418 πρὸ
2111 4339 2425 4420 Λεςβόθεν
2454 4347 2516 4404 et
2550 4340 2679 4420 πρὸ
2708 4341 2966 4421 Λέςβου.
3012 4345 3308 4405 Postremo

698 4449 850 4509 nego
878 4433 1064 4491 totius
1101 4432 1217 4490 loci
1254 4435 1669 4510 argumentum
1700 4432 1858 4492 idem
1888 4450 2014 4492 esse
2045 4436 2222 4509 atque
2250 4453 2529 4494 versuum
2561 4436 2816 4494 17—11
2853 4427 2918 4517 (i.
2939 4454 2987 4495 e.
3014 4438 3093 4494 17
3104 4425 3307 4514 -21).

693 4520 851 4579 Nam
906 4522 1160 4580 17—21
1214 4539 1286 4580 ea
1331 4522 1659 4581 afferuntur
1705 4522 1975 4599 exempla
2032 4541 2101 4581 ex
2150 4524 2362 4600 quibus
2411 4527 2724 4601 appareat,
2781 4521 3005 4599 ἐμέθεν
3054 4521 3197 4585 ἕθεν
3241 4521 3310 4581 ab

694 4609 954 4670 Homero
1001 4629 1137 4670 cum
1181 4611 1727 4689 praepositionibus
1773 4611 2065 4687 construi3
2113 4616 2288 4673 antea
2336 4616 2535 4673 autem
2581 4635 2651 4674 ea
2698 4614 2913 4691 quibus
2960 4614 3310 4675 demonstre-

695 4703 812 4774 tur,
856 4700 1072 4759 localia
1116 4702 1178 4758 in
1223 4693 1338 4760 ὂῖν
1385 4718 1519 4759 cum
1564 4700 2110 4778 praepositionibus
2156 4722 2292 4763 non
2339 4704 2633 4782 coniungi.

875 4789 1045 4848 Haec
1087 4791 1152 4848 in
1195 4781 1310 4849 ὒῖν
1356 4790 1638 4849 adverbia
1682 4794 1788 4850 aut
1821 4808 1863 4849 a
1907 4793 2242 4852 nominibus
2278 4798 2384 4853 aut
2418 4795 2493 4853 ab
2531 4795 2824 4854 adverbiis
2860 4799 2981 4864 aut,
3025 4797 3094 4855 ut
3135 4807 3312 4869 supra

697 4879 916 4938 dictum
974 4882 1086 4946 cst,
1148 4896 1188 4936 a
1236 4881 1684 4954 pronominibus
1741 4881 2102 4940 derivantur.
2208 4883 2369 4959 Quae
2428 4886 2626 4944 omnia
2683 4884 2966 4944 vocabula
3013 4886 3314 4959 primitiva

695 4967 963 5029 ultimam
996 4967 1248 5028 bitteram
1282 4969 1557 5039 abiciunt,
1593 4972 1832 5042 practer
1869 4988 1940 5030 ea
1977 4989 2127 5046 quae
2161 4973 2227 5032 in
2260 4990 2446 5033 unam
2485 4973 2741 5034 vocalem
2777 4977 3012 5034 exeunt:
3060 4991 3130 5035 ea
3169 4975 3315 5035 enim
