<?xml version="1.0" encoding="UTF-8"?>
<!DOCTYPE html PUBLIC "-//W3C//DTD XHTML 1.0 Transitional//EN"
    "http://www.w3.org/TR/xhtml1/DTD/xhtml1-transitional.dtd">
<html xmlns="http://www.w3.org/1999/xhtml" xml:lang="en" lang="en">
 <head>
  <title>
</title>
<meta http-equiv="Content-Type" content="text/html;charset=utf-8" />
  <meta name='ocr-system' content='tesseract 3.04.00' />
  <meta name='ocr-capabilities' content='ocr_page ocr_carea ocr_par ocr_line ocrx_word'/>
</head>
<body>
  <div class='ocr_page' id='page_1' title='image "./grammaticigraec00unkngoog_0203.png"; bbox 0 0 3738 5530; ppageno 0'>
   <div class='ocr_carea' id='block_1_1' title="bbox 417 911 470 949">
    <p class='ocr_par' dir='ltr' id='par_1_1' title="bbox 417 911 470 949">
     <span class='ocr_line' id='line_1_1' title="bbox 417 911 470 949; baseline 0 0"><span class='ocrx_word' id='word_1_1' title='bbox 417 911 470 949; x_wconf 76' lang='lat'>30</span> 
     </span>
    </p>
   </div>
   <div class='ocr_carea' id='block_1_2' title="bbox 1300 349 3109 444">
    <p class='ocr_par' dir='ltr' id='par_1_2' title="bbox 1300 349 3109 444">
     <span class='ocr_line' id='line_1_2' title="bbox 1300 349 3109 444; baseline 0.003 -11"><span class='ocrx_word' id='word_1_2' title='bbox 1300 381 1672 433; x_wconf 68' lang='lat' dir='ltr'>Anvssssssu.</span> <span class='ocrx_word' id='word_1_3' title='bbox 1709 380 1787 431; x_wconf 80' lang='lat' dir='ltr'>IN</span> <span class='ocrx_word' id='word_1_4' title='bbox 1824 366 1981 433; x_wconf 62' lang='grc' dir='ltr'>ῶῑιῖ</span> <span class='ocrx_word' id='word_1_5' title='bbox 2030 377 2148 444; x_wconf 77' lang='grc' dir='ltr'>(ΕΤ</span> <span class='ocrx_word' id='word_1_6' title='bbox 2187 365 2304 442; x_wconf 66' lang='lat'>615.</span> <span class='ocrx_word' id='word_1_7' title='bbox 2398 349 2403 354; x_wconf 69' lang='grc'><strong>’</strong></span> <span class='ocrx_word' id='word_1_8' title='bbox 2988 373 3109 439; x_wconf 87' lang='lat'>185</span> 
     </span>
    </p>
   </div>
   <div class='ocr_carea' id='block_1_3' title="bbox 514 579 3114 769">
    <p class='ocr_par' dir='ltr' id='par_1_3' title="bbox 514 579 3114 769">
     <span class='ocr_line' id='line_1_3' title="bbox 514 579 3114 667; baseline -0.003 -15"><span class='ocrx_word' id='word_1_9' title='bbox 514 622 598 633; x_wconf 91' lang='lat'>—</span> <span class='ocrx_word' id='word_1_10' title='bbox 651 586 794 651; x_wconf 88' lang='grc' dir='ltr'>Ὅτι</span> <span class='ocrx_word' id='word_1_11' title='bbox 850 587 965 664; x_wconf 81' lang='grc' dir='ltr'>μὲν</span> <span class='ocrx_word' id='word_1_12' title='bbox 1021 585 1145 666; x_wconf 83' lang='grc' dir='ltr'>γὰρ</span> <span class='ocrx_word' id='word_1_13' title='bbox 1204 585 1269 650; x_wconf 89' lang='grc' dir='ltr'>αἱ</span> <span class='ocrx_word' id='word_1_14' title='bbox 1324 586 1542 667; x_wconf 82' lang='grc' dir='ltr'>φωναὶ</span> <span class='ocrx_word' id='word_1_15' title='bbox 1597 582 1812 664; x_wconf 91' lang='grc' dir='ltr'>ὅμοιαι</span> <span class='ocrx_word' id='word_1_16' title='bbox 1872 582 2029 647; x_wconf 86' lang='grc' dir='ltr'>κατὰ</span> <span class='ocrx_word' id='word_1_17' title='bbox 2083 583 2198 660; x_wconf 85' lang='grc' dir='ltr'>τὴν</span> <span class='ocrx_word' id='word_1_18' title='bbox 2253 583 2650 662; x_wconf 82' lang='grc' dir='ltr'>παραγωγὴν</span> <span class='ocrx_word' id='word_1_19' title='bbox 2705 583 2839 646; x_wconf 84' lang='grc' dir='ltr'>τοῖς</span> <span class='ocrx_word' id='word_1_20' title='bbox 2891 579 3114 644; x_wconf 84' lang='grc' dir='ltr'>ἄλλοις</span> 
     </span>
     <span class='ocr_line' id='line_1_4' title="bbox 517 681 3112 769; baseline -0.002 -16"><span class='ocrx_word' id='word_1_21' title='bbox 517 689 1058 768; x_wconf 86' lang='grc' dir='ltr'>ἐπιρρηματικοῖς,</span> <span class='ocrx_word' id='word_1_22' title='bbox 1132 689 1330 769; x_wconf 78' lang='grc' dir='ltr'>ςαφὲς</span> <span class='ocrx_word' id='word_1_23' title='bbox 1388 687 1456 751; x_wconf 87' lang='grc' dir='ltr'>ἐκ</span> <span class='ocrx_word' id='word_1_24' title='bbox 1514 686 1766 751; x_wconf 84' lang='grc' dir='ltr'>τούτου.</span> <span class='ocrx_word' id='word_1_25' title='bbox 1860 686 2038 763; x_wconf 88' lang='grc' dir='ltr'>παρὰ</span> <span class='ocrx_word' id='word_1_26' title='bbox 2090 686 2205 762; x_wconf 87' lang='grc' dir='ltr'>τὴν</span> <span class='ocrx_word' id='word_1_27' title='bbox 2259 682 2561 763; x_wconf 86' lang='grc' dir='ltr'>Λέςβου</span> <span class='ocrx_word' id='word_1_28' title='bbox 2629 684 2883 761; x_wconf 85' lang='grc' dir='ltr'>γενικὴν</span> <span class='ocrx_word' id='word_1_29' title='bbox 2938 681 3014 747; x_wconf 87' lang='grc' dir='ltr'>τὸ</span> <span class='ocrx_word' id='word_1_30' title='bbox 3071 681 3112 748; x_wconf 68' lang='lat' dir='ltr'>fi</span> 
     </span>
    </p>
   </div>
   <div class='ocr_carea' id='block_1_4' title="bbox 521 784 3181 1280">
    <p class='ocr_par' dir='ltr' id='par_1_4' title="bbox 521 784 3181 1176">
     <span class='ocr_line' id='line_1_5' title="bbox 521 784 3111 871; baseline -0.003 -15"><span class='ocrx_word' id='word_1_31' title='bbox 521 791 979 856; x_wconf 89' lang='grc' dir='ltr'>ἀποτέθλιπται</span> <span class='ocrx_word' id='word_1_32' title='bbox 1011 789 1081 854; x_wconf 89' lang='grc' dir='ltr'>ἐν</span> <span class='ocrx_word' id='word_1_33' title='bbox 1111 796 1202 871; x_wconf 84' lang='grc' dir='ltr'>τῷ</span> <span class='ocrx_word' id='word_1_34' title='bbox 1233 787 1660 870; x_wconf 86' lang='grc' dir='ltr'>Λεςβόθεν,</span> <span class='ocrx_word' id='word_1_35' title='bbox 1708 786 1798 850; x_wconf 81' lang='grc' dir='ltr'>ὡς</span> <span class='ocrx_word' id='word_1_36' title='bbox 1833 788 1935 851; x_wconf 86' lang='grc' dir='ltr'>καὶ</span> <span class='ocrx_word' id='word_1_37' title='bbox 1966 787 2141 865; x_wconf 85' lang='grc' dir='ltr'>παρὰ</span> <span class='ocrx_word' id='word_1_38' title='bbox 2170 787 2285 865; x_wconf 84' lang='grc' dir='ltr'>τὴν</span> <span class='ocrx_word' id='word_1_39' title='bbox 2319 784 2603 864; x_wconf 84' lang='grc' dir='ltr'>οὐρανοῦ</span> <span class='ocrx_word' id='word_1_40' title='bbox 2638 785 3111 871; x_wconf 81' lang='grc' dir='ltr'>οὐρανόθεν,</span> 
     </span>
     <span class='ocr_line' id='line_1_6' title="bbox 521 886 3112 971; baseline -0.001 -15"><span class='ocrx_word' id='word_1_41' title='bbox 521 893 619 957; x_wconf 82' lang='grc' dir='ltr'>καὶ</span> <span class='ocrx_word' id='word_1_42' title='bbox 663 892 826 971; x_wconf 84' lang='grc' dir='ltr'>παρ’</span> <span class='ocrx_word' id='word_1_43' title='bbox 869 891 1181 970; x_wconf 82' lang='grc' dir='ltr'>ἐπίρρημα</span> <span class='ocrx_word' id='word_1_44' title='bbox 1225 891 1299 955; x_wconf 89' lang='grc' dir='ltr'>τὸ</span> <span class='ocrx_word' id='word_1_45' title='bbox 1344 893 1543 969; x_wconf 84' lang='grc' dir='ltr'>τηλοῦ</span> <span class='ocrx_word' id='word_1_46' title='bbox 1599 888 1965 966; x_wconf 85' lang='grc' dir='ltr'>τηλόθεν·</span> <span class='ocrx_word' id='word_1_47' title='bbox 2024 888 2127 952; x_wconf 85' lang='grc' dir='ltr'>καὶ</span> <span class='ocrx_word' id='word_1_48' title='bbox 2186 890 2263 967; x_wconf 87' lang='grc' dir='ltr'>δὴ</span> <span class='ocrx_word' id='word_1_49' title='bbox 2319 888 2481 967; x_wconf 77' lang='grc' dir='ltr'>παρ’</span> <span class='ocrx_word' id='word_1_50' title='bbox 2537 886 2941 967; x_wconf 91' lang='grc' dir='ltr'>ἀντωνυμίαν</span> <span class='ocrx_word' id='word_1_51' title='bbox 2997 891 3112 969; x_wconf 86' lang='grc' dir='ltr'>τὴν</span> 
     </span>
     <span class='ocr_line' id='line_1_7' title="bbox 521 989 3181 1073; baseline -0.002 -16"><span class='ocrx_word' id='word_1_52' title='bbox 521 994 669 1072; x_wconf 84' lang='grc' dir='ltr'>ἐμεῦ</span> <span class='ocrx_word' id='word_1_53' title='bbox 715 994 794 1073; x_wconf 91' lang='grc' dir='ltr'>ἦν</span> <span class='ocrx_word' id='word_1_54' title='bbox 838 994 914 1057; x_wconf 89' lang='grc' dir='ltr'>τὸ</span> <span class='ocrx_word' id='word_1_55' title='bbox 962 993 1271 1073; x_wconf 85' lang='grc' dir='ltr'>ἐμέθεν,</span> <span class='ocrx_word' id='word_1_56' title='bbox 1320 997 1425 1058; x_wconf 87' lang='grc' dir='ltr'>ςεῦ</span> <span class='ocrx_word' id='word_1_57' title='bbox 1472 993 1711 1058; x_wconf 86' lang='grc' dir='ltr'>ςέθεν.</span> <span class='ocrx_word' id='word_1_58' title='bbox 1786 990 2084 1054; x_wconf 86' lang='grc' dir='ltr'>ἐντεῦθεν</span> <span class='ocrx_word' id='word_1_59' title='bbox 2129 990 2253 1067; x_wconf 87' lang='grc' dir='ltr'>γὰρ</span> <span class='ocrx_word' id='word_1_60' title='bbox 2298 990 2400 1054; x_wconf 86' lang='grc' dir='ltr'>καὶ</span> <span class='ocrx_word' id='word_1_61' title='bbox 2444 989 2802 1071; x_wconf 81' lang='grc' dir='ltr'>ὁμόλογον,</span> <span class='ocrx_word' id='word_1_62' title='bbox 2849 990 2947 1056; x_wconf 86' lang='grc' dir='ltr'>ὅτι</span> <span class='ocrx_word' id='word_1_63' title='bbox 2993 991 3113 1071; x_wconf 83' lang='grc' dir='ltr'>οὐχ</span> <span class='ocrx_word' id='word_1_64' title='bbox 3150 1006 3181 1052; x_wconf 88' lang='lat'>5</span> 
     </span>
     <span class='ocr_line' id='line_1_8' title="bbox 521 1090 2949 1176; baseline -0.002 -17"><span class='ocrx_word' id='word_1_65' title='bbox 521 1096 561 1176; x_wconf 86' lang='grc' dir='ltr'><strong>ἡ</strong></span> <span class='ocrx_word' id='word_1_66' title='bbox 607 1096 764 1175; x_wconf 84' lang='grc' dir='ltr'>ἐμοῦ</span> <span class='ocrx_word' id='word_1_67' title='bbox 811 1095 934 1159; x_wconf 89' lang='grc' dir='ltr'>ἐςτι</span> <span class='ocrx_word' id='word_1_68' title='bbox 981 1097 1372 1176; x_wconf 54' lang='grc' dir='ltr'>παραχκῖςα</span> <span class='ocrx_word' id='word_1_69' title='bbox 1415 1094 1690 1175; x_wconf 83' lang='grc' dir='ltr'>Ἀττική,</span> <span class='ocrx_word' id='word_1_70' title='bbox 1738 1091 1890 1157; x_wconf 79' lang='grc' dir='ltr'>ἀλλ’</span> <span class='ocrx_word' id='word_1_71' title='bbox 1935 1090 2174 1169; x_wconf 87' lang='grc' dir='ltr'>Ἰωνικὴ</span> <span class='ocrx_word' id='word_1_72' title='bbox 2220 1090 2259 1168; x_wconf 89' lang='grc' dir='ltr'>ἢ</span> <span class='ocrx_word' id='word_1_73' title='bbox 2303 1091 2565 1170; x_wconf 88' lang='grc' dir='ltr'>Δωρικὴ</span> <span class='ocrx_word' id='word_1_74' title='bbox 2612 1091 2734 1174; x_wconf 89' lang='grc' dir='ltr'>&lt;ἡ&gt;</span> <span class='ocrx_word' id='word_1_75' title='bbox 2779 1091 2949 1170; x_wconf 87' lang='grc' dir='ltr'>ἐμεῦ.</span> 
     </span>
    </p>

    <p class='ocr_par' dir='ltr' id='par_1_5' title="bbox 692 1190 3111 1280">
     <span class='ocr_line' id='line_1_9' title="bbox 692 1190 3111 1280; baseline -0 -19"><span class='ocrx_word' id='word_1_76' title='bbox 692 1197 787 1261; x_wconf 88' lang='grc' dir='ltr'>Τὰ</span> <span class='ocrx_word' id='word_1_77' title='bbox 831 1197 946 1274; x_wconf 80' lang='grc' dir='ltr'>μὲν</span> <span class='ocrx_word' id='word_1_78' title='bbox 993 1195 1114 1261; x_wconf 83' lang='grc' dir='ltr'>οὖν</span> <span class='ocrx_word' id='word_1_79' title='bbox 1157 1200 1269 1274; x_wconf 88' lang='grc' dir='ltr'>τῆς</span> <span class='ocrx_word' id='word_1_80' title='bbox 1312 1200 1537 1277; x_wconf 87' lang='grc' dir='ltr'>φωνῆς</span> <span class='ocrx_word' id='word_1_81' title='bbox 1583 1202 1734 1280; x_wconf 86' lang='grc' dir='ltr'>τῇδε</span> <span class='ocrx_word' id='word_1_82' title='bbox 1781 1195 1927 1274; x_wconf 84' lang='grc' dir='ltr'>ἔχει,</span> <span class='ocrx_word' id='word_1_83' title='bbox 1975 1191 2065 1256; x_wconf 79' lang='grc' dir='ltr'>ὥς</span> <span class='ocrx_word' id='word_1_84' title='bbox 2108 1190 2351 1271; x_wconf 84' lang='grc' dir='ltr'>ὁμοίως</span> <span class='ocrx_word' id='word_1_85' title='bbox 2397 1193 2714 1271; x_wconf 86' lang='grc' dir='ltr'>παρήχθη·</span> <span class='ocrx_word' id='word_1_86' title='bbox 2762 1194 2840 1258; x_wconf 88' lang='grc' dir='ltr'>τὰ</span> <span class='ocrx_word' id='word_1_87' title='bbox 2884 1196 2956 1259; x_wconf 79' lang='grc' dir='ltr'>δὲ</span> <span class='ocrx_word' id='word_1_88' title='bbox 2994 1200 3111 1259; x_wconf 92' lang='grc' dir='ltr'>τοῦ</span> 
     </span>
    </p>
   </div>
   <div class='ocr_carea' id='block_1_5' title="bbox 389 1292 3116 1378">
    <p class='ocr_par' dir='ltr' id='par_1_6' title="bbox 389 1292 3116 1378">
     <span class='ocr_line' id='line_1_10' title="bbox 389 1292 3116 1378; baseline -0.001 -16"><span class='ocrx_word' id='word_1_89' title='bbox 389 1314 488 1362; x_wconf 77' lang='lat'>598</span> <span class='ocrx_word' id='word_1_90' title='bbox 525 1299 992 1378; x_wconf 89' lang='grc' dir='ltr'>ςημαινομένου</span> <span class='ocrx_word' id='word_1_91' title='bbox 1037 1298 1203 1377; x_wconf 89' lang='grc' dir='ltr'>πρὸς</span> <span class='ocrx_word' id='word_1_92' title='bbox 1260 1298 1452 1363; x_wconf 83' lang='grc' dir='ltr'>ἐνίων</span> <span class='ocrx_word' id='word_1_93' title='bbox 1500 1297 1672 1363; x_wconf 87' lang='grc' dir='ltr'>οὕτω</span> <span class='ocrx_word' id='word_1_94' title='bbox 1718 1295 2083 1377; x_wconf 87' lang='grc' dir='ltr'>καθίςτατο,</span> <span class='ocrx_word' id='word_1_95' title='bbox 2147 1292 2238 1356; x_wconf 84' lang='grc' dir='ltr'>ὡς</span> <span class='ocrx_word' id='word_1_96' title='bbox 2283 1292 2401 1357; x_wconf 85' lang='grc' dir='ltr'>οὐκ</span> <span class='ocrx_word' id='word_1_97' title='bbox 2451 1293 2548 1373; x_wconf 85' lang='grc' dir='ltr'>εἴη</span> <span class='ocrx_word' id='word_1_98' title='bbox 2603 1294 2994 1374; x_wconf 85' lang='grc' dir='ltr'>ἐπιρρήματα</span> <span class='ocrx_word' id='word_1_99' title='bbox 3037 1297 3116 1361; x_wconf 88' lang='grc' dir='ltr'>τὰ</span> 
     </span>
    </p>
   </div>
   <div class='ocr_carea' id='block_1_6' title="bbox 427 2040 476 2079">
    <p class='ocr_par' dir='ltr' id='par_1_7' title="bbox 427 2040 476 2079">
     <span class='ocr_line' id='line_1_11' title="bbox 427 2040 476 2079; baseline 0.061 -3"><span class='ocrx_word' id='word_1_100' title='bbox 427 2040 476 2079; x_wconf 84' lang='grc'>10</span> 
     </span>
    </p>
   </div>
   <div class='ocr_carea' id='block_1_7' title="bbox 429 2443 478 2484">
    <p class='ocr_par' dir='ltr' id='par_1_8' title="bbox 429 2443 478 2484">
     <span class='ocr_line' id='line_1_12' title="bbox 429 2443 478 2484; baseline 0 0"><span class='ocrx_word' id='word_1_101' title='bbox 429 2443 478 2484; x_wconf 80' lang='lat'>15</span> 
     </span>
    </p>
   </div>
   <div class='ocr_carea' id='block_1_8' title="bbox 522 1396 3221 3922">
    <p class='ocr_par' dir='ltr' id='par_1_9' title="bbox 522 1396 3216 2496">
     <span class='ocr_line' id='line_1_13' title="bbox 522 1396 3112 1483; baseline -0.001 -19"><span class='ocrx_word' id='word_1_102' title='bbox 522 1400 946 1483; x_wconf 78' lang='grc' dir='ltr'>προκείμενα,</span> <span class='ocrx_word' id='word_1_103' title='bbox 1020 1399 1354 1478; x_wconf 76' lang='grc' dir='ltr'>«καθότι»,</span> <span class='ocrx_word' id='word_1_104' title='bbox 1434 1400 1617 1481; x_wconf 85' lang='grc' dir='ltr'>φαςί,</span> <span class='ocrx_word' id='word_1_105' title='bbox 1688 1401 1808 1464; x_wconf 85' lang='grc' dir='ltr'>«τὰ</span> <span class='ocrx_word' id='word_1_106' title='bbox 1881 1396 2274 1476; x_wconf 84' lang='grc' dir='ltr'>ἐπιρρήματα</span> <span class='ocrx_word' id='word_1_107' title='bbox 2350 1396 2469 1462; x_wconf 84' lang='grc' dir='ltr'>οὐκ</span> <span class='ocrx_word' id='word_1_108' title='bbox 2554 1396 2679 1462; x_wconf 83' lang='grc' dir='ltr'>ἔςτι</span> <span class='ocrx_word' id='word_1_109' title='bbox 2743 1399 3112 1474; x_wconf 88' lang='grc' dir='ltr'>προςώπων</span> 
     </span>
     <span class='ocr_line' id='line_1_14' title="bbox 522 1497 3215 1585; baseline -0.002 -18"><span class='ocrx_word' id='word_1_110' title='bbox 522 1501 954 1585; x_wconf 85' lang='grc' dir='ltr'>διαςταλτικά,</span> <span class='ocrx_word' id='word_1_111' title='bbox 1012 1501 1139 1566; x_wconf 82' lang='grc' dir='ltr'>ἔςτι</span> <span class='ocrx_word' id='word_1_112' title='bbox 1198 1502 1270 1566; x_wconf 81' lang='grc' dir='ltr'>δὲ</span> <span class='ocrx_word' id='word_1_113' title='bbox 1312 1502 1388 1566; x_wconf 88' lang='grc' dir='ltr'>τό</span> <span class='ocrx_word' id='word_1_114' title='bbox 1431 1522 1502 1566; x_wconf 88' lang='grc' dir='ltr'>τε</span> <span class='ocrx_word' id='word_1_115' title='bbox 1558 1500 1830 1579; x_wconf 85' lang='grc' dir='ltr'>ἐμέθεν</span> <span class='ocrx_word' id='word_1_116' title='bbox 1877 1500 1978 1563; x_wconf 87' lang='grc' dir='ltr'>καὶ</span> <span class='ocrx_word' id='word_1_117' title='bbox 2034 1497 2254 1563; x_wconf 87' lang='grc' dir='ltr'>ςέθεν</span> <span class='ocrx_word' id='word_1_118' title='bbox 2311 1499 2681 1578; x_wconf 86' lang='grc' dir='ltr'>προςώπων</span> <span class='ocrx_word' id='word_1_119' title='bbox 2735 1518 3112 1579; x_wconf 87' lang='grc' dir='ltr'>παραςτατι-</span> <span class='ocrx_word' id='word_1_120' title='bbox 3153 1513 3215 1561; x_wconf 92' lang='lat'>10</span> 
     </span>
     <span class='ocr_line' id='line_1_15' title="bbox 523 1598 3112 1682; baseline -0.001 -16"><span class='ocrx_word' id='word_1_121' title='bbox 523 1603 705 1670; x_wconf 82' lang='grc' dir='ltr'>κόν».</span> <span class='ocrx_word' id='word_1_122' title='bbox 766 1639 846 1649; x_wconf 91' lang='grc'><strong>-</strong></span> <span class='ocrx_word' id='word_1_123' title='bbox 920 1603 1032 1667; x_wconf 88' lang='grc' dir='ltr'>Καὶ</span> <span class='ocrx_word' id='word_1_124' title='bbox 1095 1602 1184 1668; x_wconf 82' lang='grc' dir='ltr'>ὡς</span> <span class='ocrx_word' id='word_1_125' title='bbox 1253 1603 1441 1668; x_wconf 86' lang='grc' dir='ltr'>ἕνεκα</span> <span class='ocrx_word' id='word_1_126' title='bbox 1494 1607 1614 1669; x_wconf 87' lang='grc' dir='ltr'>τοῦ</span> <span class='ocrx_word' id='word_1_127' title='bbox 1668 1601 1971 1668; x_wconf 87' lang='grc' dir='ltr'>τοιούτου</span> <span class='ocrx_word' id='word_1_128' title='bbox 2029 1598 2147 1666; x_wconf 86' lang='grc' dir='ltr'>οὐκ</span> <span class='ocrx_word' id='word_1_129' title='bbox 2204 1600 2490 1680; x_wconf 86' lang='grc' dir='ltr'>ἀπελύθη</span> <span class='ocrx_word' id='word_1_130' title='bbox 2555 1601 2632 1666; x_wconf 87' lang='grc' dir='ltr'>τὸ</span> <span class='ocrx_word' id='word_1_131' title='bbox 2697 1600 3112 1682; x_wconf 81' lang='grc' dir='ltr'>ζητούμενον.</span> 
     </span>
     <span class='ocr_line' id='line_1_16' title="bbox 524 1702 3114 1787; baseline -0.001 -19"><span class='ocrx_word' id='word_1_132' title='bbox 524 1705 789 1772; x_wconf 84' lang='grc' dir='ltr'>δύναται</span> <span class='ocrx_word' id='word_1_133' title='bbox 831 1705 954 1782; x_wconf 86' lang='grc' dir='ltr'>γὰρ</span> <span class='ocrx_word' id='word_1_134' title='bbox 1000 1707 1159 1770; x_wconf 86' lang='grc' dir='ltr'>κατὰ</span> <span class='ocrx_word' id='word_1_135' title='bbox 1189 1706 1542 1784; x_wconf 89' lang='grc' dir='ltr'>πρόςωπον</span> <span class='ocrx_word' id='word_1_136' title='bbox 1582 1705 1621 1784; x_wconf 85' lang='grc' dir='ltr'>ἡ</span> <span class='ocrx_word' id='word_1_137' title='bbox 1652 1704 2010 1784; x_wconf 87' lang='grc' dir='ltr'>παραγωγὴ</span> <span class='ocrx_word' id='word_1_138' title='bbox 2039 1707 2154 1768; x_wconf 92' lang='grc' dir='ltr'>τοῦ</span> <span class='ocrx_word' id='word_1_139' title='bbox 2185 1702 2616 1783; x_wconf 81' lang='grc' dir='ltr'>ἐπιρρήματος</span> <span class='ocrx_word' id='word_1_140' title='bbox 2648 1702 3114 1787; x_wconf 80' lang='grc' dir='ltr'>ἐγγεγενῆςθαι,</span> 
     </span>
     <span class='ocr_line' id='line_1_17' title="bbox 524 1803 3111 1887; baseline -0.001 -16"><span class='ocrx_word' id='word_1_141' title='bbox 524 1807 681 1872; x_wconf 88' lang='grc' dir='ltr'>καθὸ</span> <span class='ocrx_word' id='word_1_142' title='bbox 729 1808 830 1871; x_wconf 84' lang='grc' dir='ltr'>καὶ</span> <span class='ocrx_word' id='word_1_143' title='bbox 874 1807 979 1871; x_wconf 86' lang='grc' dir='ltr'>ἐπὶ</span> <span class='ocrx_word' id='word_1_144' title='bbox 1021 1806 1239 1886; x_wconf 87' lang='grc' dir='ltr'>τρίτου</span> <span class='ocrx_word' id='word_1_145' title='bbox 1283 1808 1638 1887; x_wconf 86' lang='grc' dir='ltr'>προςώπου</span> <span class='ocrx_word' id='word_1_146' title='bbox 1683 1807 1859 1883; x_wconf 85' lang='grc' dir='ltr'>παρὰ</span> <span class='ocrx_word' id='word_1_147' title='bbox 1903 1806 2020 1883; x_wconf 85' lang='grc' dir='ltr'>τὴν</span> <span class='ocrx_word' id='word_1_148' title='bbox 2065 1803 2265 1870; x_wconf 85' lang='grc' dir='ltr'>αὐτοῦ</span> <span class='ocrx_word' id='word_1_149' title='bbox 2309 1806 2387 1870; x_wconf 87' lang='grc' dir='ltr'>τὸ</span> <span class='ocrx_word' id='word_1_150' title='bbox 2431 1803 2770 1869; x_wconf 84' lang='grc' dir='ltr'>αὐτόθεν</span> <span class='ocrx_word' id='word_1_151' title='bbox 2827 1803 3111 1886; x_wconf 86' lang='grc' dir='ltr'>ἐγένετο,</span> 
     </span>
     <span class='ocr_line' id='line_1_18' title="bbox 525 1904 3110 1992; baseline -0.001 -19"><span class='ocrx_word' id='word_1_152' title='bbox 525 1910 627 1973; x_wconf 78' lang='grc' dir='ltr'>καὶ</span> <span class='ocrx_word' id='word_1_153' title='bbox 658 1909 834 1988; x_wconf 90' lang='grc' dir='ltr'>παρὰ</span> <span class='ocrx_word' id='word_1_154' title='bbox 864 1909 978 1987; x_wconf 87' lang='grc' dir='ltr'>τὴν</span> <span class='ocrx_word' id='word_1_155' title='bbox 1009 1909 1248 1973; x_wconf 85' lang='grc' dir='ltr'>τούτου</span> <span class='ocrx_word' id='word_1_156' title='bbox 1279 1909 1438 1992; x_wconf 91' lang='grc' dir='ltr'>&lt;τὸ&gt;</span> <span class='ocrx_word' id='word_1_157' title='bbox 1467 1908 1704 1973; x_wconf 88' lang='grc' dir='ltr'>τουτό</span> <span class='ocrx_word' id='word_1_158' title='bbox 1720 1913 1850 1972; x_wconf 86' lang='grc' dir='ltr'>θεν</span> <span class='ocrx_word' id='word_1_159' title='bbox 1897 1905 2054 1989; x_wconf 82' lang='grc' dir='ltr'>(ἀφ’</span> <span class='ocrx_word' id='word_1_160' title='bbox 2099 1904 2180 1970; x_wconf 83' lang='grc' dir='ltr'>οὗ</span> <span class='ocrx_word' id='word_1_161' title='bbox 2223 1907 2328 1971; x_wconf 88' lang='grc' dir='ltr'>καὶ</span> <span class='ocrx_word' id='word_1_162' title='bbox 2368 1907 2445 1971; x_wconf 87' lang='grc' dir='ltr'>τὸ</span> <span class='ocrx_word' id='word_1_163' title='bbox 2478 1904 2783 1986; x_wconf 89' lang='grc' dir='ltr'>Δωρικὸν</span> <span class='ocrx_word' id='word_1_164' title='bbox 2827 1926 2912 1970; x_wconf 93' lang='grc' dir='ltr'>το</span> <span class='ocrx_word' id='word_1_165' title='bbox 2929 1910 3110 1982; x_wconf 87' lang='grc' dir='ltr'>υτῶ,</span> 
     </span>
     <span class='ocr_line' id='line_1_19' title="bbox 527 2005 3216 2093; baseline -0.002 -18"><span class='ocrx_word' id='word_1_166' title='bbox 527 2011 743 2075; x_wconf 86' lang='grc' dir='ltr'>καθότι</span> <span class='ocrx_word' id='word_1_167' title='bbox 774 2011 996 2093; x_wconf 82' lang='grc' dir='ltr'>καὶτῷ</span> <span class='ocrx_word' id='word_1_168' title='bbox 1027 2010 1227 2074; x_wconf 92' lang='grc' dir='ltr'>πόθεν</span> <span class='ocrx_word' id='word_1_169' title='bbox 1258 2010 1631 2089; x_wconf 86' lang='grc' dir='ltr'>παράκειται</span> <span class='ocrx_word' id='word_1_170' title='bbox 1659 2011 1736 2074; x_wconf 87' lang='grc' dir='ltr'>τὸ</span> <span class='ocrx_word' id='word_1_171' title='bbox 1766 2012 1919 2092; x_wconf 87' lang='grc' dir='ltr'>πῶ),</span> <span class='ocrx_word' id='word_1_172' title='bbox 1964 2008 2140 2087; x_wconf 86' lang='grc' dir='ltr'>παρὰ</span> <span class='ocrx_word' id='word_1_173' title='bbox 2179 2010 2297 2086; x_wconf 87' lang='grc' dir='ltr'>τὴν</span> <span class='ocrx_word' id='word_1_174' title='bbox 2343 2007 2616 2073; x_wconf 84' lang='grc' dir='ltr'>αὐτόθεν</span> <span class='ocrx_word' id='word_1_175' title='bbox 2661 2005 2854 2072; x_wconf 85' lang='grc' dir='ltr'>αὐτῶ.</span> <span class='ocrx_word' id='word_1_176' title='bbox 2922 2006 3115 2072; x_wconf 79' lang='grc' dir='ltr'>οὐδὲν</span> <span class='ocrx_word' id='word_1_177' title='bbox 3156 2022 3216 2070; x_wconf 85' lang='lat'>15</span> 
     </span>
     <span class='ocr_line' id='line_1_20' title="bbox 526 2108 3113 2192; baseline -0.001 -15"><span class='ocrx_word' id='word_1_178' title='bbox 526 2113 646 2178; x_wconf 84' lang='grc' dir='ltr'>οὖν</span> <span class='ocrx_word' id='word_1_179' title='bbox 691 2112 995 2192; x_wconf 85' lang='grc' dir='ltr'>ἐμποδών</span> <span class='ocrx_word' id='word_1_180' title='bbox 1041 2112 1167 2176; x_wconf 85' lang='grc' dir='ltr'>ἐςτι</span> <span class='ocrx_word' id='word_1_181' title='bbox 1211 2113 1388 2192; x_wconf 87' lang='grc' dir='ltr'>παρὰ</span> <span class='ocrx_word' id='word_1_182' title='bbox 1429 2113 1546 2191; x_wconf 81' lang='grc' dir='ltr'>τὴν</span> <span class='ocrx_word' id='word_1_183' title='bbox 1590 2110 1739 2190; x_wconf 83' lang='grc' dir='ltr'>ἐμεῦ</span> <span class='ocrx_word' id='word_1_184' title='bbox 1784 2113 2157 2189; x_wconf 86' lang='grc' dir='ltr'>γεγενῆςθαι</span> <span class='ocrx_word' id='word_1_185' title='bbox 2201 2111 2277 2175; x_wconf 91' lang='grc' dir='ltr'>τὸ</span> <span class='ocrx_word' id='word_1_186' title='bbox 2325 2108 2632 2192; x_wconf 85' lang='grc' dir='ltr'>ἐμέθεν,</span> <span class='ocrx_word' id='word_1_187' title='bbox 2677 2108 2853 2187; x_wconf 86' lang='grc' dir='ltr'>παρά</span> <span class='ocrx_word' id='word_1_188' title='bbox 2895 2129 2964 2174; x_wconf 88' lang='grc' dir='ltr'>τε</span> <span class='ocrx_word' id='word_1_189' title='bbox 2996 2110 3113 2187; x_wconf 85' lang='grc' dir='ltr'>τὴν</span> 
     </span>
     <span class='ocr_line' id='line_1_21' title="bbox 526 2209 3116 2293; baseline -0.002 -14"><span class='ocrx_word' id='word_1_190' title='bbox 526 2218 630 2279; x_wconf 89' lang='grc' dir='ltr'>ςεῦ</span> <span class='ocrx_word' id='word_1_191' title='bbox 675 2215 750 2278; x_wconf 86' lang='grc' dir='ltr'>τὸ</span> <span class='ocrx_word' id='word_1_192' title='bbox 795 2215 1049 2290; x_wconf 85' lang='grc' dir='ltr'>ςέθεν,</span> <span class='ocrx_word' id='word_1_193' title='bbox 1107 2215 1210 2278; x_wconf 88' lang='grc' dir='ltr'>καὶ</span> <span class='ocrx_word' id='word_1_194' title='bbox 1264 2214 1356 2278; x_wconf 87' lang='grc' dir='ltr'>ἔτι</span> <span class='ocrx_word' id='word_1_195' title='bbox 1400 2212 1576 2293; x_wconf 87' lang='grc' dir='ltr'>παρὰ</span> <span class='ocrx_word' id='word_1_196' title='bbox 1628 2214 1744 2291; x_wconf 88' lang='grc' dir='ltr'>τὴν</span> <span class='ocrx_word' id='word_1_197' title='bbox 1790 2210 1862 2277; x_wconf 83' lang='grc' dir='ltr'>εὖ</span> <span class='ocrx_word' id='word_1_198' title='bbox 1906 2213 1982 2276; x_wconf 87' lang='grc' dir='ltr'>τὸ</span> <span class='ocrx_word' id='word_1_199' title='bbox 2038 2212 2238 2276; x_wconf 85' lang='grc' dir='ltr'>ἕθεν.</span> <span class='ocrx_word' id='word_1_200' title='bbox 2283 2248 2365 2257; x_wconf 89' lang='grc'><strong>-</strong></span> <span class='ocrx_word' id='word_1_201' title='bbox 2424 2212 2555 2290; x_wconf 87' lang='grc' dir='ltr'>Χρὴ</span> <span class='ocrx_word' id='word_1_202' title='bbox 2612 2209 2732 2277; x_wconf 83' lang='grc' dir='ltr'>οὖν</span> <span class='ocrx_word' id='word_1_203' title='bbox 2795 2211 3116 2277; x_wconf 79' lang='grc' dir='ltr'>ἀποδείξει</span> 
     </span>
     <span class='ocr_line' id='line_1_22' title="bbox 527 2313 3113 2401; baseline -0.002 -20"><span class='ocrx_word' id='word_1_204' title='bbox 527 2321 680 2401; x_wconf 84' lang='grc' dir='ltr'>τῇδε</span> <span class='ocrx_word' id='word_1_205' title='bbox 724 2319 1008 2395; x_wconf 88' lang='grc' dir='ltr'>χρῆςθαι.</span> <span class='ocrx_word' id='word_1_206' title='bbox 1069 2315 1354 2394; x_wconf 88' lang='grc' dir='ltr'>καθάπερ</span> <span class='ocrx_word' id='word_1_207' title='bbox 1385 2317 1488 2380; x_wconf 86' lang='grc' dir='ltr'>καὶ</span> <span class='ocrx_word' id='word_1_208' title='bbox 1518 2315 1630 2378; x_wconf 82' lang='grc' dir='ltr'>ἐπ’</span> <span class='ocrx_word' id='word_1_209' title='bbox 1675 2313 2018 2393; x_wconf 87' lang='grc' dir='ltr'>ὀνομάτων</span> <span class='ocrx_word' id='word_1_210' title='bbox 2063 2313 2207 2379; x_wconf 82' lang='grc' dir='ltr'>ἔςθ’</span> <span class='ocrx_word' id='word_1_211' title='bbox 2251 2313 2359 2379; x_wconf 86' lang='grc' dir='ltr'>ὅτε</span> <span class='ocrx_word' id='word_1_212' title='bbox 2404 2314 2785 2391; x_wconf 85' lang='grc' dir='ltr'>παραγωγαὶ</span> <span class='ocrx_word' id='word_1_213' title='bbox 2825 2313 3113 2389; x_wconf 91' lang='grc' dir='ltr'>γίνονται</span> 
     </span>
     <span class='ocr_line' id='line_1_23' title="bbox 529 2414 2636 2496; baseline -0.001 -14"><span class='ocrx_word' id='word_1_214' title='bbox 529 2419 688 2482; x_wconf 87' lang='grc' dir='ltr'>κατὰ</span> <span class='ocrx_word' id='word_1_215' title='bbox 730 2423 866 2482; x_wconf 87' lang='grc' dir='ltr'>τῶν</span> <span class='ocrx_word' id='word_1_216' title='bbox 911 2416 1125 2483; x_wconf 84' lang='grc' dir='ltr'>αὐτῶν</span> <span class='ocrx_word' id='word_1_217' title='bbox 1174 2416 1683 2496; x_wconf 83' lang='grc' dir='ltr'>ςημαινομένων,</span> <span class='ocrx_word' id='word_1_218' title='bbox 1731 2417 1822 2482; x_wconf 84' lang='grc' dir='ltr'>ὡς</span> <span class='ocrx_word' id='word_1_219' title='bbox 1865 2416 1943 2481; x_wconf 87' lang='grc' dir='ltr'>τὸ</span> <span class='ocrx_word' id='word_1_220' title='bbox 1987 2414 2372 2494; x_wconf 85' lang='grc' dir='ltr'>ἀναγκαίη</span> <span class='ocrx_word' id='word_1_221' title='bbox 2416 2416 2518 2480; x_wconf 85' lang='grc' dir='ltr'>καὶ</span> <span class='ocrx_word' id='word_1_222' title='bbox 2560 2415 2636 2479; x_wconf 90' lang='grc' dir='ltr'>τὸ</span> 
     </span>
    </p>

    <p class='ocr_par' dir='ltr' id='par_1_10' title="bbox 525 2517 3217 2907">
     <span class='ocr_line' id='line_1_24' title="bbox 781 2517 3217 2599; baseline -0.003 -15"><span class='ocrx_word' id='word_1_223' title='bbox 781 2517 1039 2584; x_wconf 75' lang='grc' dir='ltr'>εὐναίας</span> <span class='ocrx_word' id='word_1_224' title='bbox 1083 2519 1400 2599; x_wconf 86' lang='grc' dir='ltr'>ἐβάλοντο</span> <span class='ocrx_word' id='word_1_225' title='bbox 3151 2528 3217 2577; x_wconf 79' lang='lat'>20</span> 
     </span>
     <span class='ocr_line' id='line_1_25' title="bbox 525 2615 3113 2701; baseline -0.002 -17"><span class='ocrx_word' id='word_1_226' title='bbox 525 2621 629 2686; x_wconf 82' lang='grc' dir='ltr'>καὶ</span> <span class='ocrx_word' id='word_1_227' title='bbox 656 2621 730 2684; x_wconf 90' lang='grc' dir='ltr'>τὸ</span> <span class='ocrx_word' id='word_1_228' title='bbox 775 2620 1127 2700; x_wconf 89' lang='grc' dir='ltr'>ἀπείρων</span> <span class='ocrx_word' id='word_1_229' title='bbox 1158 2621 1365 2686; x_wconf 81' lang='grc' dir='ltr'>καὶτὸ</span> <span class='ocrx_word' id='word_1_230' title='bbox 1396 2623 1756 2701; x_wconf 90' lang='grc' dir='ltr'>πομπῆες</span> <span class='ocrx_word' id='word_1_231' title='bbox 1802 2621 1905 2684; x_wconf 90' lang='grc' dir='ltr'>καὶ</span> <span class='ocrx_word' id='word_1_232' title='bbox 1932 2620 2007 2685; x_wconf 89' lang='grc' dir='ltr'>τὸ</span> <span class='ocrx_word' id='word_1_233' title='bbox 2039 2618 2460 2683; x_wconf 83' lang='grc' dir='ltr'>Ἀϊδωνεύς</span> <span class='ocrx_word' id='word_1_234' title='bbox 2506 2618 2608 2683; x_wconf 82' lang='grc' dir='ltr'>καὶ</span> <span class='ocrx_word' id='word_1_235' title='bbox 2636 2615 2803 2682; x_wconf 88' lang='grc' dir='ltr'>ἄλλα</span> <span class='ocrx_word' id='word_1_236' title='bbox 2832 2619 3113 2693; x_wconf 86' lang='grc' dir='ltr'>πλεῖςτα,</span> 
     </span>
     <span class='ocr_line' id='line_1_26' title="bbox 526 2707 3115 2803; baseline -0.001 -16"><span class='ocrx_word' id='word_1_237' title='bbox 526 2724 641 2790; x_wconf 92' lang='grc' dir='ltr'>τὸν</span> <span class='ocrx_word' id='word_1_238' title='bbox 698 2722 898 2788; x_wconf 84' lang='grc' dir='ltr'>αὐτὸν</span> <span class='ocrx_word' id='word_1_239' title='bbox 957 2725 1034 2803; x_wconf 88' lang='grc' dir='ltr'>δὴ</span> <span class='ocrx_word' id='word_1_240' title='bbox 1089 2724 1336 2803; x_wconf 90' lang='grc' dir='ltr'>τρόπον</span> <span class='ocrx_word' id='word_1_241' title='bbox 1389 2722 1518 2788; x_wconf 80' lang='grc' dir='ltr'>ἔςτι</span> <span class='ocrx_word' id='word_1_242' title='bbox 1571 2722 1673 2788; x_wconf 83' lang='grc' dir='ltr'>καὶ</span> <span class='ocrx_word' id='word_1_243' title='bbox 1727 2722 1834 2787; x_wconf 87' lang='grc' dir='ltr'>ἐπὶ</span> <span class='ocrx_word' id='word_1_244' title='bbox 1888 2723 2000 2800; x_wconf 89' lang='grc' dir='ltr'>τῆς</span> <span class='ocrx_word' id='word_1_245' title='bbox 2054 2722 2445 2800; x_wconf 86' lang='grc' dir='ltr'>παραγωγῆς</span> <span class='ocrx_word' id='word_1_246' title='bbox 2500 2722 2612 2797; x_wconf 87' lang='grc' dir='ltr'>τῆς</span> <span class='ocrx_word' id='word_1_247' title='bbox 2676 2719 2780 2784; x_wconf 87' lang='grc' dir='ltr'>διὰ</span> <span class='ocrx_word' id='word_1_248' title='bbox 2831 2721 2947 2785; x_wconf 89' lang='grc' dir='ltr'>τοῦ</span> <span class='ocrx_word' id='word_1_249' title='bbox 3003 2707 3115 2785; x_wconf 56' lang='grc' dir='ltr'>θεῖ’</span> 
     </span>
     <span class='ocr_line' id='line_1_27' title="bbox 530 2822 2499 2907; baseline -0.002 -17"><span class='ocrx_word' id='word_1_250' title='bbox 530 2824 835 2906; x_wconf 85' lang='grc' dir='ltr'>εὑρέςθαι.</span> <span class='ocrx_word' id='word_1_251' title='bbox 912 2825 1083 2891; x_wconf 83' lang='grc' dir='ltr'>οὕτω</span> <span class='ocrx_word' id='word_1_252' title='bbox 1127 2825 1250 2904; x_wconf 86' lang='grc' dir='ltr'>γὰρ</span> <span class='ocrx_word' id='word_1_253' title='bbox 1294 2826 1398 2890; x_wconf 88' lang='grc' dir='ltr'>καὶ</span> <span class='ocrx_word' id='word_1_254' title='bbox 1438 2824 1519 2889; x_wconf 85' lang='grc' dir='ltr'>τὰ</span> <span class='ocrx_word' id='word_1_255' title='bbox 1560 2824 1865 2907; x_wconf 80' lang='grc' dir='ltr'>Ὁμηρικὰ</span> <span class='ocrx_word' id='word_1_256' title='bbox 1908 2823 2379 2905; x_wconf 87' lang='grc' dir='ltr'>ἐπιλυθήςεται,</span> <span class='ocrx_word' id='word_1_257' title='bbox 2423 2822 2499 2887; x_wconf 85' lang='grc' dir='ltr'>τὸ</span> 
     </span>
    </p>

    <p class='ocr_par' dir='ltr' id='par_1_11' title="bbox 1106 2922 2447 3007">
     <span class='ocr_line' id='line_1_28' title="bbox 1106 2922 2447 3007; baseline -0.005 -15"><span class='ocrx_word' id='word_1_258' title='bbox 1106 2927 1404 3007; x_wconf 88' lang='grc' dir='ltr'>ςχεδόθεν</span> <span class='ocrx_word' id='word_1_259' title='bbox 1451 2927 1523 2992; x_wconf 82' lang='grc' dir='ltr'>δέ</span> <span class='ocrx_word' id='word_1_260' title='bbox 1567 2925 1629 2990; x_wconf 80' lang='grc' dir='ltr'>οἱ</span> <span class='ocrx_word' id='word_1_261' title='bbox 1670 2924 1864 3004; x_wconf 85' lang='grc' dir='ltr'>ἦλθεν</span> <span class='ocrx_word' id='word_1_262' title='bbox 1911 2924 2139 3004; x_wconf 83' lang='grc' dir='ltr'>Ἀθήνη</span> <span class='ocrx_word' id='word_1_263' title='bbox 2185 2926 2248 3006; x_wconf 89' lang='grc' dir='ltr'>(β</span> <span class='ocrx_word' id='word_1_264' title='bbox 2292 2922 2447 3005; x_wconf 84' lang='grc'>267)</span> 
     </span>
    </p>

    <p class='ocr_par' dir='ltr' id='par_1_12' title="bbox 527 3025 3219 3311">
     <span class='ocr_line' id='line_1_29' title="bbox 529 3025 3219 3111; baseline -0.002 -18"><span class='ocrx_word' id='word_1_265' title='bbox 529 3027 608 3093; x_wconf 86' lang='grc' dir='ltr'>οὐ</span> <span class='ocrx_word' id='word_1_266' title='bbox 668 3032 974 3108; x_wconf 89' lang='grc' dir='ltr'>ςημαῖνον</span> <span class='ocrx_word' id='word_1_267' title='bbox 1028 3030 1104 3095; x_wconf 87' lang='grc' dir='ltr'>τὸ</span> <span class='ocrx_word' id='word_1_268' title='bbox 1160 3029 1231 3093; x_wconf 87' lang='grc' dir='ltr'>ἐκ</span> <span class='ocrx_word' id='word_1_269' title='bbox 1273 3029 1507 3105; x_wconf 86' lang='grc' dir='ltr'>τόπου,</span> <span class='ocrx_word' id='word_1_270' title='bbox 1564 3029 1640 3093; x_wconf 86' lang='grc' dir='ltr'>τὸ</span> <span class='ocrx_word' id='word_1_271' title='bbox 1695 3030 1767 3093; x_wconf 81' lang='grc' dir='ltr'>δὲ</span> <span class='ocrx_word' id='word_1_272' title='bbox 1821 3025 1982 3092; x_wconf 84' lang='grc' dir='ltr'>αὐτὸ</span> <span class='ocrx_word' id='word_1_273' title='bbox 2035 3032 2126 3111; x_wconf 86' lang='grc' dir='ltr'>τῷ</span> <span class='ocrx_word' id='word_1_274' title='bbox 2180 3025 2621 3110; x_wconf 84' lang='grc' dir='ltr'>πρωτοτύπῳ,</span> <span class='ocrx_word' id='word_1_275' title='bbox 2682 3031 2775 3111; x_wconf 80' lang='grc' dir='ltr'>τῷ</span> <span class='ocrx_word' id='word_1_276' title='bbox 2833 3025 3114 3104; x_wconf 88' lang='grc' dir='ltr'>ςχεδὸν</span> <span class='ocrx_word' id='word_1_277' title='bbox 3152 3038 3219 3088; x_wconf 78' lang='lat'>25</span> 
     </span>
     <span class='ocr_line' id='line_1_30' title="bbox 527 3127 3115 3209; baseline -0.002 -14"><span class='ocrx_word' id='word_1_278' title='bbox 527 3129 791 3209; x_wconf 84' lang='grc' dir='ltr'>ἦλθεν·</span> <span class='ocrx_word' id='word_1_279' title='bbox 854 3129 932 3194; x_wconf 87' lang='grc' dir='ltr'>οὐ</span> <span class='ocrx_word' id='word_1_280' title='bbox 988 3132 1114 3209; x_wconf 88' lang='grc' dir='ltr'>γὰρ</span> <span class='ocrx_word' id='word_1_281' title='bbox 1172 3129 1242 3194; x_wconf 81' lang='grc' dir='ltr'>ἐκ</span> <span class='ocrx_word' id='word_1_282' title='bbox 1284 3135 1400 3195; x_wconf 91' lang='grc' dir='ltr'>τοῦ</span> <span class='ocrx_word' id='word_1_283' title='bbox 1446 3130 1753 3206; x_wconf 84' lang='grc' dir='ltr'>ςύνεγγυς</span> <span class='ocrx_word' id='word_1_284' title='bbox 1796 3129 2033 3205; x_wconf 88' lang='grc' dir='ltr'>τόπου,</span> <span class='ocrx_word' id='word_1_285' title='bbox 2097 3127 2238 3193; x_wconf 80' lang='grc' dir='ltr'>ἐπεὶ</span> <span class='ocrx_word' id='word_1_286' title='bbox 2280 3127 2633 3209; x_wconf 88' lang='grc' dir='ltr'>ἀνέφικτον</span> <span class='ocrx_word' id='word_1_287' title='bbox 2678 3128 2753 3193; x_wconf 89' lang='grc' dir='ltr'>τὸ</span> <span class='ocrx_word' id='word_1_288' title='bbox 2796 3130 3115 3191; x_wconf 90' lang='grc' dir='ltr'>τοιοῦτον.</span> 
     </span>
     <span class='ocr_line' id='line_1_31' title="bbox 530 3231 1345 3311; baseline -0.001 -14"><span class='ocrx_word' id='word_1_289' title='bbox 530 3231 737 3299; x_wconf 81' lang='grc' dir='ltr'>οὕτως</span> <span class='ocrx_word' id='word_1_290' title='bbox 779 3234 905 3311; x_wconf 88' lang='grc' dir='ltr'>γὰρ</span> <span class='ocrx_word' id='word_1_291' title='bbox 948 3232 1080 3311; x_wconf 88' lang='grc' dir='ltr'>ἔχει</span> <span class='ocrx_word' id='word_1_292' title='bbox 1126 3232 1227 3296; x_wconf 89' lang='grc' dir='ltr'>καὶ</span> <span class='ocrx_word' id='word_1_293' title='bbox 1269 3233 1345 3296; x_wconf 87' lang='grc' dir='ltr'>τὸ</span> 
     </span>
    </p>

    <p class='ocr_par' dir='ltr' id='par_1_13' title="bbox 531 3330 2769 3519">
     <span class='ocr_line' id='line_1_32' title="bbox 785 3330 1958 3415; baseline -0.001 -18"><span class='ocrx_word' id='word_1_294' title='bbox 785 3332 937 3399; x_wconf 84' lang='grc' dir='ltr'>Αἴας</span> <span class='ocrx_word' id='word_1_295' title='bbox 983 3334 1052 3399; x_wconf 77' lang='grc' dir='ltr'>δ’</span> <span class='ocrx_word' id='word_1_296' title='bbox 1096 3333 1363 3410; x_wconf 84' lang='grc' dir='ltr'>ἐγγύθεν</span> <span class='ocrx_word' id='word_1_297' title='bbox 1407 3333 1602 3413; x_wconf 81' lang='grc' dir='ltr'>ἦλθεν</span> <span class='ocrx_word' id='word_1_298' title='bbox 1650 3332 1727 3413; x_wconf 91' lang='grc' dir='ltr'>(Η</span> <span class='ocrx_word' id='word_1_299' title='bbox 1773 3330 1958 3415; x_wconf 85' lang='grc'><strong>219)·</strong></span> 
     </span>
     <span class='ocr_line' id='line_1_33' title="bbox 531 3430 2769 3519; baseline -0.001 -19"><span class='ocrx_word' id='word_1_300' title='bbox 531 3435 600 3501; x_wconf 89' lang='grc' dir='ltr'>ἐν</span> <span class='ocrx_word' id='word_1_301' title='bbox 643 3433 759 3519; x_wconf 84' lang='grc' dir='ltr'>’ίςῳ</span> <span class='ocrx_word' id='word_1_302' title='bbox 804 3434 926 3514; x_wconf 87' lang='grc' dir='ltr'>γάρ</span> <span class='ocrx_word' id='word_1_303' title='bbox 972 3436 1097 3500; x_wconf 87' lang='grc' dir='ltr'>ἐςτι</span> <span class='ocrx_word' id='word_1_304' title='bbox 1139 3441 1232 3518; x_wconf 79' lang='grc' dir='ltr'>τῷ</span> <span class='ocrx_word' id='word_1_305' title='bbox 1277 3434 1513 3512; x_wconf 83' lang='grc' dir='ltr'>ἐγγὺς</span> <span class='ocrx_word' id='word_1_306' title='bbox 1557 3433 1814 3513; x_wconf 85' lang='grc' dir='ltr'>ἦλθεν.</span> <span class='ocrx_word' id='word_1_307' title='bbox 1891 3432 2098 3499; x_wconf 84' lang='grc' dir='ltr'>οὕτως</span> <span class='ocrx_word' id='word_1_308' title='bbox 2143 3432 2322 3516; x_wconf 86' lang='grc' dir='ltr'>[γὰρ]</span> <span class='ocrx_word' id='word_1_309' title='bbox 2372 3430 2503 3512; x_wconf 87' lang='grc' dir='ltr'>ἔχει</span> <span class='ocrx_word' id='word_1_310' title='bbox 2550 3431 2648 3497; x_wconf 84' lang='grc' dir='ltr'>καὶ</span> <span class='ocrx_word' id='word_1_311' title='bbox 2692 3433 2769 3497; x_wconf 87' lang='grc' dir='ltr'>τὸ</span> 
     </span>
    </p>

    <p class='ocr_par' dir='ltr' id='par_1_14' title="bbox 1100 3533 3221 3616">
     <span class='ocr_line' id='line_1_34' title="bbox 1100 3533 3221 3616; baseline -0.003 -14"><span class='ocrx_word' id='word_1_312' title='bbox 1100 3538 1345 3616; x_wconf 81' lang='grc' dir='ltr'>Ἴδηθεν</span> <span class='ocrx_word' id='word_1_313' title='bbox 1389 3536 1633 3615; x_wconf 82' lang='grc' dir='ltr'>μεδέων</span> <span class='ocrx_word' id='word_1_314' title='bbox 1681 3536 1750 3616; x_wconf 94' lang='grc' dir='ltr'>(Γ</span> <span class='ocrx_word' id='word_1_315' title='bbox 1793 3533 1967 3616; x_wconf 79' lang='grc'><strong>276).</strong></span> <span class='ocrx_word' id='word_1_316' title='bbox 3012 3536 3021 3541; x_wconf 82' lang='grc'><strong>’</strong></span> <span class='ocrx_word' id='word_1_317' title='bbox 3154 3548 3221 3597; x_wconf 86' lang='grc' dir='ltr'>3ο</span> 
     </span>
    </p>

    <p class='ocr_par' dir='ltr' id='par_1_15' title="bbox 531 3636 3121 3922">
     <span class='ocr_line' id='line_1_35' title="bbox 532 3636 3121 3718; baseline -0.002 -16"><span class='ocrx_word' id='word_1_318' title='bbox 532 3638 610 3703; x_wconf 84' lang='grc' dir='ltr'>οὐ</span> <span class='ocrx_word' id='word_1_319' title='bbox 668 3640 793 3718; x_wconf 86' lang='grc' dir='ltr'>γὰρ</span> <span class='ocrx_word' id='word_1_320' title='bbox 848 3638 1012 3703; x_wconf 86' lang='grc' dir='ltr'>ἄλλο</span> <span class='ocrx_word' id='word_1_321' title='bbox 1071 3639 1234 3705; x_wconf 87' lang='grc' dir='ltr'>ἐςτὶν</span> <span class='ocrx_word' id='word_1_322' title='bbox 1290 3639 1330 3717; x_wconf 83' lang='grc' dir='ltr'>ἢ</span> <span class='ocrx_word' id='word_1_323' title='bbox 1384 3638 1580 3716; x_wconf 89' lang='grc' dir='ltr'>Ἴδης</span> <span class='ocrx_word' id='word_1_324' title='bbox 1635 3637 1975 3717; x_wconf 84' lang='grc' dir='ltr'>μεδέων·</span> <span class='ocrx_word' id='word_1_325' title='bbox 2033 3636 2308 3702; x_wconf 87' lang='grc' dir='ltr'>πιθανὸν</span> <span class='ocrx_word' id='word_1_326' title='bbox 2362 3636 2485 3715; x_wconf 86' lang='grc' dir='ltr'>γὰρ</span> <span class='ocrx_word' id='word_1_327' title='bbox 2541 3636 2693 3700; x_wconf 88' lang='grc' dir='ltr'>τοὺς</span> <span class='ocrx_word' id='word_1_328' title='bbox 2737 3636 2961 3715; x_wconf 85' lang='grc' dir='ltr'>Τρῶας</span> <span class='ocrx_word' id='word_1_329' title='bbox 3018 3636 3121 3699; x_wconf 82' lang='grc' dir='ltr'>καὶ</span> 
     </span>
     <span class='ocr_line' id='line_1_36' title="bbox 533 3737 3119 3819; baseline -0.002 -15"><span class='ocrx_word' id='word_1_330' title='bbox 533 3742 687 3805; x_wconf 84' lang='grc' dir='ltr'>τοὺς</span> <span class='ocrx_word' id='word_1_331' title='bbox 729 3740 1218 3819; x_wconf 83' lang='grc' dir='ltr'>πληςιοχώρους</span> <span class='ocrx_word' id='word_1_332' title='bbox 1261 3742 1376 3805; x_wconf 88' lang='grc' dir='ltr'>τὸν</span> <span class='ocrx_word' id='word_1_333' title='bbox 1422 3740 1649 3804; x_wconf 86' lang='grc' dir='ltr'>Ἰδαῖον</span> <span class='ocrx_word' id='word_1_334' title='bbox 1696 3738 1828 3802; x_wconf 91' lang='grc' dir='ltr'>Δία</span> <span class='ocrx_word' id='word_1_335' title='bbox 1874 3737 2314 3803; x_wconf 87' lang='grc' dir='ltr'>ἐπικαλεῖςθαι.</span> <span class='ocrx_word' id='word_1_336' title='bbox 2385 3742 2503 3802; x_wconf 88' lang='grc' dir='ltr'>τοῦ</span> <span class='ocrx_word' id='word_1_337' title='bbox 2546 3737 2850 3802; x_wconf 90' lang='grc' dir='ltr'>τοιούτου</span> <span class='ocrx_word' id='word_1_338' title='bbox 2894 3756 3119 3815; x_wconf 90' lang='grc' dir='ltr'>ςχημα-</span> 
     </span>
     <span class='ocr_line' id='line_1_37' title="bbox 531 3837 3121 3922; baseline -0.001 -19"><span class='ocrx_word' id='word_1_339' title='bbox 531 3846 748 3919; x_wconf 91' lang='grc' dir='ltr'>τιςμοῦ</span> <span class='ocrx_word' id='word_1_340' title='bbox 792 3858 961 3907; x_wconf 82' lang='grc' dir='ltr'>τινες</span> <span class='ocrx_word' id='word_1_341' title='bbox 1005 3841 1260 3922; x_wconf 87' lang='grc' dir='ltr'>ἄπειροι</span> <span class='ocrx_word' id='word_1_342' title='bbox 1316 3840 1501 3908; x_wconf 88' lang='grc' dir='ltr'>ὄντες</span> <span class='ocrx_word' id='word_1_343' title='bbox 1555 3840 1885 3921; x_wconf 84' lang='grc' dir='ltr'>ὑπέλαβον</span> <span class='ocrx_word' id='word_1_344' title='bbox 1933 3839 2171 3905; x_wconf 84' lang='grc' dir='ltr'>αὐτοὺς</span> <span class='ocrx_word' id='word_1_345' title='bbox 2215 3839 2643 3904; x_wconf 86' lang='grc' dir='ltr'>ἐπικαλεῑςθαι</span> <span class='ocrx_word' id='word_1_346' title='bbox 2685 3840 2803 3904; x_wconf 89' lang='grc' dir='ltr'>τὸν</span> <span class='ocrx_word' id='word_1_347' title='bbox 2851 3837 2914 3903; x_wconf 87' lang='grc' dir='ltr'>ἐξ</span> <span class='ocrx_word' id='word_1_348' title='bbox 2955 3837 3121 3915; x_wconf 89' lang='grc' dir='ltr'>Ἴδης</span> 
     </span>
    </p>
   </div>
   <div class='ocr_carea' id='block_1_9' title="bbox 538 3963 938 3971">
    <p class='ocr_par' dir='ltr' id='par_1_16' title="bbox 538 3963 938 3971">
     <span class='ocr_line' id='line_1_38' title="bbox 538 3963 938 3971; baseline 0 1559"><span class='ocrx_word' id='word_1_349' title='bbox 538 3963 938 3971; x_wconf 95' lang='lat' dir='ltr'> </span> 
     </span>
    </p>
   </div>
   <div class='ocr_carea' id='block_1_10' title="bbox 533 4021 3119 4180">
    <p class='ocr_par' dir='ltr' id='par_1_17' title="bbox 533 4021 3119 4180">
     <span class='ocr_line' id='line_1_39' title="bbox 666 4021 3119 4092; baseline -0.002 -12"><span class='ocrx_word' id='word_1_350' title='bbox 666 4026 883 4082; x_wconf 65' lang='lat' dir='ltr'><strong>Aaou.</strong></span> <span class='ocrx_word' id='word_1_351' title='bbox 965 4032 1032 4080; x_wconf 79' lang='lat'>22</span> <span class='ocrx_word' id='word_1_352' title='bbox 1078 4025 1284 4081; x_wconf 86' lang='lat' dir='ltr'><strong>deinde</strong></span> <span class='ocrx_word' id='word_1_353' title='bbox 1330 4026 1503 4080; x_wconf 70' lang='lat' dir='ltr'><strong>etiam</strong></span> <span class='ocrx_word' id='word_1_354' title='bbox 1550 4024 1664 4080; x_wconf 77' lang='lat' dir='ltr'><strong>alia</strong></span> <span class='ocrx_word' id='word_1_355' title='bbox 1705 4024 1881 4079; x_wconf 81' lang='lat' dir='ltr'><strong>verba</strong></span> <span class='ocrx_word' id='word_1_356' title='bbox 1915 4040 2020 4092; x_wconf 83' lang='lat' dir='ltr'>per</span> <span class='ocrx_word' id='word_1_357' title='bbox 2055 4028 2155 4079; x_wconf 73' lang='lat' dir='ltr'><strong>O‘e‘v</strong></span> <span class='ocrx_word' id='word_1_358' title='bbox 2190 4023 2450 4077; x_wconf 75' lang='lat' dir='ltr'><strong>suffixum</strong></span> <span class='ocrx_word' id='word_1_359' title='bbox 2486 4023 2638 4077; x_wconf 75' lang='lat' dir='ltr'><strong>faeta</strong></span> <span class='ocrx_word' id='word_1_360' title='bbox 2672 4021 2912 4076; x_wconf 80' lang='lat' dir='ltr'><strong>eandem</strong></span> <span class='ocrx_word' id='word_1_361' title='bbox 2946 4021 3119 4089; x_wconf 72' lang='lat' dir='ltr'><strong>atque</strong></span> 
     </span>
     <span class='ocr_line' id='line_1_40' title="bbox 533 4109 1410 4180; baseline 0 -17"><span class='ocrx_word' id='word_1_362' title='bbox 533 4110 825 4180; x_wconf 76' lang='lat' dir='ltr'><strong>primitiva</strong></span> <span class='ocrx_word' id='word_1_363' title='bbox 857 4109 1073 4166; x_wconf 77' lang='lat' dir='ltr'><strong>habent</strong></span> <span class='ocrx_word' id='word_1_364' title='bbox 1105 4110 1410 4165; x_wconf 75' lang='lat' dir='ltr'><strong>notionem.</strong></span> 
     </span>
    </p>
   </div>
   <div class='ocr_carea' id='block_1_11' title="bbox 533 4218 936 4227">
    <p class='ocr_par' dir='ltr' id='par_1_18' title="bbox 533 4218 936 4227">
     <span class='ocr_line' id='line_1_41' title="bbox 533 4218 936 4227; baseline 0 0"><span class='ocrx_word' id='word_1_365' title='bbox 533 4218 936 4227; x_wconf 95' lang='lat' dir='ltr'> </span> 
     </span>
    </p>
   </div>
   <div class='ocr_carea' id='block_1_12' title="bbox 531 4276 3123 4942">
    <p class='ocr_par' dir='ltr' id='par_1_19' title="bbox 531 4276 3123 4942">
     <span class='ocr_line' id='line_1_42' title="bbox 665 4276 3120 4348; baseline -0.002 -15"><span class='ocrx_word' id='word_1_366' title='bbox 665 4279 860 4335; x_wconf 75' lang='lat' dir='ltr'><strong>D1scn.</strong></span> <span class='ocrx_word' id='word_1_367' title='bbox 897 4298 1096 4336; x_wconf 66' lang='lat' dir='ltr'><strong>sctum.</strong></span> <span class='ocrx_word' id='word_1_368' title='bbox 1170 4287 1217 4335; x_wconf 84' lang='lat'>3.</span> <span class='ocrx_word' id='word_1_369' title='bbox 1254 4282 1364 4346; x_wconf 84' lang='grc' dir='ltr'>τὴν</span> <span class='ocrx_word' id='word_1_370' title='bbox 1398 4280 1646 4348; x_wconf 81' lang='grc' dir='ltr'>οὐρανοῦ</span> <span class='ocrx_word' id='word_1_371' title='bbox 1680 4278 1748 4342; x_wconf 88' lang='lat' dir='ltr'>b,</span> <span class='ocrx_word' id='word_1_372' title='bbox 1800 4295 1906 4334; x_wconf 86' lang='grc' dir='ltr'>του</span> <span class='ocrx_word' id='word_1_373' title='bbox 1942 4296 2188 4347; x_wconf 87' lang='grc' dir='ltr'>ουρανου</span> <span class='ocrx_word' id='word_1_374' title='bbox 2224 4280 2268 4334; x_wconf 93' lang='grc' dir='ltr'>Α</span> <span class='ocrx_word' id='word_1_375' title='bbox 2338 4280 2348 4346; x_wconf 89' lang='grc' dir='ltr'>Ι</span> <span class='ocrx_word' id='word_1_376' title='bbox 2406 4281 2576 4334; x_wconf 76' lang='grc'><strong>4-5.</strong></span> <span class='ocrx_word' id='word_1_377' title='bbox 2621 4279 2731 4345; x_wconf 86' lang='grc' dir='ltr'>τὴν</span> <span class='ocrx_word' id='word_1_378' title='bbox 2763 4278 2898 4343; x_wconf 80' lang='grc' dir='ltr'>ἐμεῦ</span> <span class='ocrx_word' id='word_1_379' title='bbox 2933 4276 2998 4341; x_wconf 86' lang='lat' dir='ltr'>b,</span> <span class='ocrx_word' id='word_1_380' title='bbox 3051 4292 3120 4329; x_wconf 85' lang='grc' dir='ltr'>το</span> 
     </span>
     <span class='ocr_line' id='line_1_43' title="bbox 534 4361 3121 4432; baseline -0.001 -13"><span class='ocrx_word' id='word_1_381' title='bbox 534 4381 666 4431; x_wconf 86' lang='grc' dir='ltr'>εμευ</span> <span class='ocrx_word' id='word_1_382' title='bbox 703 4367 747 4419; x_wconf 90' lang='grc' dir='ltr'>Α</span> <span class='ocrx_word' id='word_1_383' title='bbox 780 4367 788 4432; x_wconf 88' lang='grc' dir='ltr'>Ι</span> <span class='ocrx_word' id='word_1_384' title='bbox 820 4370 865 4420; x_wconf 86' lang='grc'>6.</span> <span class='ocrx_word' id='word_1_385' title='bbox 905 4364 1134 4420; x_wconf 75' lang='lat' dir='ltr'><strong>‘Deesse</strong></span> <span class='ocrx_word' id='word_1_386' title='bbox 1169 4363 1396 4418; x_wconf 78' lang='lat' dir='ltr'><strong>videtur</strong></span> <span class='ocrx_word' id='word_1_387' title='bbox 1431 4362 1700 4418; x_wconf 75' lang='lat' dir='ltr'><strong>articulus</strong></span> <span class='ocrx_word' id='word_1_388' title='bbox 1734 4364 1771 4429; x_wconf 89' lang='grc' dir='ltr'>ή</span> <span class='ocrx_word' id='word_1_389' title='bbox 1809 4365 1912 4417; x_wconf 77' lang='lat' dir='ltr'>aut</span> <span class='ocrx_word' id='word_1_390' title='bbox 1942 4364 2075 4432; x_wconf 77' lang='lat' dir='ltr'><strong>post</strong></span> <span class='ocrx_word' id='word_1_391' title='bbox 2108 4364 2232 4417; x_wconf 86' lang='grc' dir='ltr'>ἀλλ’</span> <span class='ocrx_word' id='word_1_392' title='bbox 2266 4363 2367 4417; x_wconf 78' lang='lat' dir='ltr'>aut</span> <span class='ocrx_word' id='word_1_393' title='bbox 2398 4363 2527 4431; x_wconf 74' lang='lat' dir='ltr'>post</span> <span class='ocrx_word' id='word_1_394' title='bbox 2548 4363 2803 4430; x_wconf 85' lang='grc' dir='ltr'>Δωρική’</span> <span class='ocrx_word' id='word_1_395' title='bbox 2842 4361 2879 4413; x_wconf 91' lang='lat' dir='ltr'>b</span> <span class='ocrx_word' id='word_1_396' title='bbox 2914 4361 2972 4413; x_wconf 85' lang='lat' dir='ltr'>in</span> <span class='ocrx_word' id='word_1_397' title='bbox 3003 4376 3121 4416; x_wconf 77' lang='lat' dir='ltr'><strong>var.</strong></span> 
     </span>
     <span class='ocr_line' id='line_1_44' title="bbox 531 4444 3123 4519; baseline -0.001 -18"><span class='ocrx_word' id='word_1_398' title='bbox 531 4447 660 4507; x_wconf 79' lang='lat' dir='ltr'><strong>lect.</strong></span> <span class='ocrx_word' id='word_1_399' title='bbox 715 4452 724 4515; x_wconf 94' lang='grc' dir='ltr'>Ι</span> <span class='ocrx_word' id='word_1_400' title='bbox 772 4456 818 4504; x_wconf 80' lang='grc'>9.</span> <span class='ocrx_word' id='word_1_401' title='bbox 869 4465 971 4518; x_wconf 86' lang='lat' dir='ltr'>pro</span> <span class='ocrx_word' id='word_1_402' title='bbox 1020 4448 1228 4516; x_wconf 75' lang='lat' dir='ltr'>puncto</span> <span class='ocrx_word' id='word_1_403' title='bbox 1262 4450 1392 4519; x_wconf 76' lang='lat' dir='ltr'><strong>post</strong></span> <span class='ocrx_word' id='word_1_404' title='bbox 1424 4448 1768 4516; x_wconf 79' lang='grc' dir='ltr'>προκείμενα</span> <span class='ocrx_word' id='word_1_405' title='bbox 1804 4463 2025 4502; x_wconf 77' lang='lat' dir='ltr'><strong>comma</strong></span> <span class='ocrx_word' id='word_1_406' title='bbox 2057 4448 2246 4517; x_wconf 76' lang='lat' dir='ltr'><strong>posuit</strong></span> <span class='ocrx_word' id='word_1_407' title='bbox 2280 4452 2340 4501; x_wconf 79' lang='lat' dir='ltr'>et</span> <span class='ocrx_word' id='word_1_408' title='bbox 2373 4461 2475 4516; x_wconf 90' lang='lat' dir='ltr'>pro</span> <span class='ocrx_word' id='word_1_409' title='bbox 2511 4447 2700 4514; x_wconf 82' lang='grc' dir='ltr'>φαμέν</span> <span class='ocrx_word' id='word_1_410' title='bbox 2734 4444 2956 4513; x_wconf 76' lang='lat' dir='ltr'>scripsit</span> <span class='ocrx_word' id='word_1_411' title='bbox 2987 4444 3123 4512; x_wconf 87' lang='grc' dir='ltr'>φαςί</span> 
     </span>
     <span class='ocr_line' id='line_1_45' title="bbox 535 4528 3118 4599; baseline -0.002 -12"><span class='ocrx_word' id='word_1_412' title='bbox 535 4531 902 4587; x_wconf 76' lang='lat' dir='ltr'><strong>RSkrzeezka</strong></span> <span class='ocrx_word' id='word_1_413' title='bbox 954 4537 964 4597; x_wconf 84' lang='grc'><strong>1</strong></span> <span class='ocrx_word' id='word_1_414' title='bbox 1016 4538 1099 4587; x_wconf 89' lang='grc'>10.</span> <span class='ocrx_word' id='word_1_415' title='bbox 1126 4533 1193 4587; x_wconf 89' lang='grc' dir='ltr'>τό</span> <span class='ocrx_word' id='word_1_416' title='bbox 1225 4548 1292 4587; x_wconf 85' lang='grc' dir='ltr'>τε</span> <span class='ocrx_word' id='word_1_417' title='bbox 1326 4531 1364 4586; x_wconf 92' lang='lat' dir='ltr'>b</span> <span class='ocrx_word' id='word_1_418' title='bbox 1400 4532 1459 4584; x_wconf 90' lang='lat' dir='ltr'>in</span> <span class='ocrx_word' id='word_1_419' title='bbox 1495 4548 1612 4586; x_wconf 81' lang='lat' dir='ltr'><strong>var.</strong></span> <span class='ocrx_word' id='word_1_420' title='bbox 1649 4531 1800 4597; x_wconf 67' lang='lat' dir='ltr'><strong>lect„</strong></span> <span class='ocrx_word' id='word_1_421' title='bbox 1835 4537 2011 4588; x_wconf 86' lang='grc' dir='ltr'>τοῦτο</span> <span class='ocrx_word' id='word_1_422' title='bbox 2039 4534 2081 4587; x_wconf 94' lang='grc' dir='ltr'>Α</span> <span class='ocrx_word' id='word_1_423' title='bbox 2120 4533 2181 4586; x_wconf 76' lang='lat' dir='ltr'>et</span> <span class='ocrx_word' id='word_1_424' title='bbox 2213 4532 2250 4585; x_wconf 90' lang='lat' dir='ltr'>b</span> <span class='ocrx_word' id='word_1_425' title='bbox 2286 4533 2346 4585; x_wconf 85' lang='lat' dir='ltr'>in</span> <span class='ocrx_word' id='word_1_426' title='bbox 2380 4532 2541 4586; x_wconf 79' lang='lat' dir='ltr'><strong>textu</strong></span> <span class='ocrx_word' id='word_1_427' title='bbox 2586 4532 2595 4599; x_wconf 92' lang='grc' dir='ltr'>Ι</span> <span class='ocrx_word' id='word_1_428' title='bbox 2655 4537 2733 4585; x_wconf 84' lang='grc'>14.</span> <span class='ocrx_word' id='word_1_429' title='bbox 2770 4529 2839 4585; x_wconf 87' lang='grc' dir='ltr'>τὸ</span> <span class='ocrx_word' id='word_1_430' title='bbox 2878 4528 3005 4582; x_wconf 79' lang='lat' dir='ltr'><strong>add.</strong></span> <span class='ocrx_word' id='word_1_431' title='bbox 3044 4528 3082 4581; x_wconf 89' lang='lat' dir='ltr'>b</span> <span class='ocrx_word' id='word_1_432' title='bbox 3111 4530 3118 4597; x_wconf 85' lang='grc' dir='ltr'>Ι</span> 
     </span>
     <span class='ocr_line' id='line_1_46' title="bbox 538 4616 3121 4686; baseline -0.001 -15"><span class='ocrx_word' id='word_1_433' title='bbox 538 4622 616 4671; x_wconf 83' lang='grc'>16.</span> <span class='ocrx_word' id='word_1_434' title='bbox 655 4618 923 4685; x_wconf 85' lang='grc' dir='ltr'>ἐμποδὼν</span> <span class='ocrx_word' id='word_1_435' title='bbox 958 4616 1344 4683; x_wconf 81' lang='lat' dir='ltr'><strong>RSkrzeezka,</strong></span> <span class='ocrx_word' id='word_1_436' title='bbox 1379 4617 1665 4683; x_wconf 78' lang='grc' dir='ltr'>ἐμποδοῦν</span> <span class='ocrx_word' id='word_1_437' title='bbox 1702 4616 1796 4672; x_wconf 79' lang='grc' dir='ltr'>ΑΙ)</span> <span class='ocrx_word' id='word_1_438' title='bbox 1826 4621 1836 4686; x_wconf 84' lang='grc' dir='ltr'>Ι</span> <span class='ocrx_word' id='word_1_439' title='bbox 1871 4623 1949 4672; x_wconf 86' lang='lat'>19.</span> <span class='ocrx_word' id='word_1_440' title='bbox 1987 4616 2261 4686; x_wconf 84' lang='grc' dir='ltr'>ἀναγκαίη</span> <span class='ocrx_word' id='word_1_441' title='bbox 2297 4616 2363 4683; x_wconf 87' lang='lat' dir='ltr'>b,</span> <span class='ocrx_word' id='word_1_442' title='bbox 2401 4632 2693 4681; x_wconf 85' lang='grc' dir='ltr'>αναγκαιαι</span> <span class='ocrx_word' id='word_1_443' title='bbox 2726 4616 2796 4682; x_wconf 87' lang='grc' dir='ltr'>Α,</span> <span class='ocrx_word' id='word_1_444' title='bbox 2836 4616 3121 4669; x_wconf 73' lang='lat' dir='ltr'>extremae</span> 
     </span>
     <span class='ocr_line' id='line_1_47' title="bbox 537 4698 3118 4772; baseline -0.001 -17"><span class='ocrx_word' id='word_1_445' title='bbox 537 4719 593 4757; x_wconf 89' lang='grc' dir='ltr'>αι</span> <span class='ocrx_word' id='word_1_446' title='bbox 627 4702 854 4757; x_wconf 74' lang='lat' dir='ltr'>utterae</span> <span class='ocrx_word' id='word_1_447' title='bbox 888 4700 946 4755; x_wconf 86' lang='lat' dir='ltr'>in</span> <span class='ocrx_word' id='word_1_448' title='bbox 983 4719 1179 4757; x_wconf 75' lang='lat' dir='ltr'>rasura</span> <span class='ocrx_word' id='word_1_449' title='bbox 1225 4704 1235 4770; x_wconf 84' lang='grc' dir='ltr'>Ι</span> <span class='ocrx_word' id='word_1_450' title='bbox 1281 4707 1365 4756; x_wconf 84' lang='lat'>21.</span> <span class='ocrx_word' id='word_1_451' title='bbox 1402 4704 1494 4756; x_wconf 83' lang='grc' dir='ltr'>καὶ</span> <span class='ocrx_word' id='word_1_452' title='bbox 1531 4703 1693 4772; x_wconf 85' lang='grc' dir='ltr'>ἄλλα]</span> <span class='ocrx_word' id='word_1_453' title='bbox 1730 4701 1825 4756; x_wconf 89' lang='lat' dir='ltr'><strong>fol.</strong></span> <span class='ocrx_word' id='word_1_454' title='bbox 1866 4708 1961 4756; x_wconf 82' lang='lat'>142</span> <span class='ocrx_word' id='word_1_455' title='bbox 1985 4719 2030 4757; x_wconf 87' lang='lat' dir='ltr'>r.</span> <span class='ocrx_word' id='word_1_456' title='bbox 2067 4704 2077 4771; x_wconf 89' lang='grc' dir='ltr'>Ι</span> <span class='ocrx_word' id='word_1_457' title='bbox 2115 4708 2196 4756; x_wconf 77' lang='grc'>26.</span> <span class='ocrx_word' id='word_1_458' title='bbox 2232 4706 2317 4768; x_wconf 84' lang='grc' dir='ltr'>τῷ</span> <span class='ocrx_word' id='word_1_459' title='bbox 2356 4701 2550 4769; x_wconf 88' lang='grc' dir='ltr'>ςχεδόν</span> <span class='ocrx_word' id='word_1_460' title='bbox 2584 4701 2649 4767; x_wconf 89' lang='lat' dir='ltr'>b,</span> <span class='ocrx_word' id='word_1_461' title='bbox 2685 4717 2754 4755; x_wconf 85' lang='grc' dir='ltr'>το</span> <span class='ocrx_word' id='word_1_462' title='bbox 2791 4701 2988 4768; x_wconf 85' lang='grc' dir='ltr'>ςχεδον</span> <span class='ocrx_word' id='word_1_463' title='bbox 3026 4701 3070 4753; x_wconf 90' lang='grc' dir='ltr'>Α</span> <span class='ocrx_word' id='word_1_464' title='bbox 3111 4698 3118 4768; x_wconf 90' lang='grc' dir='ltr'>Ι</span> 
     </span>
     <span class='ocr_line' id='line_1_48' title="bbox 542 4782 3123 4856; baseline -0.002 -17"><span class='ocrx_word' id='word_1_465' title='bbox 542 4791 624 4844; x_wconf 78' lang='lat'>27.</span> <span class='ocrx_word' id='word_1_466' title='bbox 667 4788 775 4855; x_wconf 87' lang='grc' dir='ltr'>γάρ</span> <span class='ocrx_word' id='word_1_467' title='bbox 812 4795 947 4840; x_wconf 71' lang='lat' dir='ltr'><strong>‘non</strong></span> <span class='ocrx_word' id='word_1_468' title='bbox 981 4787 1158 4842; x_wconf 81' lang='lat' dir='ltr'><strong>habet</strong></span> <span class='ocrx_word' id='word_1_469' title='bbox 1192 4803 1303 4856; x_wconf 86' lang='lat' dir='ltr'>quo</span> <span class='ocrx_word' id='word_1_470' title='bbox 1338 4786 1638 4841; x_wconf 79' lang='lat' dir='ltr'><strong>referatur’</strong></span> <span class='ocrx_word' id='word_1_471' title='bbox 1675 4785 1712 4839; x_wconf 92' lang='lat' dir='ltr'>b</span> <span class='ocrx_word' id='word_1_472' title='bbox 1749 4786 1808 4839; x_wconf 87' lang='lat' dir='ltr'>in</span> <span class='ocrx_word' id='word_1_473' title='bbox 1845 4802 1959 4844; x_wconf 78' lang='lat' dir='ltr'><strong>var.</strong></span> <span class='ocrx_word' id='word_1_474' title='bbox 1995 4785 2127 4840; x_wconf 73' lang='lat' dir='ltr'><strong>lect.</strong></span> <span class='ocrx_word' id='word_1_475' title='bbox 2186 4787 2195 4853; x_wconf 92' lang='grc' dir='ltr'>Ι</span> <span class='ocrx_word' id='word_1_476' title='bbox 2255 4791 2337 4842; x_wconf 82' lang='grc'>29.</span> <span class='ocrx_word' id='word_1_477' title='bbox 2375 4787 2481 4853; x_wconf 83' lang='grc' dir='ltr'>γὰρ</span> <span class='ocrx_word' id='word_1_478' title='bbox 2519 4783 2735 4839; x_wconf 67' lang='lat' dir='ltr'><strong>delevit·</strong></span> <span class='ocrx_word' id='word_1_479' title='bbox 2768 4785 2805 4837; x_wconf 93' lang='lat' dir='ltr'>b</span> <span class='ocrx_word' id='word_1_480' title='bbox 2869 4785 2879 4853; x_wconf 85' lang='grc' dir='ltr'>Ι</span> <span class='ocrx_word' id='word_1_481' title='bbox 2943 4789 3025 4839; x_wconf 79' lang='grc'>32.</span> <span class='ocrx_word' id='word_1_482' title='bbox 3063 4782 3123 4835; x_wconf 90' lang='lat' dir='ltr'>in</span> 
     </span>
     <span class='ocr_line' id='line_1_49' title="bbox 549 4869 2853 4942; baseline 0 -19"><span class='ocrx_word' id='word_1_483' title='bbox 549 4887 726 4942; x_wconf 80' lang='lat' dir='ltr'><strong>marg.</strong></span> <span class='ocrx_word' id='word_1_484' title='bbox 766 4873 831 4927; x_wconf 76' lang='grc' dir='ltr'>Α1</span> <span class='ocrx_word' id='word_1_485' title='bbox 867 4871 974 4926; x_wconf 83' lang='lat' dir='ltr'>hoe</span> <span class='ocrx_word' id='word_1_486' title='bbox 1009 4871 1578 4941; x_wconf 73' lang='lat' dir='ltr'><strong>interpretamentum</strong></span> <span class='ocrx_word' id='word_1_487' title='bbox 1613 4869 1801 4925; x_wconf 73' lang='lat' dir='ltr'>addit:</span> <span class='ocrx_word' id='word_1_488' title='bbox 1838 4873 2018 4925; x_wconf 84' lang='grc' dir='ltr'>ἰ’δαιον</span> <span class='ocrx_word' id='word_1_489' title='bbox 2053 4887 2308 4925; x_wconf 86' lang='grc' dir='ltr'>τουτεςτι</span> <span class='ocrx_word' id='word_1_490' title='bbox 2344 4886 2449 4924; x_wconf 86' lang='grc' dir='ltr'>τον</span> <span class='ocrx_word' id='word_1_491' title='bbox 2481 4887 2586 4939; x_wconf 83' lang='grc' dir='ltr'>της</span> <span class='ocrx_word' id='word_1_492' title='bbox 2618 4872 2741 4939; x_wconf 83' lang='grc' dir='ltr'>ἰ’δης</span> <span class='ocrx_word' id='word_1_493' title='bbox 2765 4871 2853 4924; x_wconf 88' lang='grc' dir='ltr'>δια</span> 
     </span>
    </p>
   </div>
  </div>
 </body>
</html>
