3738 5530
564 334 1003 390 Commentarius
1040 336 1267 391 criticus
1295 337 1355 389 et
1381 332 1703 405 exegeticus
1730 332 1792 388 in
1817 330 2106 403 Apollonii
2134 329 2362 401 Dyscoli
2389 329 2602 401 scripta
2627 330 2860 385 minora.
2938 329 3064 395 179

450 525 520 565 ea
564 506 726 565 facia
769 508 910 565 sunt
954 504 1238 565 adverbis
1278 506 1344 563 in
1387 502 1411 564 ἰ
1454 503 1766 579 hamtona,
1814 521 1967 578 quae
2006 519 2141 560 cum
2184 501 2316 578 lege
2361 501 2470 560 illa
2516 491 2901 582 congruunt),
2943 517 3064 559 non

439 611 613 670 posse
666 596 889 655 abicere
931 592 968 654 Ε
1013 596 1261 654 liticram
1312 597 1564 667 oaeytona
1612 595 1680 652 in
1723 589 1795 652 ι’ξ.
1888 590 2023 665 Qua
2074 591 2146 650 dc
2199 607 2383 650 causa
2447 586 2700 664 χωρίς,
2752 593 3067 664 postquam

439 687 677 758 practer
722 685 899 759 leyem
941 681 978 742 ‘c‘
1022 684 1252 752 abiecit,
1296 685 1445 742 recte
1483 683 1731 757 yravari
1772 681 2003 740 videtur
2049 672 2323 761 (χῶρι),
2367 682 2435 738 ut
2475 675 2600 757 ᾗχι
2645 675 2881 753 ναίχι,
2935 695 3067 737 oum

449 768 620 847 οὐχί
666 777 931 833 acuatur.
1003 769 1334 847 Analoyiae
1368 772 1742 846 satisfacimtt
1779 772 1954 830 etiam
1987 767 2183 843 πρῶι
2223 772 2275 827 et
2318 762 2454 841 ὄψι
2490 768 2772 828 aeolicum
2811 769 3059 843 162,21

455 863 688 937 -163‚
709 862 764 921 6.
842 861 929 921 of.
969 861 1108 921 Her.
1145 861 1178 920 1
1224 861 1841 936 505‚11-506‚17.
1915 858 1979 918 Π
2016 858 2419 932 4e4‚s-1o.
2471 858 2917 932 831,1o—14.

632 952 879 1027 162,21
932 945 1284 1030 ἐδείξαμεν]
1338 951 1482 1026 134,
1504 950 1954 1024 28-137,19.

632 1042 776 1115 162,
801 1042 882 1099 22
931 1035 1037 1099 διὰ
1082 1034 1306 1118 τοῦτο]
1359 1040 1808 1115 135,10-13.

632 1131 777 1205 162,
802 1130 884 1188 23
931 1130 1208 1189 lacunam
1252 1129 1454 1188 decem
1496 1128 1843 1188 undecimve
1889 1127 2227 1186 litterarum
2270 1128 2428 1185 recte
2475 1125 2626 1202 expl.
2673 1125 2930 1186 Dronke.

630 1218 775 1293 162,
800 1220 882 1276 24
946 1218 1054 1279 lac.
1110 1217 1419 1277 duodecim
1485 1216 2036 1294 quattuordecimve
2102 1215 2218 1274 litt.
2274 1217 2412 1291 post
2476 1211 2687 1276 οὐκέτι
2750 1218 2936 1292 recte,
3002 1216 3067 1274 ni

450 1306 654 1382 fallor,
712 1306 954 1367 Dronke
1013 1307 1286 1383 explevit.
1376 1306 1562 1366 Lehrs
1621 1309 1685 1365 in
1745 1306 1900 1364 Ann.
1947 1305 2064 1364 litt.
2110 1303 2242 1363 Jen.
2294 1305 2462 1365 1879
2511 1324 2568 1380 p.
2611 1306 2773 1364 224:
2835 1300 3066 1376 οὐκέτι,

450 1391 715 1475 <ἐ>π<εὶ
777 1390 955 1457 αὖθι(
1021 1391 1333 1475 ἀνάγκη),
1395 1396 1555 1473 quod
1609 1396 1806 1455 minus
1860 1394 2087 1472 placet:
2155 1411 2295 1452 nam
2350 1388 2594 1467 ἀνάγκη
2649 1413 2770 1453 non
2826 1397 2916 1453 est
2970 1389 3066 1453 δίε

451 1481 583 1559 τρίς
638 1479 727 1545 εἰ(
784 1480 1000 1547 ὀξεῖαν
1054 1480 1472 1561 προάγεεθαι,
1539 1484 1643 1545 sed
1703 1479 1949 1564 ἀνάγκῃ
2006 1478 2219 1543 οὐκέτι
2273 1478 2351 1542 τὸ
2394 1479 2430 1541 ἰ
2486 1478 2865 1558 ἀποβάλλει,
2926 1485 3067 1559 quia

452 1577 712 1650 oxytona
759 1577 915 1634 sunt.

631 1665 777 1738 162,
801 1667 881 1723 27
932 1659 1117 1742 χῶρι]
1167 1663 1298 1723 adv.
1343 1664 1621 1739 138‚1s;
1668 1662 1807 1722 Her.
1845 1661 1878 1721 1
1926 1662 2162 1736 506‚9;
2207 1658 2315 1719 Ao
2360 1661 2394 1719 Ι
2437 1663 2720 1737 443‚27;
2774 1662 3066 1722 Ruhnken

452 1771 581 1830 epp.
622 1752 698 1812 ad
742 1752 972 1812 Ernest.
1012 1752 1101 1812 ed.
1141 1754 1452 1813 Tittmann
1496 1773 1554 1830 p.
1598 1753 1697 1812 50.

633 1843 776 1917 162,
801 1843 882 1900 28
920 1839 1027 1921 ᾗχι
1063 1844 1189 1902 sine
1224 1841 1248 1902 ἰ
1286 1842 1617 1919 subscripto
1654 1840 1911 1918 protulit
1936 1838 2337 1914 Aristarchus,
2381 1839 2454 1898 cf.
2483 1840 2661 1900 schol.
2691 1841 2748 1900 A
2784 1841 2862 1900 ad
2889 1837 2941 1903 Λ
2965 1843 3066 1917 76,

450 1929 628 1990 schol.
665 1930 798 1990 HM
835 1930 910 1991 ad
947 1947 988 2002 γ
1018 1934 1136 2006 87;
1181 1930 1321 1990 Her.
1359 1931 1390 1990 Ι
1429 1931 1575 2007 505,
1600 1931 1711 2006 183
1754 1929 2158 1989 Herodianum
2206 1926 2229 1988 ἱ
2276 1929 2614 2006 ascripsisse
2660 1948 2729 1988 ex
2773 1929 2868 1990 Jo.
2898 1931 3063 1991 Alex.

455 2021 556 2095 29,
579 2021 616 2078 9
648 2037 808 2095 seqq.
857 2020 1108 2098 aliisque
1155 2020 1300 2080 locis
1346 2022 1612 2097 apparet.

632 2110 776 2185 162,
798 2110 880 2169 28
929 2103 1026 2183 εἴη
1081 2104 1249 2189 <ἂν>
1291 2109 1503 2169 Matth.
1551 2109 1582 2167 I
1631 2111 1743 2183 743
1797 2128 1850 2167 v.
1899 2110 2209 2168 comment.
2256 2106 2331 2165 de
2376 2107 2489 2184 Ap.
2537 2111 2795 2168 consuet.
2850 2141 2927 2152 —-
2976 2108 3063 2168 Of.

454 2197 592 2258 Her.
630 2197 693 2256 Π
741 2200 886 2275 202,
909 2200 1010 2258 26.

632 2288 776 2363 162,
798 2287 1122 2363 31-163,
1145 2290 1182 2347 2
1239 2290 1310 2347 ut
1352 2287 1467 2364 Ap.
1513 2286 1786 2346 dubitare
1841 2286 2080 2346 videtur
2133 2288 2289 2346 sitne
2343 2282 2512 2361 πρωί
2567 2307 2643 2347 an
2699 2286 2868 2363 πρῶι
2921 2292 3064 2349 scri-

450 2376 735 2451 bendum,
799 2377 888 2436 ita
945 2375 1320 2436 Herodianus
1380 2378 1729 2453 oxytonesin
1785 2376 2088 2451 postulat,
2150 2375 2222 2433 cf.
2271 2374 2304 2433 Ι
2350 2376 2499 2450 506,
2522 2378 2577 2435 7,
2650 2377 2714 2437 H
2767 2378 2917 2454 464,
2948 2380 3066 2454 1ος

452 2465 592 2525 Lob.
630 2465 745 2524 ΕΠ.
784 2465 847 2524 11
892 2468 994 2525 47.
1045 2467 1190 2525 229.
1241 2468 1395 2541 277;
1455 2464 1623 2541 πρῶι
1668 2464 1929 2524 Homero
1974 2463 2353 2525 vindicarunt
2396 2464 2632 2525 Bekker
2676 2469 2738 2525 et
2782 2467 3065 2545 Dindorf3

450 2573 503 2612 v.
543 2553 798 2632 Ebeling
842 2555 952 2614 lex.
991 2554 1165 2615 Hom.
1203 2573 1247 2614 s.
1277 2575 1331 2615 v.

632 2645 836 2720 163‚4
883 2638 1027 2723 ὄψι]
1075 2644 1213 2703 Her.
1251 2644 1371 2703 ind.
1410 2662 1455 2703 s.
1483 2664 1569 2719 v.;
1614 2643 1757 2702 Ahr.
1795 2642 1960 2702 dian.
1998 2643 2029 2702 Ι
2071 2645 2150 2702 17
2181 2663 2238 2701 n.
2290 2644 2404 2718 29;
2462 2643 2598 2703 Mei.
2636 2644 2667 2703 Ι
2713 2645 2796 2704 46
2845 2643 2886 2721 ἓ
2924 2647 3061 2723 8,1.

632 2734 836 2809 163‚5
884 2732 1023 2793 Her.
1061 2733 1124 2793 11
1170 2735 1441 2811 932,12.

630 2823 776 2899 163,
797 2825 834 2882 6
891 2819 1260 2903 δεδείξεται]
1311 2825 1457 2900 193,
1478 2824 1515 2882 5
1563 2840 1710 2899 sqq.‚
1764 2820 1869 2881 ubi
1924 2821 1997 2881 de
2052 2816 2182 2896 ὀψέ
2234 2841 2353 2882 non
2414 2825 2513 2901 agi
2571 2827 2774 2885 monet
2821 2824 3061 2886 Dronke

450 2911 544 2971 m
592 2913 749 2987 3283
793 2912 866 2971 cf.
902 2912 1115 2972 Matth.
1152 2912 1184 2972 1
1231 2915 1286 2972 9.

625 3001 934 3078 Barytona
985 3005 1126 3061 stant
1175 3020 1245 3062 ea
1298 3001 1578 3063 adverbia
1619 3003 1686 3060 in
1728 2998 1753 3061 ἰ
1798 3001 2008 3075 quibus
2065 3000 2348 3061 adverbia
2388 3004 2455 3060 in
2500 3000 2621 3063 θέῐῑ
2666 3005 2921 3064 ciusdem
2963 3024 3062 3064 ra-

450 3091 597 3150 dicis
628 3094 870 3165 praesto
913 3095 1064 3150 sant.
1135 3091 1305 3151 Haec
1345 3094 1413 3149 in
1447 3088 1569 3151 θέν
1613 3106 1848 3149 servare
1893 3090 2076 3149 solent
2109 3084 2147 3150 θ
2184 3090 2451 3160 litteram,
2496 3095 2551 3152 si
2592 3095 2659 3152 in
2692 3094 3063 3167 paenultima

451 3177 490 3240 ὅ
534 3180 624 3239 vol
668 3176 723 3239 ὦ
767 3180 978 3238 habent
991 3201 1014 3253 ;
1058 3198 1207 3254 quae
1250 3197 1369 3240 non
1411 3180 1638 3248 habent,
1682 3183 1915 3239 nmmnt
1958 3174 1995 3240 θ
2030 3182 2097 3239 in
2130 3178 2181 3239 E.
2258 3180 2640 3256 Quamobrem
2683 3182 2840 3244 κεῖθι
2874 3187 3065 3258 possit

448 3270 770 3329 notandum
813 3270 999 3329 viden·
1043 3261 1295 3351 (quippe
1342 3269 1503 3345 quod
1558 3287 1678 3328 non
1723 3271 2030 3328 transierit
2071 3269 2135 3327 in
2180 3268 2355 3342 κεῖει,
2404 3289 2766 3349 quamquam
2810 3291 2918 3332 nec
2962 3293 3059 3352 ge-

449 3360 674 3417 minam
719 3358 970 3417 formam
1016 3357 1223 3419 κεῖθεν
1271 3377 1379 3418 nec
1423 3359 1618 3436 ipsum
1662 3360 1727 3417 in
1771 3359 2140 3435 paenultima
2188 3358 2227 3420 ὃ
2272 3360 2369 3420 vel
2415 3358 2471 3419 ὦ
2514 3354 2752 3444 habet);
2803 3364 2907 3422 sed
2949 3381 3062 3437 per

439 3450 778 3521 passionem
833 3442 1163 3508 ἐκεινόθι
1216 3450 1439 3522 factum·
1493 3453 1599 3517 est,
1656 3452 1706 3507 et
1751 3465 1902 3522 quae
1943 3465 2058 3522 per
2110 3444 2352 3510 πάθοε
2406 3453 2536 3509 orta
2578 3454 2739 3520 semt,
2797 3469 2917 3511 non
2962 3470 3063 3512 eas

448 3538 676 3610 formas
707 3541 1025 3612 procreant
1068 3556 1217 3612 quae
1260 3540 1517 3612 affectae,
1564 3539 1666 3597 sed
1709 3554 1860 3613 qaae
1894 3537 2111 3611 plenae
2152 3540 2498 3614 nativaeqae
2540 3542 2665 3599 voci
2711 3545 2884 3614 aptae
2924 3547 3061 3601 sant

455 3627 856 3702 issa—27.
948 3625 1035 3685 cf.
1085 3626 1215 3687 adv.
1267 3627 1849 3702 192‚15-193,4;
1904 3625 2113 3685 Her.1
2160 3627 2652 3705 501,11—502‚
2674 3632 2730 3688 2.
2790 3632 3058 3706 5o5‚13.

453 3715 516 3774 11
563 3716 712 3791 343,
733 3717 788 3775 2.

634 3806 777 3879 163,
801 3805 883 3864 10
941 3803 1059 3866 τοῦ
1120 3801 1424 3877 εὑνεγγυε
1484 3799 1568 3883 α-ι]
1629 3805 1700 3863 cf.
1748 3804 1941 3864 Anon.
1988 3825 2074 3882 gr.
2131 3807 2270 3882 epit.
2326 3807 2415 3865 ed.
2467 3807 2746 3886 Egenolff
2796 3829 2853 3885 p.
2892 3810 2952 3886 4,
2975 3809 3057 3868 25

456 3889 512 3953 ὤ
547 3925 636 3936 -
675 3888 1115 3969 ἀντιετοιχοῦν
1161 3895 1255 3975 τῷ
1302 3893 1357 3954 ὅ.

634 3984 883 4059 163,ιῖ
932 3985 1003 4043 cf.
1043 3983 1175 4044 adv.
1217 3984 1663 4059 187‚32-—35.

633 4074 777 4148 163,
800 4074 1059 4132 15-17
1122 4068 1388 4134 ‘nomina
1444 4073 1813 4132 nominativo
1873 4090 2015 4132 casu
2073 4076 2382 4135 contracta
2435 4094 2555 4135 non
2614 4079 2943 4152 sequuntur
2994 4079 3057 4137 in

451 4161 708 4237 obliquis
763 4162 994 4222 casibus
1055 4164 1395 4240 analogiam
1448 4165 1913 4238 contractorum,
1971 4162 2076 4222 sed
2128 4166 2218 4223 ita
2275 4163 2592 4224 flectuntur
2647 4168 2818 4242 quasi
2877 4169 3057 4228 ceteri

455 4268 624 4311 casus
670 4270 707 4311 a
748 4253 1118 4312 nominativo
1163 4271 1282 4312 non
1327 4254 1631 4311 contracto
1676 4247 2073 4312 descendant'.

632 4342 777 4416 163,
801 4344 881 4400 17
932 4337 1003 4402 ἐν
1048 4337 1399 4402 διαλέκτοις
1444 4337 1521 4400 τὸ
1569 4336 1817 4421 χαρίηε]
1863 4342 1930 4401 in
1980 4343 2270 4402 severiore
2314 4343 2563 4419 Doride,
2616 4364 2670 4404 v.
2709 4344 2853 4404 Ahr.
2892 4345 3054 4406 diali.

452 4429 515 4488 Π
554 4432 679 4489 155
701 4450 756 4488 n.
799 4432 853 4490 3.
891 4463 965 4472 —
999 4425 1090 4509 Τῇ
1129 4425 1320 4510 λέξει]
1360 4424 1632 4490 ‘formae'
1669 4431 1766 4491 vel
1803 4425 1990 4491 ‘vocis
2040 4426 2226 4507 sono',
2271 4452 2324 4492 v.
2355 4432 2487 4492 adn.
2520 4433 2597 4491 ad
2631 4453 2798 4510 pron.
2829 4437 3055 4511 34‚21.

453 4518 585 4579 adv.
629 4521 774 4592 147,
798 4521 863 4594 7;
909 4515 1081 4593 λήξει
1116 4517 1301 4580 Lehrs
1347 4520 1410 4577 in
1446 4520 1599 4578 Ann.
1637 4519 1753 4578 litt.
1792 4519 1924 4577 Jen.
1958 4521 2124 4581 1879
2163 4541 2221 4597 p.
2254 4523 2413 4597 2243
2456 4524 2523 4581 in
2565 4522 2723 4583 idem
2766 4524 3058 4584 inciderat

453 4607 576 4666 ska
620 4600 711 4688 (in
756 4608 971 4666 litteris
1018 4606 1095 4668 ad
1139 4628 1233 4668 me
1278 4599 1493 4690 ἀπῆς),
1551 4607 1655 4668 sed
1693 4608 1775 4687 τῇ
1824 4604 1994 4683 λήξει
2040 4609 2172 4669 τῶν
2220 4604 2309 4671 εἰ(
2353 4609 2428 4686 ῆὶ
2474 4608 2811 4685 ληγόντων
2855 4615 3057 4690 inepte

451 4695 675 4755 dictum
722 4699 875 4755 esset
919 4716 1028 4773 pro
1073 4696 1208 4758 τοῖς
1255 4692 1343 4758 εἰ(
1389 4695 1464 4772 ἦὶ
1510 4693 1787 4771 λήγουει.
1881 4697 2120 4758 Dronke
2165 4720 2281 4778 mg.
2329 4703 2605 4777 ascripsit
2649 4696 2855 4761 κλίεει.

633 4786 780 4860 163,
802 4787 881 4844 21
932 4781 1011 4847 οὐ
1058 4788 1151 4866 τῷ
1187 4781 1375 4847 πάθει
1421 4780 1822 4860 ἀρκούμενον
1867 4786 1985 4847 τοῦ
2022 4784 2352 4862 εχήματοε,
2396 4791 2490 4870 τῷ
2536 4787 2609 4849 δὲ
2656 4785 2900 4852 ἐντελεῑ
2943 4788 3056 4873 ῥᾳ-

450 4868 629 4952 δίωε]
676 4867 902 4934 ‘indem
943 4874 1051 4935 das
1098 4870 1180 4954 ῥᾴ
1225 4874 1349 4935 sich
1392 4875 1560 4934 nicht
1605 4895 1682 4936 an
1727 4874 1864 4935 dem
1907 4873 2114 4937 πάθοε
2157 4884 2428 4956 genfigen
2471 4880 2605 4939 liess
2654 4873 2735 4962 (d.
2766 4881 2822 4939 h.
2858 4883 3056 4941 indem

452 4980 515 5023 es
567 4963 691 5023 sich
744 4963 912 5022 nicht
963 4963 1079 5024 den
1134 4964 1344 5024 Zusatz
1399 4964 1500 5024 des
1555 4958 1594 5042 B
1639 4964 1930 5045 entgehen
1984 4966 2117 5026 liess
2169 4969 2282 5026 mit
2334 4968 2658 5029 Rfloksicht
2711 4973 2821 5031 auf
2868 4971 3055 5032 dieses

2525 5068 2632 5123 12*
