3738 5530
614 255 744 321 152
819 252 1267 309 Commentarius
1297 252 1524 307 criticus
1552 254 1612 308 et
1639 250 1963 321 exegeticus
1989 250 2051 305 in
2078 249 2366 320 Apollonii
2393 248 2622 319 Dyscoli
2651 248 2864 319 scripta
2886 247 3120 303 minora.

610 421 804 486 (υνὸν
858 418 1179 483 πτωτικὸν
1233 417 1428 482 πάλιν
1483 416 1555 481 ἐν
1610 415 1947 500 αἰτιατικῇ,
2012 414 2248 483 οὕτως·
2339 414 2507 497 <δεῖ
2560 414 3084 480 Ἀπολλώνιον
3144 414 3230 478 τὸ

610 508 1009 591 γράφειν),
1054 508 1094 586 ἢ
1141 506 1488 572 ἀνάπαλιν·
1563 509 1679 572 δεῖ
1721 505 2243 571 Ἀπολλώνιος
2288 506 2374 570 τὸ
2420 504 2752 585 γράφειν
2798 526 2852 568 κ.
2888 525 2941 568 τ.
2972 507 3025 568 λ.
3100 508 3233 577 Qua.

610 604 675 663 in
729 603 1106 662 restitutione
1159 601 1270 660 hoc
1322 603 1578 660 maxime
1633 599 1938 677 displicet,
1990 598 2152 677 quod
2196 599 2349 659 duae
2404 599 2545 658 illae
2591 598 3059 658 constructiones
3106 594 3232 675 (δεῖ

613 688 1055 754 Ἀπολλώνιον
1100 686 1177 750 τὸ
1223 686 1501 765 γράφειν
1547 692 1608 749 et
1651 689 1751 751 δεῖ
1795 684 2236 751 Ἀπολλώνιος
2280 686 2358 749 τὸ
2404 683 2710 766 γράφειν)
2756 706 2875 747 non
2923 706 3229 747 secernun-

612 785 732 857 tur,
777 781 899 855 sed‚
942 783 1013 840 ut
1056 776 1160 839 καὶ
1206 773 1526 839 ἀνάπαλιν
1572 780 1888 839 verborum
1931 779 2090 838 ratio
2134 777 2444 854 habeatur,
2490 777 2949 838 confunduntur.

791 871 978 930 Totus
1021 869 1120 928 hic
1155 869 1319 929 locus
1367 871 1436 928 ut
1479 887 1722 945 prorsus
1757 868 2142 946 perturbatus
2188 871 2298 943 est,
2341 870 2432 927 ita
2477 870 2659 927 etiam
2703 867 2897 946 magis
2940 886 3010 927 eo
3046 867 3229 944 impe-

613 961 779 1021 ditur
822 958 980 1037 quod
1025 958 1099 1018 de
1145 960 1459 1019 structuris
1505 958 1723 1037 agitur,
1769 978 1922 1035 quae
1966 959 2264 1018 fuerintne
2300 977 2565 1034 unquam
2602 976 2849 1036 graecae
2886 956 3063 1016 valde
3108 975 3231 1015 am-

612 1051 854 1129 bigitur.
947 1048 1140 1120 Quam
1184 1052 1248 1107 in
1292 1068 1420 1108 rem
1463 1048 1761 1124 inquirere
1805 1066 1964 1107 nunc
2007 1067 2127 1107 non
2173 1048 2418 1106 attinet:
2472 1049 2742 1106 nostrum
2788 1050 2879 1106 est
2923 1048 3231 1121 scriptoris

612 1139 796 1200 verba
834 1137 1029 1215 quoad
1076 1138 1204 1198 eius
1249 1138 1442 1198 facere
1478 1155 1789 1215 possumus
1826 1140 1889 1197 et
1923 1139 2235 1198 restituere
2272 1140 2335 1196 et
2367 1139 2764 1213 interpretari.
2840 1136 3005 1195 Haec
3047 1136 3234 1213 igitur

613 1228 871 1290 tenenda
908 1230 1073 1288 sunt:
1118 1225 1195 1289 τὸ
1233 1223 1402 1303 ῥῆμα
1438 1222 1672 1304 φθάνει
1710 1222 1813 1288 ἐπὶ
1850 1224 1970 1302 τὴν
2009 1224 2263 1288 εὐθεῖαν
2299 1225 2417 1287 τοῦ
2455 1221 2778 1300 ὀνόματος
2820 1220 2880 1283 ‘i.
2912 1245 2958 1285 e.
2988 1224 3231 1284 verbum

614 1320 983 1379 construitur
1026 1337 1159 1377 cum
1205 1318 1577 1378 nominativo
1621 1311 1924 1391 nominis’,
1976 1317 2073 1376 vel
2119 1310 2544 1375 ‘nominativus
2598 1316 2857 1376 nominis
2903 1316 3234 1376 subiectum

617 1411 710 1469 est
751 1401 970 1482 verbi’3
1026 1402 1098 1467 ἑν
1152 1408 1244 1487 τῷ
1301 1400 1530 1481 ῥήματι
1583 1402 1863 1478 γίνεεθαι
1918 1408 2011 1466 est
2054 1400 2409 1466 ‘subiectum
2452 1405 2582 1464 fieri
2626 1400 2844 1480 verbi'3
2903 1405 3229 1465 subiectum

616 1497 783 1556 verbi
821 1491 1310 1571 ἀντιμεταλάβοι
1348 1500 1439 1556 est
1476 1491 1514 1556 ὁ
1551 1492 1919 1571 περίπατος,
1965 1499 2028 1556 et
2072 1490 2723 1569 ἀντιμεταλαμβάνειν
2769 1512 2826 1555 τι
2873 1489 3016 1554 ἀντί
3060 1509 3233 1554 τινος

616 1589 707 1647 est
752 1580 1008 1663 ‘aliquid
1044 1588 1108 1645 in
1156 1585 1407 1647 alicuius
1450 1586 1649 1645 locum
1695 1579 2093 1646 substituere'.

795 1675 912 1736 Sed
955 1677 1010 1735 si
1054 1674 1152 1736 δεῖ
1199 1672 1317 1750 χρή
1365 1677 1544 1735 verba
1578 1680 1733 1745 sumt,
1779 1678 1884 1750 qui
1917 1678 1987 1749 fit
2025 1679 2092 1734 ut
2132 1693 2253 1734 non
2288 1674 2634 1748 flectantur?
2678 1678 2743 1733 ut
2777 1691 2897 1732 non
2932 1691 3064 1733 eum
3096 1690 3235 1748 per-

618 1768 779 1826 sonis
824 1766 1354 1840 transformentm?
1417 1766 1572 1841 Quia
1613 1782 1733 1824 non
1767 1782 2062 1840 personae
2096 1766 2353 1825 subiecta
2396 1767 2549 1833 sumt,
2597 1764 2699 1823 sed
2741 1765 3088 1836 mfinitivus,
3136 1763 3239 1837 qui

619 1857 802 1916 unius
835 1872 1127 1930 personae
1172 1859 1267 1914 est.
1349 1855 1562 1929 Itaque
1604 1856 1672 1914 im.
1713 1855 1805 1915 his
1852 1850 1980 1928 ἐμὲ
2026 1854 2143 1914 δεῖ
2187 1849 2516 1929 γράφειν
2562 1854 2919 1913 immutabile
2966 1856 3049 1911 est
3092 1850 3235 1923 δεῖ,

621 1945 776 2019 quod
821 1947 947 2005 eius
991 1945 1307 2003 subiectum
1354 1948 1436 2003 est
1480 1938 1837 2019 γράφειν;
1884 1940 2026 2003 n'am
2064 1962 2195 2003 oum
2239 1938 2567 2019 γράφειν
2611 1942 2971 2002 inmutabile
3014 1944 3106 2009 sit,
3152 1959 3238 2000 se-

622 2036 822 2109 quitur
864 2037 933 2093 ut
983 2033 1099 2093 δεῖ
1144 2036 1337 2108 ipsum
1382 2051 1603 2107 quoque
1655 2050 1776 2092 non
1827 2035 2103 2093 varietur.
2194 2033 2367 2093 Idem
2410 2033 2767 2107 cognoscibus·
2810 2033 2912 2091 ubi
2960 2048 3077 2106 pro
3122 2030 3240 2091 δεῖ

621 2125 928 2183 substituis
973 2118 1244 2194 λείπει,
1301 2124 1455 2196 quod
1499 2126 1643 2196 quin
1686 2123 1925 2182 verbum
1968 2125 2045 2182 sit
2086 2140 2252 2182 nemo
2298 2124 2597 2183 dubitabit.
2693 2120 2881 2182 Cadus
2924 2121 3241 2180 subiect-am

621 2214 725 2273 ubi
769 2214 1101 2285 infinitivus
1147 2216 1255 2281 est,
1310 2214 1413 2286 qui
1464 2214 1645 2272 unius
1699 2215 1901 2273 tertiae
1945 2229 2236 2286 personae
2281 2230 2403 2271 esse
2435 2215 2648 2286 potest,
2704 2212 2790 2270 ibi
2844 2205 3090 2270 λείπει
3123 2226 3241 2284 per

611 2319 908 2377 personas
964 2303 1116 2374 flecti
1166 2303 1377 2375 nequit.
1469 2303 1948 2362 Demonstrabwm
2000 2304 2180 2376 igitur
2236 2306 2343 2371 est,
2399 2300 2513 2361 δεῖ
2559 2305 2611 2359 et
2665 2295 2828 2376 χρή,
2884 2316 3241 2373 quamquam

539 2448 546 2453 ,
627 2408 758 2451 oum
803 2392 1054 2451 diversis
1089 2393 1362 2466 personis
1407 2392 1854 2469 commmoratur,
1898 2392 2291 2451 inmutabilia
2338 2408 2459 2451 esse
2508 2392 2655 2465 131,
2674 2391 2910 2450 3—19.

807 2482 1007 2555 131,5
1056 2480 1275 2555 προεῶ
1314 2501 1346 2539 e
1390 2482 1646 2558 repetito
1691 2477 2006 2557 πρόεωπα
2043 2483 2241 2541 ortum
2276 2498 2402 2541 esse
2437 2481 2701 2555 videtur3
2744 2480 2800 2538 h.
2831 2481 2991 2539 enim
3026 2478 3064 2536 l.
3098 2479 3241 2537 ferri

622 2589 740 2630 non
768 2572 969 2647 potest
993 2573 1241 2648 propter
1267 2589 1338 2628 ea
1376 2588 1528 2645 quae
1556 2570 1928 2629 subiciuntur
1964 2564 2003 2630 ὅ
2033 2565 2160 2631 ἐετι
2198 2567 2730 2645 μονοπρόεωπον,
2769 2587 2922 2647 quae
2948 2567 3013 2626 id
3043 2569 3241 2645 ipsum

623 2659 983 2738 significant,
1017 2659 1382 2719 infinitivum
1418 2678 1539 2718 una
1573 2660 1756 2719 tertia
1790 2678 1942 2736 pers.
1971 2661 2082 2735 uti,
2116 2660 2154 2718 i.
2185 2679 2216 2719 e
2262 2678 2543 2737 personas
2579 2678 2698 2720 non
2727 2659 3110 2737 distinguere,
3145 2657 3241 2717 vel

624 2745 807 2810 ἐκτὸς
862 2744 1228 2824 προεώπων
1283 2768 1408 2810 esse
1454 2740 1637 2832 (synt.
1681 2751 1828 2825 229,
1851 2742 1992 2832 23),
2045 2749 2141 2810 vel
2186 2769 2306 2811 non
2359 2747 2829 2826 παραετατικὸν
2875 2743 3240 2822 προεώπων

625 2831 787 2921 (adv.
831 2839 978 2914 185,
1000 2830 1131 2920 10),
1175 2839 1273 2899 vel
1316 2858 1436 2900 non
1474 2835 1915 2900 διαεταλτικόν
1968 2832 2189 2922 (ibid),
2234 2841 2330 2899 vel
2375 2836 2494 2901 οὐκ
2539 2835 2611 2900 ἐν
2656 2837 3029 2915 προεώποιε
3073 2833 3240 2908 ἐγγί-

625 2930 837 2989 νεεθαι
868 2921 972 3009 (ib.
1006 2930 1155 3003 129,
1178 2920 1305 3010 18).
1352 2928 1537 3008 Uhlig
1566 2929 1643 2988 ad
1679 2948 1847 2989 suam
1886 2931 2284 2989 coniecturam
2321 2930 2610 2990 tuendam
2646 2931 2735 2989 cft
2769 2932 2924 3006 synt
2960 2928 3106 3003 120,
3128 2929 3241 3002 21ς

625 3020 781 3077 certe
827 3014 1072 3093 προεὸν
1116 3038 1235 3078 non
1282 3021 1375 3078 est
1418 3019 1829 3079 necessarium.

809 3108 1014 3182 131,6
1061 3110 1200 3184 post
1254 3103 1363 3183 ἐμὲ
1403 3139 1491 3149 -
1534 3102 1810 3183 γράφειν
1871 3109 2082 3168 Matth.
2130 3107 2161 3167 I
2209 3110 2290 3169 63
2353 3110 2562 3169 inserit
2618 3103 2730 3188 <εὲ
2790 3108 2889 3171 δεῖ
2947 3100 3241 3183 γράφειν,

629 3192 879 3257 ἐκεῖνον
924 3195 1024 3256 δεῖ
1066 3191 1410 3277 γράφειν>;
1458 3196 1534 3256 ad
1583 3198 1762 3271 7,28.

808 3286 955 3361 131,
977 3286 1163 3344 7-8.
1227 3286 1567 3346 Infinitivus
1595 3286 1846 3347 subiecti
1873 3287 2003 3347 vice
2031 3288 2284 3366 fungens
2313 3306 2495 3348 causa
2521 3291 2612 3349 est
2639 3307 2743 3348 cur
2769 3288 2883 3361 δεῖ,
2922 3287 3081 3365 quod
3108 3306 3242 3346 cum

627 3394 696 3435 eo
723 3377 1036 3434 convenire
1063 3393 1298 3436 necesse
1326 3378 1434 3451 est,
1468 3377 1666 3452 ipsum
1694 3395 1930 3453 quoque
1958 3373 2094 3437 καθ’
2125 3372 2242 3437 ἕνα
2269 3373 2693 3452 (χηματιεμὸν
2728 3379 3086 3454 proferatur,
3122 3396 3241 3436 non

625 3466 864 3525 inverso
900 3463 1132 3539 ordin03
1167 3464 1371 3542 itaque
1408 3468 1567 3524 recte
1605 3465 1913 3525 emendavi
1951 3463 2055 3526 καὶ
2091 3461 2277 3527 ἔνθεν
2314 3463 2419 3544 (τὸ
2456 3464 2582 3545 δεῖ)
2612 3467 2943 3528 (υντεῖνον
2980 3460 3070 3527 εἰ(
3104 3458 3170 3548 (i.
3192 3485 3240 3524 e.

626 3573 690 3614 se
725 3553 987 3631 dirigens
1023 3555 1119 3613 vel
1157 3554 1541 3615 accomodans
1570 3547 1675 3637 ad)
1713 3551 1790 3615 τὸ
1826 3550 2121 3631 γράφειν,
2156 3552 2260 3616 καὶ
2297 3552 2456 3618 αὐτὸ
2495 3550 2723 3638 (ipsum
2760 3576 3013 3633 quoque,
3049 3559 3119 3615 ut
3153 3554 3243 3613 in-

627 3635 926 3725 finitivus)
964 3640 1080 3703 τὸν
1127 3638 1244 3703 ἕνα
1280 3641 1703 3719 εχηματιεμὸν
1741 3638 2147 3719 ἀναδέχεται;
2196 3646 2265 3706 cf.
2305 3649 2458 3723 synt.
2493 3647 2639 3721 239,
2659 3648 2694 3705 7
2736 3642 2875 3706 ἐπεὶ
2913 3642 2965 3726 ᾧ
3004 3640 3240 3720 ευμφέ-

629 3748 806 3808 ρεται
844 3725 912 3813 (i.
945 3752 991 3792 e.
1031 3724 1376 3814 infinitivo),
1420 3729 1671 3795 τούτων
1710 3728 1775 3815 (i.
1808 3752 1853 3793 e.
1895 3728 2166 3810 ἀριθμοῦ
2213 3737 2276 3795 et
2319 3727 2698 3816 προεώπου)
2747 3731 2913 3796 ἐετὶν
2959 3729 3240 3809 ἀπαρέμ-

628 3837 861 3897 φατον,
899 3818 1003 3882 καὶ
1038 3819 1145 3882 διὰ
1182 3821 1377 3882 τοῦτο
1415 3818 1494 3883 οὐ
1523 3819 2039 3897 ευμμετατίθεται
2075 3825 2168 3904 τῷ
2206 3819 2285 3884 οὐ
2315 3821 2797 3905 μετατιθεμένῳ,
2836 3821 3008 3896 λέγω
3041 3822 3114 3885 δὲ
3149 3825 3244 3903 τῷ

628 3906 1091 3992 ἀπαρεμφάτῳ.
1166 3911 1297 3971 adv.
1330 3913 1480 3988 131,
1501 3913 1581 3972 15
1631 3908 1826 3972 πάλιν
1872 3909 1996 3987 γὰρ
2044 3909 2149 3991 (τὸ
2197 3909 2427 3992 λείπει)
2474 3909 2611 3975 καθ’
2659 3909 2776 3974 ἕνα
2820 3909 3243 3989 εχηματιεμόν

627 3997 755 4061 ἐετι
802 3996 908 4060 διὰ
952 3998 1070 4074 τὴν
1116 3996 1406 4063 εύνταξιν
1443 3998 1560 4074 τὴν
1606 4000 1723 4061 τοῦ
1770 3996 2260 4078 ἀπαρεμφάτου.
2333 4004 2517 4063 Vides
2566 4003 2860 4080 quomodo
2906 4002 3245 4081 corruptela

632 4094 764 4150 orta
792 4091 899 4149 sit:
937 4086 1097 4150 αὐτό
1133 4109 1317 4166 supra
1342 4110 1580 4150 versum
1611 4091 1980 4169 adscriptum
2007 4112 2045 4151 a
2070 4093 2317 4153 librario
2351 4113 2472 4153 non
2508 4112 2617 4154 suo
2655 4094 2783 4154 loco
2809 4096 3100 4153 insertum
3135 4095 3242 4152 est

809 4181 1016 4256 131,9
1065 4178 1311 4242 eandem
1356 4180 1712 4257 scripturam
1757 4181 2103 4255 διαετηεειε
2147 4180 2202 4240 Α
2248 4182 2497 4258 praebet
2541 4183 2672 4243 adv.
2716 4184 2986 4258 132‚17.

804 4270 1206 4343 Exposuimus
1260 4270 1542 4330 adverbia
1595 4271 1765 4344 vulyo
1823 4271 1906 4330 ad
1961 4273 2162 4331 modos
2216 4263 2465 4355 (certos)
2514 4275 2834 4347 pertinere,
2894 4277 2961 4331 ut
3019 4266 3136 4344 ἄγε
3192 4275 3247 4331 ει

629 4353 807 4428 εἴθε;
870 4377 989 4432 qua
1032 4360 1105 4418 de
1148 4376 1332 4418 causa
1373 4360 1616 4432 fuer-md
1650 4361 1751 4433 qui
1794 4357 1913 4420 δεῖ
1957 4365 2010 4419 et
2054 4356 2191 4436 χρή
2240 4363 2533 4422 adverbiis
2578 4363 3038 4422 adme-arent
3070 4354 3244 4443 (quia

626 4466 760 4507 cum
805 4466 925 4508 uno
968 4446 1265 4507 infinitivo
1312 4440 1782 4529 construuntur).
1874 4448 1990 4508 Sed
2034 4450 2183 4510 illaad
2227 4468 2448 4526 quoque
2501 4452 2956 4511 demonstratum
3002 4456 3109 4520 est,
3152 4453 3245 4510 in·

624 4540 886 4612 finitivos
927 4555 1112 4611 neque
1147 4539 1332 4597 animi
1368 4540 1639 4611 affectum
1671 4539 1938 4598 indicare
1970 4557 2154 4613 neque
2199 4558 2320 4599 esse
2354 4542 2533 4601 verba
2575 4542 2764 4601 modis
2798 4542 3097 4616 praedita,
3143 4541 3246 4599 sed

622 4629 865 4686 namma
910 4644 1033 4686 esse
1069 4629 1361 4686 actionum
1369 4648 1392 4698 ,·
1440 4629 1604 4701 atqui
1640 4645 1770 4687 oum
1806 4629 2138 4688 nominibus
2172 4631 2351 4689 verba
2387 4634 2817 4700 constrmmmr,
2863 4634 2931 4689 ιιι
2964 4630 3247 4689 adverbia

625 4717 707 4775 ad
741 4716 941 4776 modos
974 4717 1281 4777 verborum
1305 4718 1627 4790 pertinent:
1670 4734 1801 4791 erqo
1829 4715 1948 4778 δεῖ
1983 4721 2037 4776 et
2071 4715 2208 4792 χρή
2246 4720 2424 4779 verba
2449 4723 2605 4789 sunt,
2644 4737 2794 4793 quae
2829 4737 2961 4780 oum
2995 4718 3243 4779 infiniti-

623 4807 716 4864 vis
752 4809 1050 4879 tamquam
1086 4806 1420 4865 nominibus
1447 4809 1862 4866 constrwuntur
1893 4807 2039 4883 131,
2063 4809 2388 4884 20-132,
2410 4810 2465 4869 3.
2517 4807 2603 4868 Of.
2627 4809 2758 4869 adv.
2783 4811 2930 4884 129,
2952 4810 3246 4884 21——223

624 4897 779 4971 synt.
812 4895 1090 4956 30—34.
1125 4897 1250 4954 229
1272 4913 1397 4972 sqq.
1475 4893 1666 4956 Schol.
1696 4895 1894 4955 DThr.
1926 4897 2075 4972 883,
2099 4897 2422 4975 15—884,
2442 4900 2481 4959 3
2513 4892 2648 4981 (72,
2669 4900 2950 4974 21-73,
2973 4900 3008 4958 6
3031 4889 3243 4980 Hilg..)
