3738 5530
660 395 747 460 50
1590 398 1774 448 ΠΕΡΙ
1810 396 2312 453 ΑΝΤΩΝΤΜΙΑΣ.
2391 420 2396 425 ·

1525 516 1569 553 p.
1596 505 1647 545 ss
1675 505 1780 554 (323)
1806 505 1848 544 A
1875 504 1900 544 5
1927 526 1975 534 -
2001 506 2052 546 65
2079 505 2189 553 (325)
2216 505 2255 544 B
2282 506 2331 545 ιο
2357 505 2387 543 b

661 604 933 667 τίθεςθαι
951 651 970 683 ,
1017 599 1167 666 οὔτε
1212 599 1284 664 ἐν
1328 598 1702 682 παραθέςει,
1748 599 1889 663 ἐπεὶ
1933 599 2178 678 μᾶλλον
2210 598 2494 664 ώξύνετο
2527 599 2606 664 ἂν
2637 601 2711 663 τὸ
2737 598 2923 664 τέλος
2950 603 3062 679 τῆς
3093 599 3245 677 ἐγώ.

661 706 737 769 τὸ
796 704 867 768 δὲ
927 702 1086 767 αὐτὸ
1145 703 1248 766 καὶ
1291 701 1396 765 ἐπὶ
1438 705 1554 765 τοῦ
1599 700 1829 779 ἔμοιγε.
1888 736 1973 746 -
2026 698 2154 764 Διὸ
2215 701 2317 765 καὶ
2360 700 2746 780 ἐπεζήτηςαν
2792 702 2982 778 ἔνιοι,
3040 702 3146 766 διὰ
3190 701 3247 764 τί

659 807 762 870 καὶ
805 804 906 869 ἐπὶ
950 803 1287 881 αἰτιατικῆς
1331 804 1434 867 καὶ
1476 806 1727 880 γενικῆς
1773 802 2002 866 οὐκέτι.
2101 802 2266 881 πρὸς
2325 804 2439 866 οὓς
2496 802 2576 867 ἂν
2621 803 2929 886 φαίημεν,
2987 802 3082 866 ὅτι
3128 801 3248 867 οὐκ

660 906 1072 985 ἐξωμάλιςται
1125 906 1206 970 τὰ
1258 909 1392 969 τῶν
1447 905 1825 979 διαλέκτων,
1886 904 2148 981 μάλιςτα
2201 904 2273 967 δὲ
2315 906 2397 967 τὰ
2438 910 2569 968 τῶν
2615 904 2932 968 Ἀττικῶν.
3021 903 3245 983 ὅμοιος
3281 909 3327 963 Β

593 1023 625 1072 5
662 1007 765 1072 καὶ
825 1008 1081 1083 γέλοιος
1145 1005 1753 1085 προπαροξύνοντές
1817 1024 2040 1085 φαςιν,
2107 1003 2250 1068 ἀλλ’
2315 1003 2527 1070 οὐκέτι
2585 1007 2666 1071 τὰ
2729 1006 2982 1071 τούτοις
3044 1024 3247 1083 παρα-

660 1108 926 1186 πλήςια·
984 1107 1264 1186 ἤμελλον
1310 1107 1414 1171 καὶ
1455 1107 1855 1190 ἠβουλόμην,
1913 1106 2054 1171 ἀλλ’
2099 1105 2179 1170 οὐ
2223 1106 2436 1170 πάντα
2477 1108 2557 1172 τὰ
2600 1107 2994 1186 παρατατικὰ
3038 1106 3248 1171 οὕτως

661 1209 1119 1275 ἐπεκτείνουςι·
1165 1210 1269 1272 καὶ
1314 1208 1423 1272 ἐπ’
1467 1207 1687 1273 ἄλλων
1732 1207 2065 1272 πλείςτων.
2139 1207 2215 1271 τὸ
2260 1207 2420 1272 αὐτὸ
2466 1206 2585 1273 οὖν
2629 1209 2730 1272 καὶ
2776 1209 2882 1273 ἐπὶ
2923 1212 3040 1274 τοῦ
3085 1228 3246 1287 προ-

662 1312 975 1392 κειμένου.

826 1413 1108 1490 Δωριεῖς
1139 1410 1369 1487 ἐγών.
1419 1410 1739 1490 (ώφρωψ
1784 1409 1992 1488 ἐγὼν
2038 1411 2120 1475 δέ
2150 1431 2270 1474 τοι
2300 1414 2418 1476 καὶ
2448 1412 2692 1475 πάλαι
2723 1410 2990 1490 ὤψεον
3024 1410 3129 1496 (fr.
3161 1410 3247 1473 39

560 1531 623 1579 10
659 1512 967 1595 Ahrens).
1054 1512 1155 1576 καὶ
1199 1511 1237 1576 ὁ
1281 1513 1550 1591 ποιητὴς
1594 1512 1665 1576 δὲ
1698 1515 1980 1590 ςυνεχῶς
2010 1513 2114 1576 διὰ
2143 1517 2260 1577 τοῦ
2294 1516 2363 1595 V,
2410 1512 2519 1577 ὅτε
2550 1516 2817 1594 φωνῆεν
2848 1512 3242 1593 ἐπιφέροιτο,

657 1617 856 1696 ςαφὲς
901 1614 998 1678 ὅτι
1042 1613 1118 1678 τὸ
1163 1619 1490 1693 χαςμῶδες
1534 1616 1666 1677 τῶν
1714 1614 2114 1693 φωνηέντων
2146 1612 2540 1693 ἀναπληρῶν
2572 1619 2648 1697 τῇ
2679 1617 2795 1679 τοῦ
2825 1617 2865 1678 V
2895 1613 3243 1692 προςθέςει.
3283 1620 3325 1674 C

658 1722 839 1799 κοινῇ
888 1718 959 1795 δὲ
1006 1718 1320 1797 προφορᾷ
1362 1718 1584 1794 χρῆται
1628 1714 1700 1779 ἐν
1744 1722 1837 1797 τῷ

912 1816 1053 1881 ἀλλ’
1099 1816 1226 1892 ἐγὼ
1274 1816 1471 1882 οὐδέν
1516 1836 1580 1882 ςε
1627 1815 1790 1895 ῥέξω
1835 1816 2031 1881 κακόν
2078 1815 2159 1899 (Ω
2205 1816 2360 1901 370)

558 2021 619 2068 15
654 1920 756 1984 καὶ
911 2002 1054 2067 ἀλλ’
1100 2001 1227 2078 ἐγὼ
1275 2001 1355 2066 οὐ
1399 2000 1675 2081 πιθόμην
1724 2002 1792 2082 (Ε
1836 2000 1977 2064 201.
2027 2002 2075 2066 Χ
2126 2001 2264 2083 103.
2315 2023 2334 2065 1
2378 2000 2563 2086 228)-

655 2106 758 2170 καὶ
810 2106 885 2169 τὸ
932 2108 971 2169 V
1017 2103 1095 2169 οὐ
1141 2105 1570 2187 προςέλαβεν,
1628 2102 1768 2167 ἐπεὶ
1824 2100 2243 2168 ἀνεπίδεκτον
2298 2103 2374 2166 τὸ
2420 2103 2578 2170 ἔπος
2621 2107 2920 2183 κρητικοῦ
2966 2102 3053 2168 εἰς
3097 2103 3241 2181 ςύμ-

655 2227 888 2288 φωνον
933 2206 1429 2282 καταλήγοντος.
1476 2241 1560 2252 -
1606 2204 1700 2268 Οὐ
1747 2205 1934 2284 φύςει
1979 2204 2132 2283 φαςὶ
2175 2206 2291 2283 τὴν
2338 2203 2743 2285 ἀντωνυμίαν
2790 2205 3008 2283 λήγειν
3051 2203 3138 2270 εἰς
3183 2208 3240 2285 V,

652 2307 1034 2374 πλεονάζειν
1092 2307 1194 2385 δέ,
1241 2306 1409 2372 «ἐπεὶ
1467 2306 1505 2384 ἡ
1550 2306 1710 2371 κατὰ
1752 2307 1827 2370 τὸ
1874 2305 2179 2384 δεύτερον
2226 2306 2371 2386 δίχα
2412 2310 2532 2371 τοῦ
2575 2309 2643 2384 V,
2700 2307 2795 2371 τύ.
2896 2309 3064 2373 πᾶςα
3117 2306 3241 2384 γὰρ
3279 2335 3349 2383 64
3371 2330 3425 2383 A

654 2408 1024 2489 ἀντωνυμία
1077 2409 1166 2475 εἰς
1222 2412 1261 2472 V
1307 2409 1590 2487 λήγουςα
1645 2408 1802 2472 κατὰ
1845 2408 1921 2470 τὸ
1965 2412 2261 2486 πρῶτον,
2319 2406 2578 2472 πάντως
2633 2410 2736 2472 καὶ
2780 2409 2938 2473 κατὰ
2982 2408 3055 2472 τό
3101 2408 3241 2473 δεύ·

554 2529 619 2578 20
655 2531 880 2590 τερον,
941 2510 1165 2592 ἐμέθεν
1224 2509 1435 2591 ςέθεν,
1494 2509 1630 2589 ἐμίν
1675 2510 1801 2584 τίν,
1861 2509 2044 2588 ἡμῶν
2100 2508 2200 2572 καὶ
2258 2507 2490 2588 ὑμῶν».
2601 2510 2884 2588 Πρῶτον
2931 2510 3242 2588 διάλληλα

576 2690 585 2707 Ι
650 2614 731 2677 τὰ
755 2615 866 2690 τῆς
910 2612 1373 2691 ἐπιχειρήςεως.
1461 2611 1518 2674 τί
1547 2611 1671 2688 γὰρ
1702 2609 1868 2692 <οὐ>
1900 2612 2146 2689 μᾶλλον
2176 2610 2216 2687 ἡ
2247 2610 2322 2673 τύ
2355 2610 2785 2689 ώλιγώρηται,
2832 2610 2931 2676 ὅτι
2962 2611 3053 2676 εἰς
3082 2615 3120 2675 V
3162 2610 3241 2675 οὐ

655 2715 863 2798 λήγει,
928 2715 967 2793 ἢ
1022 2714 1062 2792 ἡ
1121 2712 1317 2791 ἐγών,
1387 2711 1486 2778 ὅτι
1541 2712 1630 2778 εἰς
1685 2715 1722 2777 V
1780 2713 1987 2791 λήγει;
2043 2747 2126 2757 --
2181 2709 2486 2790 δεύτερον
2543 2711 2605 2776 αἱ
2660 2713 3242 2793 μακροκατάληκτοι

654 2817 851 2882 λέξεις
900 2816 980 2880 οὐ
1030 2816 1453 2884 πλεονάζουςι
1507 2819 1598 2897 τῷ
1644 2819 1682 2879 V
1739 2813 2142 2900 ἀδιαφρρως·
2196 2813 2272 2877 τὸ
2328 2815 2450 2892 γὰρ
2494 2818 2796 2880 τοιοῦτον
2853 2814 2924 2879 ἐν
2969 2822 3061 2898 τῷ
3104 2815 3240 2880 ἔλε-

651 2937 765 2994 γεν
821 2919 859 2997 ἢ
917 2917 1099 2995 ἔλεγε
1156 2920 1259 2983 καὶ
1312 2916 1635 2997 λέγουςιν,
1704 2915 1867 2994 ἅπερ
1925 2915 1996 2981 ἐν
2056 2916 2694 2995 βραχυκαταλήκτοις.
2763 2952 2846 2963 ——
2910 2916 3125 2994 τρίτον
3171 2916 3242 2981 ἐν

551 3039 618 3087 25
653 3018 1257 3098 ὁμοιοκαταλήκτοις
1300 3019 1340 3096 ἡ
1386 3017 1550 3096 μονὴ
1604 3020 1721 3081 τοῦ
1774 3021 1814 3081 V
1865 3016 2135 3098 γίνεται,
2180 3017 2401 3097 ἐμέθεν
2459 3017 2497 3095 ἢ
2555 3017 2765 3100 ςέθεν,
2811 3017 2947 3098 ἐμίν
2993 3018 3116 3094 τίν,
3162 3018 3238 3082 τὸ
3279 3042 3324 3094 Β

654 3121 725 3183 δὲ
779 3120 949 3196 ἐγών
1009 3121 1097 3184 εἰς
1150 3125 1249 3184 UV
1296 3120 1503 3198 λήγει,
1560 3123 1677 3183 τοῦ
1720 3119 2027 3197 δευτέρου
2071 3120 2177 3182 διὰ
2219 3122 2336 3181 τοῦ
2380 3120 2421 3182 fi
2465 3119 2923 3199 ἐκφερομένου.
3022 3119 3242 3184 ἔπειτα

653 3222 831 3298 παρὰ
875 3223 1182 3286 Βοιωτοῖς
1225 3221 1301 3285 τὸ
1348 3222 1574 3285 λεῖπον
1620 3218 2077 3298 ἀνεπληρώθη·
2125 3220 2267 3284 ἰδοὺ
2311 3221 2436 3298 γὰρ
2478 3221 2695 3287 τούν.

824 3321 901 3385 Οἱ
946 3321 1131 3387 αὐτοὶ
1170 3324 1450 3400 Δωριεῖς
1493 3321 1805 3398 ἐγώνγα
1849 3322 1949 3385 καὶ
1994 3322 2281 3401 ἐγώνη·

909 3423 988 3488 οὐ
1032 3424 1156 3502 γὰρ
1200 3423 1486 3507 ἐγώνγα,
1535 3422 1839 3505 Ράναςςα,
1888 3423 2052 3487 Διὸς
2097 3422 2404 3507 θύγατερ,

787 3611 999 3666 Anava,
1058 3614 1090 3661 2
1126 3607 1246 3661 Nec
1280 3609 1485 3674 ἔμουγε
1522 3607 1850 3676 genetivum
1886 3623 1991 3661 nec
2028 3608 2192 3674 ἔμεγε
2219 3607 2600 3662 accusativum
2627 3609 2846 3662 exstare
2871 3624 2983 3661 non
3006 3608 3239 3675 mirum3

652 3709 783 3746 nam
836 3691 1065 3745 dialecti
1118 3692 1191 3745 ad
1234 3691 1530 3761 analogiae
1574 3692 1733 3761 leges
1778 3707 1892 3744 non
1939 3691 2284 3761 diriguntur,
2339 3690 2569 3746 minime
2630 3693 2879 3746 omnium
2930 3692 3118 3747 attica.
3173 3723 3240 3734 -

653 3783 685 3829 9
720 3775 928 3831 Dorica
961 3776 1144 3831 forma
1178 3777 1330 3843 ἐγών
1364 3775 1640 3830 Homerus
1676 3776 1884 3844 utitur,
1933 3775 2030 3828 ubi
2066 3776 2276 3830 vocalis
2310 3776 2687 3843 subsequitur.
2765 3778 2828 3831 In
2874 3795 2943 3833 ea
2976 3782 3011 3833 V
3046 3778 3244 3833 dicunt

653 3859 989 3927 redundare,
1016 3877 1147 3914 nam
1173 3861 1325 3915 omni
1347 3860 1667 3931 pronomini
1692 3860 1911 3929 primae
1935 3876 2209 3927 personae
2235 3861 2292 3913 in
2317 3868 2350 3915 V
2376 3860 2606 3914 exeunti
2629 3866 2972 3932 respondere
2998 3862 3242 3918 eundem

655 3943 867 3999 exitum
903 3944 962 3997 in
998 3945 1259 4000 secunda.
1339 3946 1418 3999 At
1454 3943 1835 4013 compluribus
1879 3943 2226 4013 argumentis
2260 3945 2620 4013 refelluntur3
2666 3955 2700 4000 V
2736 3948 2912 4018 igitur
2944 3949 3045 4003 illa
3076 3950 3239 4002 natu-

653 4029 788 4083 ralis
843 4031 944 4083 est.
997 4060 1065 4069 --
1115 4036 1182 4085 28
1228 4030 1461 4084 Ceterae
1513 4029 1727 4083 formae
1774 4028 1998 4082 doricae
2047 4031 2108 4084 et
2150 4029 2421 4096 aeolicum
2479 4031 2585 4087 ἰών
2635 4033 2876 4087 formam
2921 4032 3239 4087 boeoticam

654 4112 886 4182 Trypho
924 4114 1065 4167 dicit
1096 4117 1287 4172 natam
1326 4130 1446 4168 esse
1464 4130 1553 4188 ,οι
1589 4114 1768 4180 ἐγὼν,
1808 4113 1905 4167 alii
1939 4114 2190 4167 nativam
2228 4130 2348 4169 esse
2385 4117 2630 4170 censent.

789 4282 977 4341 D1scn.
1014 4301 1210 4340 sempr.
1282 4290 1330 4338 3.
1369 4300 1456 4338 οτι
1493 4286 1563 4350 Α,
1601 4285 1680 4339 ὡς
1704 4282 1743 4336 b
1783 4284 1792 4347 Ι
1831 4288 1879 4340 5.
1905 4299 2073 4349 φαςιν
2095 4282 2269 4336 iterat
2291 4285 2333 4338 Α
2366 4285 2376 4353 Ι
2414 4290 2464 4343 6.
2487 4286 2556 4340 οὐ
2582 4284 2819 4354 GUhlig,
2856 4286 3048 4340 οὐκέτι
3081 4285 3173 4340 Ab
3228 4289 3236 4354 Ι

655 4374 701 4423 7.
722 4385 1138 4423 επεκτεινουςιν
1158 4370 1200 4422 Α
1227 4371 1307 4437 19.
1341 4369 1493 4422 τοιΑ
1515 4367 1931 4422 Choeroboscus
1947 4365 2286 4435 HLAhrens,
2323 4369 2479 4438 ‘rubl
2512 4372 2705 4436 ὤψεον
2741 4372 2783 4424 Α
2821 4368 3241 4425 Choeroboscus

652 4451 986 4518 HLAhrens,
1027 4455 1240 4518 ὤψειον
1278 4453 1312 4503 b
1344 4453 1353 4520 Ι
1389 4458 1465 4505 12.
1505 4468 1791 4520 προφοραι
1821 4453 1863 4505 Α
1896 4454 1907 4519 Ι
1939 4457 2017 4505 13.
2040 4453 2216 4506 κακόν
2235 4451 2356 4521 Ab,
2394 4456 2538 4509 κακά
2572 4453 2848 4509 Homerus
2886 4458 2896 4523 1
2938 4460 3017 4509 15.
3053 4458 3240 4509 πειθο·

654 4555 765 4606 μην
800 4538 845 4591 Α
885 4541 895 4602 Ι
939 4542 1017 4591 16.
1054 4542 1319 4605 κρητικοῦ
1355 4537 1421 4604 b,
1467 4553 1712 4604 κριτικου
1749 4537 1791 4590 Α
1834 4539 1844 4602 Ι
1891 4541 1970 4589 17.
2005 4553 2173 4603 φαςιν
2208 4538 2253 4591 Α
2301 4539 2310 4603 Ι
2359 4544 2440 4592 20.
2479 4540 2640 4594 ςέθεν
2673 4539 2742 4607 b,
2780 4543 2941 4594 ςεθεν
2977 4543 3107 4594 εθεν
3142 4540 3184 4593 Α
3230 4541 3236 4606 ἱ

656 4623 783 4687 εμίν
819 4623 934 4675 τιν’
958 4623 1000 4676 Α
1033 4625 1044 4688 Ι
1073 4622 1344 4688 διάλληλα
1378 4622 1450 4675 τά
1484 4625 1585 4688 τῆς
1608 4620 1675 4686 b,
1712 4622 1933 4688 αδελφα
1968 4637 2039 4675 τα
2073 4637 2176 4689 της
2212 4625 2291 4676 ε’ίς
2318 4624 2388 4691 Α,
2425 4624 2638 4691 puncta
2670 4623 2742 4677 ab
2769 4624 2832 4678 Α1
2867 4626 2876 4691 Ι
2907 4629 2986 4678 21.
3020 4624 3076 4677 τί
3109 4624 3240 4693 γὰρ]

655 4705 750 4761 fol.
779 4712 875 4760 163
900 4723 944 4760 r.
975 4708 985 4774 Ι
1036 4707 1106 4760 οὐ
1132 4709 1346 4772 μᾶλλον
1366 4705 1430 4772 b,
1458 4708 1672 4772 μαλλον
1697 4708 1739 4761 Α
1773 4707 1783 4773 Ι
1812 4710 1895 4758 22.
1918 4707 2185 4773 δευτερον
2210 4723 2265 4759 αι
2291 4707 2361 4774 Α,
2399 4709 2670 4776 δεύτερον
2693 4708 2730 4762 b
2762 4712 2771 4775 Ι
2800 4713 3018 4761 23-24.
3044 4711 3241 4772 ελεγεν

654 4807 690 4856 η
729 4792 923 4855 ελεγεν
960 4807 1050 4844 και
1086 4791 1158 4856 Α,
1196 4791 1390 4855 ἔλεγεν
1426 4792 1517 4844 καὶ
1552 4789 1590 4843 b
1621 4792 1630 4857 Ι
1669 4796 1751 4845 26.
1790 4796 1875 4842 ῶῗι
1911 4789 1978 4858 b,
2018 4808 2085 4843 ov
2122 4792 2164 4844 Α
2214 4793 2224 4858 1
2270 4797 2354 4850 27.
2389 4794 2530 4847 τούν
2564 4791 2630 4860 b,
2668 4809 2736 4846 το
2765 4782 2842 4846 ἰι-ν
2879 4795 2920 4845 Α
2969 4793 2981 4860 Ι
3027 4798 3108 4850 29.
3148 4792 3239 4846 fd-

653 4890 824 4928 ναςςα
857 4873 1159 4942 ThBergk,
1196 4875 1404 4928 ἄναςςα
1438 4873 1530 4928 Ab
