3738 5530
1486 393 1859 451 AnvssRmA
1899 399 1972 450 m
2005 382 2125 450 3252.
2984 389 3100 459 175

413 625 463 667 το
685 601 797 667 Καὶ
839 600 982 680 περὶ
1024 601 1265 667 τάςεως
1310 603 1382 666 δὲ
1426 605 1541 667 τοῦ
1586 601 1892 680 ἡςύχως
1938 602 1976 679 ἢ
2009 601 2313 680 ἡςυχῶς
2343 601 2593 666 καὶτοῦ
2624 599 3099 678 παρακειμένου

513 705 957 786 ἐπιρρήματος,
1014 704 1186 780 λέγω
1242 707 1362 768 τοῦ
1417 702 1667 786 ἡςύχῃ
1711 704 1752 781 ἢ
1796 703 2068 784 ἡςυχῇ.
2129 700 2209 779 ἦν
2252 723 2346 769 τις
2391 703 2690 782 διαφορά.
2741 737 2813 747 -
2881 702 2994 765 Καὶ
3039 700 3100 765 οἱ

511 808 625 886 μὲν
686 805 956 883 ἠξίωςαν
1023 805 1359 886 ἀμφότερα
1425 805 1758 884 βαρύνειν,
1825 805 1993 881 λέγω
2047 805 2124 868 τὸ
2178 803 2430 884 ἡςύχως
2485 806 2588 868 καὶ
2642 802 2875 887 ἡςύχῃ,
2943 804 3101 868 καθὸ

511 907 967 987 ςυμβαρύνεται
1034 909 1115 973 τὰ
1168 910 1432 972 τοιαῦτα
1493 910 1627 972 τῶν
1695 906 2139 986 ἐπιρρημάτων
2204 908 2342 970 ταῖς
2409 905 2741 971 ςυνούςαις
2805 907 3098 980 γενικαῑς.

405 1034 459 1072 25
509 1011 721 1089 φαμὲν
792 1009 1145 1090 κούφως,
1215 1008 1311 1073 ὅτι
1369 1009 1470 1072 καὶ
1525 1008 1880 1087 κούφων,
1948 1009 2158 1071 καθὼς
2221 1007 2570 1086 πρόκειται·
2627 1007 2682 1072 εἰ
2746 1006 2816 1070 δέ
2886 1026 3100 1085 φαμεν
3136 1022 3168 1069 5

506 1111 859 1194 ἡςύχων,
905 1114 1107 1188 δῆλον
1153 1110 1253 1175 ὅτι
1296 1111 1396 1175 καὶ
1439 1109 1758 1188 ἡςύχως.
1802 1144 1884 1154 -
1938 1109 2037 1173 καὶ
2081 1108 2134 1173 εἰ
2175 1111 2256 1174 τὰ
2299 1113 2559 1173 τοιαῦτα
2601 1108 2730 1186 ἔχει
2774 1109 2853 1171 τὰ
2897 1127 3099 1186 παρα-

507 1212 762 1292 κείμενα
818 1212 906 1277 εἰς
965 1214 1003 1295 ᾗ
1059 1212 1450 1291 ἐπιρρήματα
1503 1213 1619 1276 τὸν
1677 1210 1878 1275 αὐτὸν
1933 1211 2132 1275 τόνον
2186 1215 2535 1290 τηροῦντα,
2590 1212 2789 1286 δῆλον
2844 1208 2944 1273 δτι
2999 1209 3103 1273 καὶ

505 1313 772 1396 ἡςύχῃ.
862 1315 1074 1394 φαμὲν
1128 1315 1254 1391 γὰρ
1311 1313 1591 1395 πάντῃ,
1663 1309 1765 1376 ὅτι
1820 1312 1921 1376 καὶ
1976 1312 2319 1392 πάντως,
2383 1312 2486 1374 καὶ
2550 1309 2777 1393 ἄλλῃ,
2844 1310 2942 1375 ὅτι
2996 1311 3100 1374 καὶ

504 1413 789 1497 ἄλλως,

669 1534 675 1541 ·
761 1515 927 1599 ἄλλῃ
972 1517 1087 1594 μὲν
1131 1518 1256 1594 γὰρ
1303 1516 1506 1592 ἔγωγε
1553 1516 1635 1599 (Ν
1680 1514 1827 1598 49)·
3138 1529 3199 1578 ιο

405 1640 457 1679 ³⁰
508 1616 808 1700 οὐδαμῇ
868 1617 968 1699 δέ,
1026 1618 1125 1683 ὅτι
1170 1618 1273 1682 καὶ
1318 1618 1705 1698 οὐδαμῶς.
1781 1621 1953 1698 διχῇ
1998 1636 2066 1681 τε
2110 1616 2211 1681 καὶ
2254 1621 2521 1700 τριχῇ,
2577 1614 2676 1680 ὅτι
2719 1616 2820 1679 καὶ
2863 1617 3098 1693 διχῶς

512 1719 611 1782 καὶ
654 1725 960 1797 τριχῶς.
1034 1720 1249 1803 τούτῳ
1292 1720 1417 1798 γὰρ
1459 1725 1552 1803 τῷ
1599 1719 1775 1802 λόγῳ
1820 1720 1923 1782 καὶ
1967 1717 2242 1796 Δωριεῖς
2287 1721 2542 1799 παντᾷ
2584 1737 2811 1800 φαςιν,
2855 1715 2954 1781 ὅτι
2999 1718 3100 1781 καὶ

396 1900 411 1911 ε
510 1820 586 1884 τὸ
631 1819 943 1898 ἐπίρρημα
985 1825 1335 1904 παντῶς,
1394 1821 1495 1885 καὶ
1554 1820 1784 1902 άλλᾷ,
1841 1818 1941 1883 ὅτι
1984 1820 2087 1882 καὶ
2142 1818 2412 1885 ἀλλῶς.
2486 1821 2648 1883 κατὰ
2690 1821 2926 1883 τοῦτον
2981 1819 3099 1883 τὸν

374 1941 478 1990 587
517 1920 738 2001 λόγον,
783 1922 1137 1999 δεδομένου
1179 1926 1296 1987 τοῦ
1339 1922 1669 2000 ἡςύχως,
1717 1922 2166 1999 ςυνδοθήςεται
2198 1922 2298 1985 καὶ
2337 1921 2698 2001 βαρύτονον
2729 1921 2803 1984 τὸ
2833 1919 3096 2002 ἡςύχῃ.

511 2057 592 2068 -
638 2022 801 2087 ’Έςτι
844 2024 945 2086 καὶ
990 2022 1151 2102 ὑπὲρ
1196 2029 1311 2088 τοῦ
1355 2023 1579 2101 ἑτέρου
1626 2023 1827 2097 λόγου
1872 2022 2082 2087 ἐκεῖνο
2126 2022 2350 2105 φάναι,
2394 2021 2492 2085 ὅτι
2537 2024 2640 2086 καὶ
2680 2020 2849 2085 ἄλλα
2888 2020 3098 2102 μόρια,
3139 2035 3201 2084 ιο

510 2122 865 2202 ὀφείλοντα
910 2125 1068 2189 κατὰ
1111 2123 1498 2190 ἀκολουθίαν
1542 2125 1688 2190 τινὰ
1727 2125 1766 2202 ἢ
1798 2123 2126 2191 ὀξύνεςθαι
2156 2125 2195 2201 ἢ
2225 2126 2658 2202 περιςπᾱςθαι,
2703 2126 3096 2205 ςυνεκδρομῇ

437 2257 463 2295 f,
508 2228 763 2305 γραφῆς
795 2227 1455 2305 παρακοΜιυθήςαντα
1486 2226 1816 2306 ἀπέφευγε
1846 2226 1961 2289 τὸν
2003 2226 2240 2290 δέοντα
2269 2226 2489 2291 τόνον.
2531 2226 2706 2303 παρὰ
2736 2225 2810 2287 τὸ
2838 2223 3097 2302 ἵςτημι

508 2324 633 2390 ἐςτὶ
676 2327 752 2391 τὸ
795 2325 1010 2393 ἱςτάς
1055 2326 1157 2392 καὶ
1199 2329 1375 2407 παρὰ
1418 2328 1494 2393 τὸ
1538 2328 1794 2407 βίβημι
1838 2328 1915 2391 τὸ
1961 2326 2209 2407 βιβάς,
2266 2326 2576 2406 κίχρημι
2633 2325 2932 2404 κιχράς,
2988 2325 3097 2388 τί·

506 2431 687 2506 θημι
743 2429 1017 2493 τιθείς.
1088 2429 1219 2493 ἔδει
1265 2428 1383 2494 οὖν
1431 2430 1534 2494 καὶ
1576 2429 1753 2506 παρὰ
1794 2429 1871 2492 τὸ
1916 2427 2122 2506 ἴςαμι
2167 2429 2243 2492 τὸ
2299 2426 2458 2492 ἰςάς
2502 2425 2696 2491 εἶναι·
2756 2425 2906 2490 ἀλλ’
2960 2425 3099 2489 ἐπεὶ

504 2527 673 2594 ἅπαξ
727 2528 790 2592 αἱ
848 2529 934 2594 εἰς
990 2534 1102 2595 ἰας
1163 2531 1465 2608 λήγουςαι
1521 2531 1780 2609 μετοχαὶ
1847 2529 2262 2609 βαρύνονται,
2328 2535 2420 2611 τῷ
2475 2532 2496 2594 ῐ
2550 2528 3094 2611 παραληγόμεναι,
3130 2541 3198 2590 20

398 2666 449 2701 ιο
499 2631 852 2711 γεμίςας,
901 2632 1257 2712 λεπίςας,
1307 2630 1703 2707 λακτίςας,
1753 2632 2171 2711 ςυνεξέδραμε
2201 2631 2371 2708 καὶὴ
2413 2629 2551 2695 ἴςας
2578 2633 2718 2695 τοῖς
2753 2629 3091 2695 τοιούτοις.

501 2730 699 2797 οὐδὲν
745 2731 868 2798 οὖν
916 2734 1158 2799 κωλύοι
1203 2735 1304 2799 καὶ
1347 2735 1422 2800 τὸ
1467 2733 1719 2814 ἡςυχῶς
1763 2736 2075 2813 περιςπᾶν
2120 2738 2195 2816 τῇ
2242 2736 2633 2815 ςυνεκδρομῇ
2687 2737 2762 2815 τῇ
2808 2734 2942 2799 τῶν
3002 2732 3091 2799 εἰς

501 2837 632 2914 susc
690 2835 1029 2913 ληγόντων
1076 2836 1559 2916 ἐπιρρημάτων,
1616 2836 1718 2900 καὶ
1760 2834 1956 2900 πάλιν
2001 2837 2532 2914 ςυμπαρακεῖςθαι
2574 2836 2651 2900 τὸ
2707 2835 2904 2917 ἡςυχῇ
2950 2855 3092 2915 ςυμ-

497 2937 1005 3016 περιςπωμένως
1051 2937 1141 3002 ὡς
1189 2943 1364 3021 διχῇ
1411 2939 1510 3002 καὶ
1552 2942 1792 3019 τριχῇ.

394 3071 448 3110 15
670 3038 761 3104 Τὸ
809 3040 985 3117 παρὰ
1021 3039 1383 3123 Μενάνδρῳ
1428 3039 1988 3118 νουνεχόντως
2017 3042 2212 3104 ’δοκεῖ
2255 3036 2605 3103 ἀςύςτατον
2648 3035 2832 3116 εἶναι,
2878 3038 3095 3103 καθότι
3128 3052 3196 3102 2⁶

501 3147 633 3206 τῶν
676 3140 995 3205 τοιούτων
1043 3140 1495 3220 ἐπιρρημάτων
1539 3140 1981 3220 προϋφέςτηκε
2028 3142 2126 3204 καὶ
2171 3140 2507 3204 πτωτικόν.
2566 3142 2642 3206 τό
2686 3145 3092 3219 νουνεχῶς

501 3240 1002 3320 ἀναλογώτερον
1049 3243 1416 3324 καθέςτηκε,
1475 3241 1693 3306 καθότι
1738 3241 1837 3305 καὶ
1892 3243 1968 3306 τὸ
2023 3243 2418 3320 νουνεχής
2473 3242 2860 3322 παράκειται.
2934 3243 3092 3306 καθὸ

392 3375 449 3415 20
501 3343 623 3409 οὖν
686 3342 766 3407 οὐ
823 3346 1001 3408 δοκεῖ
1065 3343 1569 3425 ἐπιρρηματικῶς
1628 3343 2064 3426 ἐξενηνέχθαι,
2131 3344 2592 3422 ςεςημειώςθω·
2655 3344 2793 3409 ἐπεί
2857 3346 2956 3409 τοί
3019 3365 3091 3419 γε

499 3444 810 3509 πολλάκις
879 3445 1161 3525 ςχήματά
1221 3465 1365 3511 τινα
1442 3445 1515 3510 ἐκ
1588 3445 1944 3510 διεςτώτων
2020 3444 2110 3510 εἰς
2185 3444 2455 3523 ἑνότητα
2516 3446 3091 3526 παραλαμβάνεται.

641 3630 862 3688 Anava.
948 3638 967 3682 1
1021 3631 1274 3698 Ἠςύχως
1319 3632 1385 3683 ut
1428 3630 1588 3700 gravi
1633 3632 1868 3685 accentu
1905 3631 2161 3695 notetur,
2207 3629 2410 3682 suadet
2442 3631 2610 3684 tonus
2645 3631 2958 3684 ceterorum
2996 3629 3091 3684 ad-

502 3712 821 3767 verbiorum
858 3713 917 3766 in
952 3719 1035 3769 ῶὲ
1072 3715 1164 3782 (ab
1201 3714 1496 3769 adiectivis
1529 3714 1587 3768 in
1624 3722 1689 3770 οἳ
1726 3715 2145 3782 derivatorum).
2206 3716 2454 3782 *Ηςύχως
2491 3715 2746 3769 adverbii
2771 3715 3090 3785 analogiam

498 3799 679 3866 ήςύχη
716 3799 987 3867 sequatur
1020 3815 1242 3854 necesse
1279 3801 1379 3856 est.
1412 3830 1474 3838 —
1513 3807 1578 3855 25
1604 3798 1684 3853 Ex
1722 3799 1941 3854 duobus
1977 3799 2160 3854 verbis
2194 3804 2334 3855 νοῦν
2369 3800 2519 3866 ἔχων
2555 3816 2726 3852 unum
2761 3800 3088 3854 adverbium

498 3883 711 3936 coaluit
743 3884 1195 3950 νουν-εχόντως.

633 4050 855 4106 Τιοτιιτ.
942 4059 1006 4106 25
1057 4053 1144 4108 Et.
1190 4053 1262 4111 Μ.
1309 4059 1434 4122 606,
1474 4061 1539 4109 35
1585 4053 2005 4125 νουνεχόντως·
2054 4050 2162 4125 ὑφ’
2210 4054 2276 4111 ’ἐν
2325 4052 2755 4124 ἀναγνωστέον·
2810 4050 3090 4117 πολλάκις

496 4135 607 4206 γὰρ
658 4131 779 4192 άπὸ
826 4133 936 4193 δύο
985 4134 1304 4193 διεστώτων
1350 4141 1542 4208 μερῶν
1588 4141 1689 4194 τοῦ
1738 4134 1914 4209 λόγου
1958 4142 2182 4211 γίνεται
2230 4137 2459 4210 ἑνότης,
2506 4137 2631 4194 οἷον
2658 4133 2869 4207 ’Ἄρειος
2903 4136 3088 4209 πάγος

492 4214 951 4291 Ἆρειοπαγίτης,
1004 4222 1135 4277 Νέα
1183 4217 1348 4285 πόλις
1386 4226 1782 4294 Νεαπολίτης,
1827 4220 1892 4279 τὸ
1938 4220 2083 4280 αὐτό
2129 4220 2428 4293 ταῦτότης.
2514 4220 2686 4281 Οὕτω
2731 4226 2874 4279 νοῦν
2921 4223 3085 4294 ἔχων,

496 4305 786 4361 σύνθετον
822 4303 1230 4375 νουνεχόντως.

505 4413 565 4420 —-

634 4456 820 4515 Dmcn.
872 4477 1073 4516 sempr.
1145 4465 1192 4512 ⁶2.
1231 4476 1428 4527 ηςυχηι
1464 4466 1497 4527 ἦ
1537 4463 1713 4530 ηςύχη
1751 4463 1793 4516 Α
1834 4473 1843 4522 Ι
1883 4468 1931 4516 3.
1969 4478 2143 4531 ηςυχη
2181 4464 2223 4517 Α
2255 4467 2265 4527 Ι
2297 4469 2343 4517 7.
2381 4469 2416 4533 ᾖ
2454 4462 2831 4530 RSchneider,
2867 4468 2902 4532 ἦ
2941 4464 3033 4521 ΑΙ)
3073 4468 3080 4534 1

497 4550 548 4600 8.
582 4561 776 4612 ηςυχηι
815 4547 858 4598 Α
905 4549 914 4611 Ι
964 4560 1151 4611 παντη
1189 4546 1231 4598 Α
1286 4548 1295 4610 Ι
1353 4551 1430 4601 10.
1469 4550 1611 4612 αλλη
1639 4548 1681 4601 Α
1746 4549 1755 4612 Ι
1821 4537 2315 4613 {Tm-(Homerus
2376 4550 2386 4616 1
2449 4552 2577 4618 post
2612 4567 2793 4617 εγωγε
2832 4553 2874 4605 Α
2911 4551 3088 4606 habet

498 4645 591 4684 και
632 4631 851 4695 αλλως,
898 4643 1044 4697 quae
1092 4625 1463 4684 GHSchaefer
1508 4630 1587 4685 sic
1630 4632 1789 4685 auxit
1832 4634 1926 4686 καὶ
1963 4632 2112 4686 *ἄλλ’
2157 4634 2368 4687 ἄλλως’
2416 4636 2476 4687 et
2529 4635 2600 4687 ad
2648 4639 2676 4691 ξ
2722 4641 2819 4689 124
2861 4636 3084 4699 retulit,

496 4728 604 4770 om.
638 4713 675 4766 b
714 4716 723 4779 1
771 4720 847 4770 11.
885 4715 1119 4778 ουδαμη,
1155 4715 1279 4781 διχη
1314 4716 1374 4768 et
1406 4731 1565 4784 τριχη
1594 4719 1636 4771 Α
1667 4719 1678 4783 Ι
1713 4722 1788 4770 13.
1824 4718 1988 4770 αλλαι
2026 4719 2068 4771 Α
2101 4722 2109 4782 1
2145 4723 2223 4770 15.
2247 4720 2422 4783 φάναι
2462 4720 2514 4786 b,
2554 4719 2609 4772 iu
2648 4723 2690 4775 Α
2728 4722 2852 4774 erat
2875 4737 3083 4789 φαμεν,

494 4796 593 4850 sed
625 4798 683 4851 in
719 4814 903 4865 φαμαι
938 4803 1076 4851 mut.
1118 4801 1181 4853 Α·
1238 4800 1258 4864 1
1322 4805 1403 4852 22.
1451 4804 1661 4855 κωλυοι
1697 4803 1759 4867 Α,
1797 4817 1967 4869 quem
2002 4801 2153 4856 idem
2189 4802 2399 4856 habere
2437 4802 2577 4857 dicit
2609 4804 2646 4857 b
2683 4804 2741 4857 in
2778 4820 2892 4860 var.
2933 4805 3082 4873 lect„

496 4881 645 4951 quod
682 4884 805 4952 ipae
843 4880 1050 4950 edidst,
1089 4884 1295 4937 κωλύει
1324 4885 1335 4950 Ι
1364 4888 1446 4937 26.
1482 4885 1883 4953 ἐπιρρημάτων
1919 4886 2013 4939 fol.
2058 4891 2149 4940 137
2175 4903 2226 4945 v,
2258 4892 2267 4954 Ι
2297 4895 2378 4944 28.
2417 4892 2781 4957 εξηνηνεχθαι
2818 4893 2860 4945 Α
