3738 5530
727 310 766 372 6
1661 304 1839 355 ΠΕΡΙ
1875 305 2387 359 ΑΝΊῺΝΤΜΙΑΣ.

1632 414 1868 464 p.5(265)
1900 414 2424 465 A6—7(267)c9b

1136 510 1225 574 ὣς
1270 510 1307 587 ἡ
1355 508 1557 589 ῥίμφα
1600 509 1833 572 θέουςα
1894 509 1959 587 (ν
2004 507 2134 589 88),

729 613 832 677 καὶ

1139 711 1352 776 εἵνεκα
1395 715 1507 788 τῆς
1551 712 1779 790 ἀρετῆς
1826 710 1892 795 (β
1935 709 2120 792 206)·

732 816 832 879 καὶ
879 813 1020 879 ἀντὶ
1060 817 1172 891 τῆς
1217 812 1445 878 αὐτός·

664 936 695 981 5
1713 914 1751 980 ὁ
1799 916 1872 978 δὲ
1915 917 2296 993 προςέειπεν
2342 916 2583 981 ἄνακτα
2630 923 2687 994 (ξ
2733 916 2866 1001 36),

1143 1017 1181 1095 ἡ
1228 1017 1299 1080 δὲ
1344 1017 1572 1095 χιτῶν’
1616 1017 1845 1081 ἑνδῡςα
1890 1016 1961 1099 (Ε
2006 1016 2146 1080 736.
2238 1019 2291 1083 Θ
2336 1016 2506 1101 387).
2557 1055 2628 1063 —
3357 1030 3401 1083 Β

731 1119 822 1184 ἔτι
869 1120 968 1183 καὶ
1013 1118 1078 1182 αἱ
1122 1118 1336 1198 φωναὶ
1383 1117 1786 1194 ὁμολογοῡςι.
1876 1120 2209 1183 δαςύνεται
2238 1121 2362 1197 γὰρ
2407 1121 2486 1183 τὰ
2529 1124 2659 1183 τῶν
2690 1114 3112 1199 ἀντωνυμιῶν
3143 1120 3322 1198 τρίτα

730 1222 1069 1309 πρόςωπα,
1117 1220 1177 1300 ἕ,
1228 1217 1319 1283 οἷ·
1368 1219 1469 1283 καὶ
1512 1221 1592 1283 τὰ
1634 1222 1898 1282 τοιαῦτα
1929 1225 2061 1283 τῶν
2093 1218 2350 1298 ἄρθρων
2384 1218 2748 1303 δαςύνεται,
2793 1221 2859 1298 ἡ,
2907 1221 2985 1285 οἱ.
3032 1257 3114 1268 —-
3157 1222 3321 1304 πρὸς

730 1322 986 1385 τούτοις
1045 1320 1109 1384 αἱ
1166 1319 1552 1399 ἀντωνυμίαι
1605 1321 1896 1399 κλητικάς
1955 1320 2074 1384 οὐκ
2120 1320 2371 1398 ἔχουςιν
2419 1323 2489 1385 ἐν
2533 1328 2623 1405 τῷ
2678 1324 2916 1405 πρώτῳ
2962 1323 3061 1385 καὶ
3102 1323 3322 1406 τρίτῳ·

633 1441 696 1488 10
730 1426 994 1487 τοιαῦτα
1049 1423 1121 1487 δὲ
1171 1423 1276 1485 καὶ
1318 1423 1397 1486 τὰ
1441 1420 1674 1499 ἄρθρα,
1732 1423 1951 1499 τρίτου
2007 1424 2360 1499 προςώπου
2406 1424 2761 1502 νοούμενα·
2818 1425 2893 1488 τὸ
2937 1426 3060 1503 γὰρ
3107 1423 3160 1488 ὦ
3206 1423 3325 1487 οὐκ

733 1524 996 1604 ἄρθρον.
1043 1559 1125 1572 —-
1169 1526 1249 1588 τὰ
1293 1522 1382 1587 εἰς
1406 1526 1693 1603 ’φωνῆεν
1742 1525 2024 1601 λήγοντα
2068 1523 2178 1587 ἐπ’
2222 1523 2468 1588 εὐθείας
2513 1526 2611 1588 καὶ
2657 1527 2814 1589 κατὰ
2858 1524 3126 1603 ἄρςενος
3172 1528 3324 1603 λαμ-

734 1627 1058 1706 βανόμενα
1103 1624 1492 1703 ἀντωνυμίαι
1535 1624 1715 1699 εἰςίν,
1764 1624 1943 1700 ἐγώ,
1993 1624 2105 1687 ςύ·
2153 1628 2413 1690 τοιοῦτο
2459 1627 2559 1690 καὶ
2588 1627 2662 1690 τὸ
2699 1626 2756 1689 ὁ.
2792 1663 2874 1672 --
2905 1627 2982 1690 τὸ
3012 1631 3324 1705 τημοῦτος
3362 1639 3404 1694 C

731 1729 807 1792 τὸ
852 1727 1010 1792 αὐτὸ
1056 1729 1247 1806 μέρος
1294 1727 1496 1800 λόγου
1544 1725 1668 1788 ἐςτὶ
1714 1726 1814 1788 καὶ
1857 1726 1933 1789 τὸ
1978 1730 2207 1804 τῆμος,
2265 1727 2366 1790 καὶ
2410 1728 2484 1791 τὸ
2529 1728 2827 1805 τημόςδε,
2891 1729 2993 1792 καὶ
3045 1729 3327 1792 καθόλου

730 1828 770 1906 ἡ
816 1829 1139 1892 ἑπέκταςις
1198 1826 1286 1891 εἰς
1340 1828 1415 1891 τὸ
1463 1826 1622 1889 αὐτὸ
1666 1827 1857 1905 μέρος
1914 1828 2116 1903 λόγου
2172 1828 2558 1905 προάγεται·
2617 1830 2719 1893 καὶ
2762 1831 2923 1892 κατὰ
2966 1833 3160 1893 τοῦτο
3208 1827 3328 1896 οὖν

638 1949 695 1996 15
730 1931 806 1995 τὸ
863 1929 1024 1993 αὐτὸ
1081 1930 1273 2008 μέρος
1332 1928 1535 2003 λόγου
1592 1928 1672 1991 τὰ
1733 1927 1939 2006 ἄρθρα
1993 1930 2093 1992 καὶ
2137 1928 2199 1992 αἱ
2243 1928 2666 2008 ἀντωνυμίαι,
2726 1931 2884 1993 καθὸ
2940 1928 3070 1993 ἀπὸ
3126 1933 3244 1993 τοῦ
3290 1930 3327 1993 ὸ

729 2033 804 2095 τὸ
852 2030 1046 2095 οὗτος
1089 2032 1190 2094 καὶ
1237 2029 1348 2094 ὅδε
1394 2029 1801 2108 παρείλκυςε,
1849 2031 1951 2094 καὶ
1995 2029 2086 2094 ἔτι
2132 2029 2262 2094 ἀπὸ
2308 2034 2417 2107 τῆς
2448 2035 2700 2109 γενικῆς
2740 2035 2851 2109 τῆς
2878 2031 2953 2094 τὸ
2981 2035 3022 2094 ’τ
3061 2032 3329 2109 ἐχούςης

732 2134 809 2197 τὸ
854 2133 1092 2197 τούτου
1137 2133 1236 2196 καὶ
1266 2136 1456 2196 τοῦδε
1477 2179 1496 2214 ,
1539 2131 1639 2194 καὶ
1670 2129 1800 2194 ἀπὸ
1835 2130 2216 2214 οὐδετέρου,
2263 2131 2425 2210 ὅπερ
2456 2132 2660 2209 μόνον
2692 2132 2825 2197 ἀπὸ
2856 2135 2972 2196 τοῦ
3007 2137 3055 2196 τ’
3090 2132 3325 2210 ἤρξατο

734 2234 895 2299 κατὰ
952 2234 1068 2313 τὴν
1134 2233 1420 2315 εὐθεῖαν,
1488 2233 1565 2296 τὸ
1620 2236 1831 2296 τοῦτο.
1896 2266 1959 2278 -
2034 2239 2614 2311 μονοπροςωποῦςι
2667 2235 2767 2298 καὶ
2823 2233 2909 2297 εἰς
2966 2237 3017 2297 ὅ
3064 2235 3322 2311 λήγουςι
3358 2257 3389 2304 6
3415 2252 3467 2303 A

737 2337 897 2400 κατὰ
940 2336 1017 2398 τὸ
1063 2333 1411 2413 οὐδέτερον
1456 2332 1648 2407 αὐτό,
1697 2332 1936 2397 ἐκεῖνο·
1984 2333 2195 2398 οὕτως
2240 2334 2369 2412 ἔχει
2416 2336 2520 2399 καὶ
2561 2336 2637 2400 τὸ
2683 2336 2758 2399 τό
2806 2336 3177 2414 οὐδέτερον.

632 2456 699 2503 20
906 2435 1182 2500 Λεκτέον
1228 2436 1332 2517 δέ,
1392 2436 1481 2500 ὡς
1526 2437 1564 2514 ἡ
1609 2436 1873 2513 τοιαύτη
1921 2436 2266 2514 ςυνηγορία
2310 2436 2892 2514 εὐπαράκρουςτος.
2959 2436 3038 2500 οὐ
3083 2436 3223 2514 γάρ,
3273 2435 3332 2500 εἴ

735 2538 792 2603 τί
822 2558 941 2602 τινι
975 2537 1133 2602 κατά
1162 2557 1220 2599 τι
1251 2539 1696 2618 κεκοινώνηκε,
1725 2540 1922 2600 τοῦτο
1955 2538 2216 2602 πάντως
2247 2538 2470 2621 ἐκείνῳ
2501 2537 2737 2602 ταύτόν
2770 2538 2955 2601 ἐςτιν.
3017 2538 3332 2615 πρόςωπα

735 2643 1099 2717 παριςτᾶςιν
1146 2636 1209 2699 αἱ
1253 2636 1671 2717 ἀντωνυμίαι,
1719 2637 1886 2702 ἀλλὰ
1929 2640 2032 2702 καὶ
2075 2640 2154 2703 τὰ
2210 2638 2481 2718 ῥήματα·
2541 2641 2644 2704 καὶ
2687 2639 2767 2703 οὐ
2812 2640 2888 2702 τὸ
2935 2639 3091 2703 αὐτὸ
3137 2640 3331 2717 μέρος

739 2741 963 2817 λόγου.
1007 2739 1199 2815 γένος
1246 2739 1602 2819 ἐπιδέχεται
1645 2740 1721 2803 τὸ
1769 2740 1954 2820 ἐμός,
1999 2739 2165 2805 ἀλλὰ
2210 2741 2310 2805 καὶ
2354 2741 2429 2805 τὸ
2474 2742 2697 2804 καλός·
2745 2738 2887 2803 ἀλλ’
2932 2740 3010 2803 οὐ
3042 2741 3118 2805 τὸ
3151 2740 3327 2803 αὐτό.

739 2842 839 2906 καὶ
904 2839 960 2904 τί
1019 2841 1189 2916 λέγω
1250 2841 1352 2904 ἐπὶ
1411 2842 1673 2911 λέξεως;
1735 2842 1838 2903 ἐπὶ
1890 2842 2132 2905 παντὸς
2191 2842 2314 2919 γὰρ
2371 2846 2642 2922 φυςικοῦ
2699 2846 2910 2905 τοῦτο.
3011 2842 3331 2924 ζψότητος

638 2963 704 3010 25
739 2943 983 3020 μετέχει
1029 2942 1066 3004 ὁ
1112 2940 1484 3020 ἄνθρωπος,
1532 2941 1701 3006 ἀλλὰ
1744 2943 1846 3005 καὶ
1890 2942 1968 3005 τὰ
2012 2941 2177 3005 ἄλλα
2219 2947 2380 3023 ζῷα·
2428 2943 2527 3007 καὶ
2572 2941 2652 3005 οὐ
2681 2942 2919 3006 ταύτὸν
2951 2943 3099 3006 θεὸς
3134 2943 3236 3005 καί
3263 2962 3330 3004 τε
3373 2959 3418 3012 Β

740 3042 1112 3122 ἄνθρωπος·
1173 3044 1276 3107 καὶ
1331 3043 1444 3106 ἐπ’
1499 3041 1719 3107 ἄλλων
1776 3040 2078 3119 ἀπείρων.
2145 3079 2217 3088 -
2291 3043 2424 3107 Οὐκ
2478 3043 2557 3107 ἂν
2613 3042 2760 3117 οὖν,
2819 3043 2933 3107 ἐὰν
2990 3041 3336 3122 ἀναφορὰν

745 3144 1009 3227 ςημαίνῃ
1040 3143 1078 3220 ἡ
1111 3142 1497 3225 ἀντωνυμία,
1529 3144 1789 3207 πάντως
1820 3143 1901 3206 ἂν
1933 3141 2027 3220 εἴη
2061 3142 2322 3221 ἄρθρον,
2356 3144 2495 3208 ἐπεὶ
2525 3145 2622 3207 καὶ
2656 3146 2736 3209 τὰ
2760 3142 2964 3222 ἄρθρα
2989 3143 3336 3223 ἀναφορὰν

742 3245 1043 3325 ςημαίνει.
1119 3245 1191 3309 Τί
1236 3247 1307 3308 δὲ
1352 3247 1599 3322 μᾶλλον
1631 3243 1693 3307 αἱ
1725 3242 2111 3320 ἀντωνυμίαι
2142 3242 2347 3323 ἄρθρα
2377 3245 2540 3324 ἤπερ
2571 3248 2650 3309 τὰ
2680 3244 2887 3325 ἄρθρα
2919 3244 3334 3325 ἀντωνυμίαι;

744 3347 960 3412 ἄλλως
1004 3368 1073 3410 τε
1119 3348 1221 3410 καὶ
1264 3347 1341 3410 τὸ
1388 3344 1497 3411 ὅτε
1543 3344 1978 3425 ἀναφορικόν,
2025 3347 2130 3409 καὶ
2173 3346 2253 3410 οὐ
2297 3346 2562 3411 πάντως
2607 3346 2867 3425 ἄρθρον.

642 3470 709 3519 3ο
915 3446 1104 3527 Οἶμαι
1149 3450 1221 3514 δὲ
1267 3449 1372 3513 καὶ
1412 3448 1488 3511 τὸ
1535 3446 1663 3513 ὑπὸ
1692 3452 1823 3512 τῶν
1857 3447 2151 3512 (τωικῶν
2183 3450 2499 3512 καλεῖςθαι
2541 3448 2705 3513 αὐτὰ
2736 3448 3088 3527 ἀοριςτώδη
3121 3449 3250 3514 ὑπό
3279 3470 3336 3512 τι

881 3703 1095 3755 Anava.
1175 3707 1241 3754 20
1276 3700 1385 3753 Sed
1424 3699 1472 3753 si
1505 3715 1652 3768 quae
1687 3715 1851 3753 voces
1887 3698 2166 3768 quaedam
2202 3700 2523 3753 communia
2556 3700 2797 3764 habent,
2841 3716 2954 3752 non
2988 3701 3241 3768 sequitur
3275 3702 3341 3754 ut

744 3785 926 3840 eidem
965 3784 1233 3838 orationis
1268 3784 1419 3853 parti
1454 3783 1789 3838 tribuendae
1824 3782 1952 3837 sint.
1993 3814 2055 3822 —
2094 3789 2160 3838 30
2185 3782 2404 3838 Deinde
2429 3784 2658 3852 probari
2691 3799 2801 3837 non
2824 3785 3039 3852 potest,
3076 3782 3341 3837 articulos

744 3871 1062 3938 ἄοριςτώδη
1107 3869 1298 3923 vocari
1345 3886 1381 3923 a
1416 3867 1644 3926 Stoicis:
1691 3884 1800 3922 non
1844 3884 2129 3936 nunquam
2179 3867 2327 3921 enim
2374 3867 2707 3922 relationem
2753 3868 3100 3937 significant,
3146 3868 3339 3937 itaque

746 3955 964 4009 definiti
1000 3956 1146 4008 eunt.

882 4188 1067 4244 D1scn.
1094 4206 1292 4245 soum.
1341 4197 1487 4244 1-2.
1523 4190 1728 4245 θέουςα
1764 4191 1855 4244 καὶ
1890 4189 1958 4255 b,
1995 4193 2186 4244 θεεςκε
2227 4191 2300 4256 ΑΙ
2330 4196 2377 4245 7.
2415 4206 2450 4244 ν
2485 4205 2708 4244 erasum
2744 4191 2873 4257 post
2905 4193 3243 4256 ομολογουςι
3278 4207 3338 4243 1n

748 4276 792 4329 A
824 4277 834 4341 Ι
880 4280 931 4332 8.
970 4275 1025 4341 ἔ,
1062 4274 1120 4329 οἷ
1155 4275 1218 4342 b,
1255 4292 1282 4330 ε
1316 4292 1373 4329 αι
1408 4292 1461 4329 οι
1498 4279 1540 4329 Α
1582 4277 1591 4342 Ι
1631 4279 1680 4327 9.
1718 4275 1985 4341 κλητικὰς
2020 4273 2086 4341 b,
2123 4277 2371 4329 κλιτικας
2410 4276 2452 4330 Α
2495 4280 2503 4337 Ι
2545 4280 2625 4329 12.
2650 4275 2997 4341 ἀντωνυμίαι
3020 4274 3085 4338 b,
3123 4291 3340 4328 ανωνυ-

751 4376 864 4425 μιαι
888 4360 932 4413 Α
964 4360 973 4426 Ι
1007 4366 1083 4412 13.
1112 4377 1146 4413 ν
1181 4375 1403 4414 erasum
1440 4360 1571 4428 post
1602 4375 1717 4413 εςτι
1750 4356 1805 4410 in
1835 4359 1880 4412 A
1915 4360 1922 4423 Ι
1956 4360 2044 4412 καί
2076 4361 2321 4414 καθόλου
2346 4359 2413 4425 b,
2449 4362 2695 4413 καθολου
2720 4375 2810 4413 και
2834 4358 2878 4413 Α
2910 4363 2920 4425 Ι
2966 4364 3042 4416 16.
3063 4377 3096 4411 ν
3117 4374 3341 4413 erasum

751 4443 883 4513 post
916 4446 1251 4512 παρειλκυςε
1285 4444 1344 4497 in
1383 4446 1425 4498 A
1459 4450 1466 4505 !
1504 4449 1580 4497 17.
1615 4445 1685 4497 τὸ
1719 4444 1933 4498 τούτου
1969 4443 2032 4509 b,
2070 4459 2177 4497 του
2212 4459 2424 4498 τουτου
2451 4446 2493 4498 Α
2525 4447 2533 4510 Ι
2564 4444 2681 4499 ἀπὸ
2714 4447 2892 4498 τοῦ-τ’·
2926 4443 2993 4509 b,
3030 4459 3146 4498 απο
3180 4460 3215 4496 τ
3252 4445 3296 4498 Α
3328 4445 3334 4510 Ι

756 4531 835 4583 18.
872 4529 1000 4595 post
1033 4534 1211 4582 τοῦτο
1246 4527 1494 4596 epatium
1528 4528 1587 4580 in
1625 4530 1699 4593 A,
1744 4529 1810 4580 ut
1856 4526 2094 4581 incisum
2130 4528 2414 4582 indicetur
2465 4531 2474 4597 Ι
2530 4544 3070 4596 μονοπροςωπουειν
3105 4529 3149 4582 Α
3198 4529 3208 4595 Ι
3262 4528 3342 4581 είς

751 4615 787 4664 δ
810 4611 874 4677 b,
913 4628 991 4667 εις
1027 4628 1076 4666 ω
1102 4614 1145 4666 Α
1171 4616 1177 4680 1
1207 4630 1241 4666 ν
1264 4617 1394 4681 post
1418 4615 1646 4681 ληγουςι
1673 4629 1810 4666 erma.
1847 4612 1907 4664 in
1933 4612 1977 4665 A
2003 4613 2008 4678 Ι
2041 4618 2125 4666 21.
2153 4629 2187 4666 ν
2223 4617 2353 4680 post
2376 4629 2753 4681 κεκοινωνηκε
2779 4628 2922 4667 erae.
2949 4612 3007 4665 in
3034 4614 3078 4667 A
3104 4611 3111 4678 1
3144 4613 3342 4680 ἐκείνῳ

752 4693 820 4761 b,
860 4711 1041 4750 εκεινο
1076 4699 1115 4749 Α
1159 4699 1168 4762 Ι
1221 4702 1301 4750 25.
1348 4698 1478 4751 θεὸς
1515 4697 1608 4751 καί
1641 4697 1725 4765 τε]
1764 4695 1921 4763 ἰχθύς
1956 4713 2020 4750 τε
2057 4699 2148 4751 καὶ
2185 4695 2392 4750 conicit
2427 4695 2664 4766 GUhlig.
2694 4705 2701 4756 ἰ
2757 4703 2837 4752 2⁷.
2877 4696 3117 4765 ςημαίνη
3156 4695 3211 4762 b,
3247 4712 3338 4764 ςη-

755 4796 935 4846 μαινει
971 4782 1014 4834 Α
1046 4783 1055 4849 1
1088 4781 1174 4848 εἴη
1212 4781 1446 4851 ἄρθρον]
1483 4780 1580 4839 fol.
1621 4786 1717 4835 146
1741 4799 1792 4836 v.
