3738 5530
589 319 709 384 168
1502 323 1683 376 ΠΕΡΙ
1717 321 2270 375 ΕΠῙΡΡΗΜΔΤῼΝ.

1607 443 1650 480 p.
1675 432 1770 482 573,
1799 432 1847 471 31
1875 450 1927 462 -
1950 431 2044 482 581,
2070 432 2095 471 9
2122 431 2152 469 b

589 514 1176 607 ἐςχημάτιςται,’ἧν
1221 526 1293 589 δὲ
1338 523 1828 604 ὑπερτεθειμένα
1874 524 1939 590 ἐξ
1984 523 2428 604 ἐπιρρημάτων
2475 528 2903 604 ςυγκριτικῶν.
2978 526 3055 589 τὰ
3105 526 3175 588 δὲ

584 631 696 705 τῆς
743 626 1135 693 ἀποδείξεως
1190 626 1320 706 ἔχει
1365 631 1530 709 τῇδε.
1606 624 1785 704 εἴπερ
1829 628 2005 705 παρὰ
2047 629 2122 692 τὸ
2176 626 2524 702 ἐγγύτατος
2570 627 2668 690 καὶ
2724 626 3054 691 ἀνώτατος
3098 628 3175 691 τὸ
3213 639 3311 688 579

589 729 915 805 ἐγγυτάτω
975 728 1055 807 ἦν
1101 729 1200 792 καὶ
1256 727 1601 810 ἀνωτάτω,
1655 729 1855 804 δῆλον
1916 727 2005 792 ὼς
2048 730 2149 792 καὶ
2193 730 2369 807 παρὰ
2412 729 2624 793 πάντα
2664 728 2744 792 τὰ
2801 727 3178 806 ὑπερθετικὰ

588 833 663 896 τὸ
708 834 1011 896 τοιοῦτον
1070 829 1150 893 ἂν
1195 829 1571 909 παρείπετο,
1633 827 1791 893 ὥςτε
1846 829 1976 893 ἀπὸ
2022 834 2138 894 τοῦ
2193 830 2589 908 γοργότατος
2645 829 2846 910 φάναι
2897 829 3057 908 ἡμᾶς
3100 829 3176 892 τὸ

524 945 555 992 5
589 933 999 1012 γοργοτάτω,
1045 931 1400 1009 ταχύτατος
1445 931 1813 1013 ταχυτάτω,
1857 930 2173 1009 ἡδύτατος
2211 932 2534 1009 ἡδυτάτω,
2580 931 3177 1010 γραμματικώτατος
3229 958 3255 995 5

594 1033 1191 1114 γραμματικωτάτω.
1280 1032 1431 1097 ἀλλ’
1498 1031 1619 1111 οὐχ
1685 1032 1776 1097 ὡς
1836 1032 1962 1097 ἔςτι
2026 1032 2106 1096 τὰ
2164 1036 2428 1097 τοιαῦτα
2494 1032 2918 1111 ἐπιρρήματα,
2991 1032 3180 1097 παντὶ

591 1140 948 1214 προῦπτον.
1019 1133 1201 1213 εἴπερ
1246 1132 1365 1198 οὖν
1409 1136 1486 1199 τὰ
1531 1135 1917 1213 προκείμενα
1972 1133 2365 1215 ἐπιρρήματα
2408 1136 2564 1213 παρ’
2610 1133 2822 1214 ὄνομα
2875 1133 3180 1209 ἐγεγόνει,

595 1238 849 1315 ἄπορον
896 1237 975 1301 ἂν
1020 1236 1097 1300 τὸ
1141 1240 1441 1300 τοιοῦτον
1487 1234 1597 1318 ἦν,
1660 1236 1836 1314 παρὰ
1888 1237 1947 1301 τί
2000 1236 2039 1314 ἡ
2085 1238 2265 1301 κακία
2307 1241 2439 1302 τῶν
2483 1236 2800 1300 τοιούτων
2844 1235 3181 1314 ἐπιρρημά-

595 1360 761 1422 των,
824 1338 1137 1417 γενομένη
1208 1336 1278 1401 ἐν
1338 1338 1745 1416 Ἑλληνιςμοῦ
1810 1342 2151 1421 παραδοχῇ
2228 1337 2430 1422 [λέγω
2498 1338 2535 1416 ἡ
2594 1341 2711 1402 τοῦ
2766 1337 3078 1403 ἀνωτάτω
3144 1338 3182 1415 ἢ
3237 1361 3285 1400 ιο

500 1450 561 1495 10
597 1440 995 1522 κατωτάτω].
1061 1475 1141 1484 -
1198 1439 1292 1503 Τὰ
1346 1439 1738 1517 ἐπιρρήματα
1795 1437 1918 1518 οὐχ
1974 1439 2227 1504 ἅπαντα
2282 1442 2397 1519 μέν
2440 1441 2558 1519 τὴν
2602 1440 2911 1518 ςύγκριςιν
2959 1439 3185 1504 ἀναδέ-

525 1614 528 1618 ,
594 1563 801 1625 χεται,
858 1541 958 1606 ὅτι
1015 1542 1094 1619 μὴ
1152 1541 1356 1619 μόνον
1413 1540 1492 1603 τὰ
1544 1539 1986 1621 ἀναδεχόμενα
2049 1541 2145 1619 εἴη
2199 1541 2462 1624 τοπικά,
2530 1542 2692 1619 ἅπερ
2748 1540 2880 1605 ἀπὸ
2939 1561 3185 1618 πρωτο-

595 1643 819 1709 τύπων
864 1642 1058 1707 πάλιν
1103 1641 1549 1722 ἐπιρρημάτων
1608 1642 1761 1719 ἑςτί,
1825 1646 2100 1707 ποιεῖται
2156 1644 2228 1706 δὲ
2283 1644 2498 1722 διττὴν
2557 1645 2673 1722 τὴν
2731 1641 3041 1718 έπίταςιν,
3099 1641 3187 1707 εἰς

597 1747 710 1825 μὲν
757 1743 995 1822 ὄνομα,
1054 1744 1238 1821 ἡνίκα
1282 1744 1493 1823 φαμὲν
1540 1743 1716 1821 παρὰ
1758 1745 1835 1807 τὸ
1882 1743 2071 1819 ἐγγύς
2117 1745 2492 1828 ἐγγύτερος,
2553 1744 2728 1823 παρά
2770 1764 2840 1809 τε
2882 1744 2959 1808 τὸ
3008 1743 3187 1823 ἄφαρ
3242 1766 3290 1807 15

598 1845 987 1927 ἀφάρτερος,
1033 1844 1157 1909 ἔςω
1203 1844 1536 1925 ἐςώτερος,
1581 1842 1722 1910 ἄνω
1768 1845 2121 1929 άνώτερος,
2165 1846 2328 1925 ἅπερ
2374 1846 2492 1911 οὐκ
2538 1847 2818 1911 ἐπίταςιν
2857 1844 3193 1922 πεποίηται

500 1958 561 2004 15
598 1953 727 2013 τῶν
772 1948 995 2012 τόπων
1040 1947 1079 2024 ἢ
1124 1951 1254 2011 τῶν
1300 1946 1780 2026 μετειληφότων
1826 1948 2197 2025 προςώπων
2242 1951 2354 2025 τῆς
2396 1951 2660 2025 τοπικῆς
2704 1947 2998 2026 ςχέςεως·
3051 1966 3192 2009 ποι-

600 2053 758 2113 εῖται
805 2051 875 2112 δέ
920 2049 1027 2112 καὶ
1070 2048 1340 2126 τοπικὴν
1387 2047 1701 2129 ἐπίταςιν,
1750 2047 1914 2128 ἅπερ
1959 2048 2160 2127 αὐτὴν
2205 2050 2320 2127 τὴν
2364 2050 2632 2128 τοπικὴν
2680 2049 2882 2128 ςχέςιν
2927 2047 3193 2129 ἀφηγεῖ-

599 2172 730 2234 ται,
775 2150 965 2226 ἐγγύς
1011 2149 1362 2231 ἐγγυτέρω,
1409 2148 1533 2213 ἕςω
1579 2150 1904 2227 ἐςωτέρω,
1950 2149 2098 2214 ἑκάς
2143 2150 2479 2230 ἑκαςτέρω.
2528 2188 2602 2197 -
2659 2150 2820 2215 ὥςτε
2866 2150 3193 2230 διαφέρειν
3247 2175 3301 2212 20

599 2255 679 2318 τὰ
724 2252 854 2316 ἀπὸ
901 2249 1246 2331 ὀνομάτων
1294 2251 1750 2328 ςυγκρινόμενα
1792 2258 1927 2315 τῶν
1973 2251 2105 2315 ἀπὸ
2151 2252 2620 2336 ἐπιρρημάτων,
2664 2258 2756 2336 τῷ
2798 2250 2880 2315 τὰ
2916 2250 3032 2329 μὲν
3063 2249 3195 2314 άπὸ

603 2353 970 2432 ὀνομάτων·
1004 2352 1093 2416 εἰς
1161 2350 1325 2429 μόνα
1381 2351 1668 2431 ὀνόματα
1724 2352 2185 2432 ςυγκρίνεςθαι,
2257 2356 2477 2419 κοῖλος
2532 2351 2932 2433 κοιλότερος,
3000 2352 3197 2429 ταχύς

501 2462 569 2510 20
605 2456 980 2533 ταχύτερος,
1040 2454 1120 2517 τὰ
1175 2454 1246 2517 δὲ
1302 2452 1433 2518 ἀπὸ
1491 2454 1938 2534 ἐπιρρημάτων
1984 2456 2084 2520 καὶ
2128 2454 2214 2519 εἰς
2259 2455 2582 2535 ὀνόματος
2634 2456 2736 2520 καὶ
2796 2453 2883 2519 εἰς
2939 2454 3196 2532 ἐπιρρή-

604 2577 801 2638 ματος
846 2556 1148 2636 ἐπίταςιν,
1194 2552 1283 2618 ὡς
1329 2554 1668 2633 πρόκειται.
1713 2592 1797 2601 -
1840 2559 1979 2620 τοῖς
2023 2560 2101 2637 δὴ
2148 2555 2267 2622 οὖν
2313 2560 2723 2636 ςυγκριτικοῑς
2767 2562 2900 2620 τῶν
2943 2555 3196 2633 ἐπιρρη-
3249 2581 3302 2618 25

605 2660 822 2738 μάτων
869 2656 1322 2735 παρεπόμενόν
1367 2656 1492 2720 ἑςτι
1533 2657 1609 2720 τὸ
1656 2655 2122 2742 ὑπερτίθεςθαι,
2186 2659 2277 2724 ὡς
2322 2659 2654 2737 πρόδηλον
2700 2657 2817 2722 κάκ
2860 2660 2971 2734 τῆς
3014 2676 3198 2720 κατα-

608 2761 875 2842 λήξεως,
933 2759 1089 2824 καθὸ
1137 2757 1237 2823 καὶ
1281 2757 1391 2822 ἐπ’
1436 2757 1819 2838 ὀνοματικῆς
1874 2760 2248 2839 ςυγκρίςεως
2304 2761 2342 2839 ἡ
2399 2759 2559 2838 αὐτὴ
2622 2759 2815 2825 πάλιν
2869 2758 3199 2836 κατάληξις

606 2863 952 2946 ἐγγίνεται,
1017 2861 1406 2939 γοργότερος
1470 2860 1897 2938 γοργότατος,
1964 2864 2313 2941 ταχύτερος
2369 2862 2740 2942 ταχύτατος.
2838 2861 2940 2925 καὶ
3005 2859 3200 2924 πάλιν

505 2969 572 3016 25
608 2965 783 3042 παρὰ
836 2963 912 3027 τὸ
971 2960 1280 3039 ἀνωτέρω
1337 2962 1412 3025 τὸ
1471 2960 1801 3027 ἀνωτάτω.
1888 2966 2086 3045 ςαφὲς
2152 2964 2297 3040 οὖν,
2365 2963 2463 3028 ὅτι
2517 2963 3010 3041 ςυνυπάρχοντα
3063 2964 3201 3025 ταῖς
3252 2987 3306 3026 30

611 3066 1024 3142 ςυγκριτικαῖς
1081 3063 1389 3143 ἐκφοραῖς
1431 3067 1562 3128 τῶν
1618 3064 2066 3144 ἐπιρρημάτων
2124 3067 2429 3142 ὁμολογεῖ
2472 3066 2589 3143 τὴν
2637 3063 2761 3129 ἀπ’
2805 3063 3022 3128 αὐτῶν
3071 3060 3202 3127 ἐπί-

609 3187 806 3233 ταςιν.
882 3165 961 3229 οὐ
1019 3164 1140 3243 γάρ
1198 3164 1362 3228 ἐςτιν
1407 3163 1685 3244 εὐμαρὴς
1739 3168 1777 3244 ἡ
1823 3167 1914 3230 εἰς
1959 3172 2012 3230 ff,
2057 3168 2387 3245 κατάληξις
2443 3170 2573 3230 τῶν
2629 3166 3096 3245 ὑπερθετικῶν,
3150 3163 3203 3226 εἰ

614 3270 695 3349 μὴ
761 3267 1084 3346 πρότερον
1146 3266 1184 3343 ἡ
1250 3269 1602 3346 ςυγκριτικὴ
1666 3268 1925 3343 γένοιτο
1990 3269 2340 3347 κατάληξις.
2443 3267 2582 3357 ἐπεὶ
2646 3267 2768 3345 γὰρ
2836 3266 2915 3330 οὔ
2991 3285 3202 3345 φαμεν
3240 3290 3342 3337 580

618 3368 1019 3450 βραδυτέρω,
1079 3367 1232 3431 οὐδὲ
1289 3369 1687 3448 βραδυτάτω·
1750 3369 1904 3434 οὐδὲ
1958 3372 2081 3448 γὰρ
2139 3372 2213 3433 τὸ
2258 3369 2682 3449 προκείμενον
2737 3366 2817 3445 ἦν
2873 3366 3200 3445 ἐπίρρημα.

513 3477 581 3523 30
615 3478 708 3555 τῷ
765 3468 954 3545 ἐγγύς
998 3469 1370 3546 παράκειται
1416 3472 1517 3533 καὶ
1570 3470 1910 3550 ἐγγύτερος
1964 3472 2063 3535 καὶ
2120 3471 2474 3548 ἐγγυτέρω,
2533 3470 2635 3534 καὶ
2688 3469 3076 3548 ςυνυπάρχει
3132 3467 3206 3530 τὸ

616 3570 960 3647 ἐγγυτάτω.
1040 3569 1383 3649 ἀπεδείχθη
1439 3570 1593 3653 οὖν,
1652 3572 1742 3636 ὡς
1799 3573 1880 3637 οὐ
1935 3574 2109 3652 παρὰ
2163 3574 2238 3637 τὸ
2296 3571 2642 3647 ἑγγύτατος
2695 3573 2735 3649 ἢ
2794 3570 3126 3636 ἀνώτατος
3168 3569 3207 3647 ἡ
3259 3597 3286 3636 5

750 3773 967 3824 Anava.
1026 3775 1056 3822 3
1094 3769 1253 3834 Quod
1287 3770 1393 3823 nisi
1428 3772 1512 3826 ita
1546 3774 1706 3829 esset,
1744 3789 1996 3827 causeam
2033 3791 2142 3828 non
2169 3774 2533 3843 perspicere8‚
2572 3790 2671 3827 cur
2702 3789 2815 3826 non
2851 3773 2923 3825 ab
2951 3771 3209 3826 omnibus

619 3856 911 3912 adieetivis
968 3854 1085 3908 eius
1138 3855 1360 3924 generis
1413 3856 1682 3912 adverbia.
1732 3858 1789 3911 in
1836 3868 1886 3913 ῖῡ
1932 3857 2176 3912 derivari
2230 3859 2475 3927 possent.
2533 3886 2597 3896 —
2653 3864 2716 3910 10
2769 3856 3055 3910 Adverbia
3096 3872 3209 3909 non

620 3941 811 3997 omnia
845 3940 1323 4009 comparationem
1360 3941 1685 4007 admittunt,
1724 3943 1820 3997 sed
1846 3943 2035 3997 omnia.
2056 3943 2278 4009 localia,
2312 3960 2348 3995 a.
2382 3942 2585 4011 quibus
2621 3945 2680 3994 et
2704 3941 2987 3995 adieetiva
3019 3942 3084 3994 et
3116 3939 3210 3993 ad-

621 4026 816 4080 verbia
851 4024 1179 4078 derivantur
1214 4027 1613 4095 comparassiva.
1650 4058 1715 4066 —
1750 4035 1810 4081 ‘21
1851 4028 2267 4083 Adverbiorum
2312 4026 2488 4096 igitur
2524 4025 2892 4094 comparativi
2926 4024 2985 4078 in
3022 4041 3212 4093 super·

621 4112 823 4165 lativoe
860 4110 1154 4164 transeunt
1188 4110 1555 4168 adverbiales.

760 4281 951 4335 stcn.
988 4298 1182 4335 seam.
1252 4287 1302 4338 2.
1339 4281 1522 4351 εἴπερ]
1560 4282 1654 4336 fol.
1695 4289 1789 4336 134
1818 4301 1859 4336 r.
1892 4286 1901 4347 Ι
1945 4290 1993 4336 6.
2030 4297 2554 4350 γραμματικοτατος
2594 4281 2636 4334 Α
2666 4282 2677 4346 Ι
2707 4280 2812 4346 οὑχ
2848 4282 2927 4335 ὡς
2965 4282 3007 4335 Α
3036 4282 3099 4345 b,
3135 4281 3213 4334 ὡς

624 4368 729 4419 οὐκ
752 4365 985 4436 EEgger
1014 4370 1023 4432 Ι
1054 4363 1194 4418 7.*ΙΡ.
1216 4366 1492 4430 ὁνόματα’
1512 4367 1549 4419 b
1575 4367 1633 4419 in
1659 4382 1774 4419 var.
1796 4367 1926 4421 leet..
1958 4367 1967 4433 Ι
1997 4374 2043 4424 9.
2069 4367 2370 4434 παραδόςει
2389 4381 2491 4434 pro
2511 4367 2799 4433 παραδοχῇ
2820 4364 3184 4418 RSkrzeczka
3205 4366 3211 4430 ⁴,

627 4456 812 4505 9—10.
852 4452 1002 4515 λέγω
1044 4480 1098 4487 -
1140 4450 1455 4503 κατωτάτω
1493 4450 1705 4504 delevit
1730 4451 2114 4515 RSehneider3
2149 4450 2516 4504 RSkrzeczka
2539 4465 2642 4518 pro
2668 4451 2949 4503 ἀνωτάτω
2975 4453 3008 4516 ἢ
3036 4466 3215 4502 κατω-

626 4535 787 4587 τάτω
814 4534 1009 4588 scribit
1030 4534 1331 4600 ταχυτάτω
1358 4537 1393 4601 ἢ
1420 4536 1683 4602 ήδυτάτω
1715 4539 1723 4602 Ι
1760 4542 1836 4588 11.
1865 4536 1902 4589 b
1930 4550 2040 4588 non
2066 4536 2218 4589 recte
2246 4534 2385 4589 dicit
2409 4535 2466 4587 in
2495 4537 2539 4588 A
2565 4551 2684 4588 esse
2711 4551 2921 4599 μονιυν,
2959 4536 3045 4588 est
3069 4535 3216 4588 enim

630 4635 830 4684 μονον,
880 4621 945 4672 ut
978 4619 1098 4687 ipse
1136 4618 1357 4687 scripsit
1389 4620 1448 4672 in
1482 4621 1642 4672 textu
1682 4625 1690 4686 1
1742 4626 1816 4673 14.
1855 4620 2104 4674 ἐπίταςιν
2139 4620 2208 4685 b,
2255 4636 2344 4674 επι
2381 4637 2546 4674 παςιν
2584 4623 2626 4675 Α
2667 4621 2677 4686 Ι
2721 4626 2799 4672 15.
2840 4623 2874 4686 ἢ
2913 4620 2955 4673 Α
2995 4620 3054 4671 et
3091 4620 3123 4672 b
3159 4617 3218 4670 in

628 4704 808 4770 textu,
835 4703 1050 4757 ‘malim
1076 4705 1201 4758 ἀλλ’
1223 4707 1281 4771 ἢ’
1312 4703 1347 4757 b
1373 4704 1431 4757 in
1457 4720 1573 4761 var.
1599 4704 1731 4757 lect.
1766 4705 1775 4770 Ι
1812 4709 1888 4761 16.
1914 4705 2096 4773 ςχέςιν
2115 4705 2173 4770 b,
2199 4721 2449 4760 επιταςιν
2469 4706 2511 4758 Α
2543 4708 2553 4772 Ι
2585 4710 2664 4758 23.
2691 4708 2830 4758 καθο
2852 4706 2914 4771 Α,
2941 4705 3128 4757 καθὼς
3147 4701 3214 4784 b31

630 4793 713 4842 30.
753 4793 838 4855 τῷ
874 4788 940 4852 b,
977 4803 1043 4840 το
1082 4789 1123 4840 Α
