3738 5530
753 339 882 406 186
954 339 1397 396 Commentarius
1425 340 1651 396 crium·
1678 343 1737 395 et
1763 340 2084 412 exegeticus
2109 340 2170 396 in
2197 340 2484 411 Apollonii
2512 341 2739 410 Dyseoli
2767 341 2980 412 scripta
3004 341 3236 397 minora.

930 512 1076 585 171,
1106 512 1185 570 21
1248 510 1407 570 idem
1462 511 1863 589 fragmentum
1909 512 2002 571 est
2043 512 2197 587 synt
2250 512 2396 586 156,
2418 512 2530 584 223
2592 510 2725 570 adv.
2775 511 2920 586 203,
2952 511 3064 586 253
3120 511 3353 588 plenius

746 619 914 677 pron.
945 600 1048 675 48,
1070 600 1183 675 28;
1228 600 1505 660 Alemani
1547 600 1764 660 tribuit
1808 600 2065 675 Ahrens‚
2111 601 2218 675 qui
2260 600 2437 660 modo
2483 596 2635 670 ὥτε,
2680 599 2856 659 modo
2901 595 2958 660 ὥ
3003 616 3072 661 τε
3117 602 3356 677 scripsit

747 681 939 769 (dian.
967 688 1031 748 Π
1071 691 1340 764 149,9a„
1383 691 1525 749 208.
1568 691 1837 765 εῖτ-ωε».
1884 690 2043 748 m
2070 689 2159 748 VI
2198 682 2385 769 234):
2429 689 2628 767 Bergk
2673 689 2818 749 olim
2865 689 3164 767 adespotis
3208 691 3349 765 1511·-

746 797 949 838 eorum
1002 779 1272 855 reliquiis
1324 779 1683 854 inseruerat,
1735 780 1801 838 in
1845 778 1933 838 ed,
1982 779 2074 838 ΠΙ
2117 800 2176 855 p.
2219 779 2387 839 1359
2435 778 2779 855 Epicharmi
2833 796 2959 838 esse
3011 780 3218 839 voluit
3271 810 3348 820 -—

923 866 1017 926 Ab
1062 868 1174 928 hoc
1218 864 1309 928 ὥ(
1344 868 1643 943 adverbio,
1688 868 1786 927 vel
1823 868 2133 927 decurtato
2170 863 2242 939 ὥ,
2288 867 2450 945 quod
2493 867 2652 928 idem
2695 867 2860 928 valet
2903 871 3083 944 atque
3128 862 3351 939 οὕτως,

746 956 1163 1018 secernendum
1208 960 1301 1017 est
1344 954 1399 1037 ᾧ
1444 958 1509 1016 in
1554 954 1706 1037 ᾧτε,
1753 957 1914 1033 quod
1955 957 2116 1017 idem
2160 956 2494 1035 significare
2539 960 2720 1034 atque
2764 952 2977 1031 ὥςπερ
3022 957 3117 1017 vel
3161 952 3352 1016 καθά-

744 1061 868 1120 περ
924 1050 987 1105 et
1039 1045 1114 1105 ab
1170 1041 1316 1107 ὡεεί
1369 1046 1627 1107 derivari
1684 1047 1982 1124 praecipit
2032 1046 2409 1106 Herodianus
2456 1038 2538 1129 (v.
2575 1046 2608 1105 Ι
2654 1047 2802 1119 494,
2822 1048 2879 1104 4.
2945 1046 3008 1105 Π
3055 1047 3200 1119 610,
3221 1038 3354 1127 20),

746 1137 914 1196 euius
958 1135 1309 1213 pedisequos
1355 1154 1496 1196 sane
1540 1136 1759 1196 mirum
1805 1139 1898 1196 est
1932 1153 2134 1196 omnes
2181 1128 2293 1216 (Io.
2321 1135 2488 1195 Alex.
2520 1136 2714 1210 32,6;
2757 1134 3029 1195 Eustatb.
3074 1138 3215 1210 117,
3235 1138 3355 1211 41;

744 1224 861 1283 EM
888 1225 1035 1299 825,
1059 1226 1170 1299 233
1204 1224 1263 1281 V
1290 1226 1366 1286 ad
1394 1225 1510 1285 EM
1539 1227 1686 1301 822,
1708 1216 1820 1306 50)
1857 1228 2095 1302 praeter
2125 1225 2236 1302 Ep.
2268 1223 2359 1284 Gr.
2392 1226 2538 1299 446,
2561 1225 2643 1284 28
2680 1224 2795 1284 hoe
2827 1226 3023 1302 ipsum
3059 1224 3355 1302 fragmen-

744 1317 875 1373 tum
918 1315 1005 1373 sic
1048 1314 1321 1374 exhibere
1367 1312 1493 1394 ᾧτε
1540 1307 1666 1396 (vel
1711 1306 1865 1395 ᾧτε)
1915 1313 2205 1390 χερνῆτις
2251 1307 2376 1396 (vel
2423 1306 2742 1396 χερνᾶτιε)
2780 1309 2959 1387 γυνή,
3005 1317 3076 1372 ut
3108 1312 3355 1373 dubium

745 1402 1021 1463 videatur
1072 1408 1307 1464 rectene
1366 1404 1526 1481 apud
1579 1403 1987 1464 Herodianum
2043 1422 2248 1464 versus
2303 1403 2550 1464 Homeri
2591 1403 2657 1462 M
2700 1404 2828 1463 433
2888 1405 3200 1463 restitutus
3255 1403 3355 1462 sit.

748 1490 834 1552 cf.
872 1492 1070 1572 Bergk
1115 1494 1179 1552 in
1226 1493 1437 1554 Philol.
1476 1492 1648 1553 XXII
1695 1494 1751 1553 8.
1797 1526 1873 1536 -—
1918 1492 2192 1553 Ceterum
2237 1489 2292 1553 ὥ
2346 1508 2416 1553 τε
2461 1493 2703 1553 voculas
2758 1493 2822 1551 in
2866 1493 3201 1570 fragmento
3247 1492 3357 1551 illo

746 1573 861 1662 (=
882 1579 984 1643 καὶ
1020 1574 1222 1665 οὕτω)
1260 1585 1573 1643 seiunctim
1617 1582 1957 1647 scribendas
2002 1600 2127 1643 esse
2172 1603 2244 1642 ex
2285 1585 2419 1643 tota
2452 1582 2760 1659 Apollonii
2803 1582 3205 1659 disputatione
3249 1600 3356 1658 ap-

742 1690 951 1748 parere
995 1690 1217 1732 censeo.

931 1763 1074 1836 171,
1098 1762 1179 1820 22
1240 1757 1403 1822 κατὰ
1459 1758 1654 1823 τοῦτό
1713 1756 1817 1840 γε]
1875 1760 2241 1821 GFSohoem.
2288 1760 2352 1820 H
2402 1763 2483 1819 14
2513 1785 2598 1808 =
2627 1778 2823 1837 opusc.
2869 1759 2958 1819 IV
3005 1761 3160 1836 2583
3218 1754 3356 1819 κατ’

748 1846 949 1912 αὐτοῦ
995 1867 1069 1922 γε
1114 1849 1356 1911 KLehrs
1403 1850 1640 1921 Quaest.
1680 1853 1825 1928 epie.
1864 1868 2017 1928 spee.
2056 1850 2087 1909 Ι
2132 1849 2336 1927 Progr.
2373 1850 2601 1927 Regim.
2646 1850 2815 1910 1825
2861 1870 2918 1928 p.
2961 1851 3017 1908 2.

928 1942 1071 2015 171,
1094 1941 1353 2000 25-26
1410 1936 1491 2000 τὰ
1547 1935 1802 2013 κτητικὰ
1857 1938 1991 2000 τῶν
2038 1934 2128 2000 εἰ(
2172 1937 2283 2000 κ-οῐ
2330 1934 2694 2017 ληγόντων]
2741 1938 2874 1999 τῶν
2919 1937 3228 2011 κτητικῶν
3274 1934 3358 1998 τὰ

745 2023 834 2089 εἰ(
880 2028 990 2088 sio’c
1038 2026 1323 2104 λήγοντα
1366 2029 1644 2108 Egenolff
1673 2029 1704 2088 Ι
1742 2030 1900 2104 8443
1946 2029 2102 2106 quod
2149 2027 2366 2106 probat
2408 2028 2623 2088 Matth.
2661 2027 2693 2087 I
2732 2028 2814 2087 85
2863 2030 2925 2087 et
2968 2028 3097 2105 ipse
3140 2027 3358 2104 prob03

743 2117 956 2179 Matth.
984 2118 1063 2177 ib.
1092 2138 1201 2196 pro
1230 2113 1396 2179 ἀλλὰ
1433 2115 1509 2178 τὸ
1538 2115 1818 2192 θηλυκὸν
1854 2113 2005 2193 παρ’
2035 2113 2290 2179 εὐθεῖαν
2318 2117 2526 2177 scribit
2557 2112 2698 2177 ἀλλ’
2728 2112 2860 2178 ἀπὸ
2888 2115 3167 2191 θηλυκοῦ
3204 2112 3357 2191 παρ’

745 2204 1025 2278 εὐθεῖαν;
1070 2208 1457 2285 praetulerim
1504 2202 1672 2269 ἀλλὰ
1715 2207 1833 2268 τοῦ
1880 2205 2159 2281 θηλυκοῦ
2204 2202 2355 2282 παρ’
2403 2203 2673 2267 εὐθεῖαν.

931 2298 1075 2373 172,
1099 2302 1130 2358 1
1182 2292 1422 2371 ἡδύλο(
1473 2298 1649 2357 hodie
1703 2316 1823 2357 non
1875 2297 1998 2374 legi
2041 2297 2159 2356 nisi
2201 2298 2508 2374 proprium
2562 2298 2764 2355 monet
2809 2295 2950 2355 Lob.
2987 2294 3168 2355 Proll.
3213 2296 3358 2355 123.

929 2388 1134 2461 172,2
1200 2382 1527 2463 ἐμποδοῦν
1591 2389 1682 2446 est
1743 2388 1928 2446 etiam
1991 2386 2122 2446 adv.
2174 2386 2431 2461 185,16
2493 2388 2557 2444 in
2616 2385 2699 2460 A3
2760 2384 2903 2445 Lob.
2951 2384 3065 2443 Eu.
3113 2384 3144 2443 Ι
3202 2385 3362 2458 5973

929 2566 1123 2641 172,7
1154 2560 1323 2645 τινα]
1353 2560 1638 2627 πτωτικά
1663 2565 1907 2625 KLehrs
1936 2564 2172 2635 Qua-est.
2193 2583 2281 2642 ep.
2302 2583 2454 2642 spec.
2475 2564 2506 2623 I
2533 2564 2739 2641 Progr.
2759 2563 2987 2642 Regim.
3012 2563 3182 2623 1825
3219 2582 3277 2639 p.
3302 2564 3359 2620 2.

927 2654 1289 2715 Correlativa
1331 2657 1512 2729 ’ἱρέων
1554 2659 1693 2716 sunt
1736 2650 1835 2715 ὥς
1880 2650 2026 2716 τώ(
2081 2653 2235 2714 πῶς
2291 2648 2511 2714 ὅπως.
2602 2653 2814 2727 Itaque
2857 2653 3070 2713 dixerit
3110 2652 3365 2725 fortasse

744 2747 1060 2821 qwispiaom
1106 2747 1522 2820 interroyattva
1568 2746 1810 2805 etmdem
1852 2748 2151 2805 accentum
2194 2759 2488 2804 assumere
2532 2746 2704 2817 atque
2747 2741 3044 2813 absolvam
3099 2757 3249 2817 erqo,
3296 2744 3367 2802 ut

743 2835 891 2896 ποῦ
938 2838 991 2894 et
1034 2829 1121 2895 οὗ
1169 2838 1299 2895 tono
1344 2837 1710 2904 conveniant,
1755 2837 1840 2894 ita
1887 2830 1984 2894 ὥ(
2030 2836 2396 2907 circumflecti
2439 2837 2721 2908 oportere,
2773 2836 2842 2891 ut
2885 2849 3017 2891 eum
3060 2830 3215 2892 πῶς
3262 2848 3364 2891 ae-

747 2928 915 2984 eentu
959 2928 1253 3000 oonyruat.
1342 2923 1459 2984 Sed
1501 2928 1570 2984 ut
1612 2919 1711 2984 ὥ(
1754 2925 1885 2984 iure
1927 2927 2164 2984 acutum
2206 2923 2400 2992 habet,
2453 2925 2541 2982 ita
2593 2922 2750 2983 πῶς
2804 2925 2952 2981 reete
2996 2922 3368 2992 eir-eumaem

616 2993 647 3016 ”’
741 3017 994 3074 notatur.
1084 3013 1517 3088 Interroyativa
1573 3015 1726 3073 mim
1777 3014 2061 3074 voeabula
2112 3016 2318 3088 suapte
2359 3015 2581 3072 natura
2624 3014 2764 3071 sumt
2805 3011 3122 3085 barytona‚·
3178 3027 3370 3084 quare

742 3102 1178 3177 monosyllabis,
1223 3106 1291 3162 ut
1321 3106 1603 3178 potestate
1645 3103 1849 3163 saltem
1892 3105 2012 3163 sint
2055 3104 2363 3177 barytona,
2411 3103 2813 3174 circumflentes
2847 3101 3180 3174 imponitur.
3259 3099 3371 3160 Ita

745 3195 816 3264 fit
856 3195 924 3251 ut
965 3191 1214 3251 relativa
1258 3209 1409 3266 quae
1453 3210 1483 3251 e
1524 3192 1936 3267 monosyllabis
1986 3192 2416 3266 interroqativis
2458 3188 2498 3251 ὃ
2535 3191 2814 3265 praefixa
2865 3192 3208 3258 naseuntur,
3265 3206 3370 3248 ae-

745 3284 972 3340 eentwm
1024 3282 1355 3352 retrahant‚·
1413 3299 1563 3356 qaae
1618 3299 1648 3341 e
1700 3281 1998 3355 bisyllabis
2051 3282 2337 3349 oriantur,
2399 3297 2469 3340 ea
2522 3283 2820 3340 accentum
2867 3279 3162 3339 retrahere
3214 3293 3372 3352 opus

745 3386 867 3429 non
911 3373 1008 3439 est,
1055 3372 1196 3444 qma
1230 3387 1343 3444 per
1385 3387 1448 3431 se
1490 3372 1624 3444 ipsa
1669 3371 1956 3445 baaz-stom
1998 3373 2137 3429 sunt
2183 3370 2328 3444 172,
2351 3370 2629 3444 8-173,
2654 3369 2752 3428 12.
2834 3366 2920 3426 Cf.
2967 3387 3136 3445 pron.
3178 3368 3281 3443 29,
3306 3368 3369 3425 5.

928 3460 1073 3534 172,
1098 3462 1179 3519 10
1227 3459 1371 3535 quid
1425 3454 1597 3521 τάξι(
1642 3460 1697 3518 h.
1736 3460 1774 3518 l.
1822 3458 1937 3519 sibi
1984 3459 2133 3518 velit
2176 3478 2293 3518 non
2341 3459 2591 3533 extrieo3
2650 3478 2726 3518 an
2769 3450 3369 3536 <ευνύπ>α<ρ>ξιεῗ

747 3547 819 3607 cf.
859 3547 989 3607 adv.
1034 3550 1178 3624 194,
1202 3551 1233 3607 1
1288 3544 1414 3608 ἔετι
1468 3544 1570 3609 καὶ
1625 3544 2004 3623 ευνύπαρξιε
2057 3547 2191 3608 τῶν
2248 3543 2337 3608 εἰς
2382 3546 2454 3608 ’ῑὲ
2508 3543 2844 3621 ληγόντων
2892 3540 3369 3621 ἐπιρρημάτων.

926 3637 1071 3712 172,
1096 3638 1175 3696 12
1222 3636 1360 3698 τοῖς
1405 3633 1566 3698 κατὰ
1612 3633 1947 3716 ἀπόλυειν]
2005 3657 2075 3697 ex
2121 3639 2205 3697 eis
2252 3655 2405 3713 quae
2451 3638 2780 3713 sequuntur
2833 3635 3026 3695 elucet
3069 3630 3152 3694 τὰ
3196 3630 3372 3695 κατὰ

747 3719 1057 3787 ἀπόλυειν
1103 3744 1227 3786 esse
1274 3720 1372 3798 οὗ,
1417 3722 1617 3800 ἡνίκα,
1663 3723 1720 3806 ᾗ,
1768 3722 1873 3797 ὥς,
1922 3746 2090 3802 quae,
2139 3728 2309 3802 quasi
2354 3728 2598 3803 propria
2636 3725 2961 3803 appellatio
3006 3743 3125 3784 non
3171 3724 3255 3784 sit
3298 3723 3372 3782 in

746 3817 1055 3892 promptu,
1114 3810 1194 3875 τὰ
1249 3811 1399 3889 δίχα
1451 3815 1568 3876 τοῦ
1623 3813 1659 3876 ff
1714 3816 1993 3876 dicuntur
2048 3815 2179 3876 adv.
2233 3817 2500 3891 173,13.
2554 3818 2651 3873 17.
2752 3813 2944 3884 Quam
2997 3833 3124 3873 rem
3177 3814 3375 3872 miror

748 3922 866 3964 non
920 3905 1091 3981 tangi
1145 3903 1221 3964 ab
1265 3904 1596 3983 Egenolffio
1648 3907 1712 3964 in
1768 3908 2047 3965 accurata
2100 3905 2172 3965 de
2226 3905 2402 3965 huius
2457 3905 2687 3983 generis
2739 3902 3075 3963 nominibus
3132 3904 3375 3979 exposi-

750 3993 911 4052 tione
938 3992 995 4050 V
1037 3994 1355 4054 124-25.
1434 3993 1565 4054 Hoo
1611 3996 1809 4054 autem
1853 3996 2090 4054 nomine
2136 3990 2217 4055 τὰ
2262 3990 2424 4055 κατὰ
2470 3989 2796 4063 ἀπόλυειν,
2844 4011 2962 4068 quo
3008 4011 3199 4067 neque
3243 3991 3374 4067 Ap.

750 4080 896 4140 alibi
955 4083 1146 4142 utitur
1202 4100 1310 4143 nee
1363 4083 1685 4160 Dionysius
1741 4083 1939 4142 Thrax
1997 4102 2138 4144 usus
2198 4088 2317 4159 est,
2379 4082 2524 4159 quid
2581 4081 2944 4161 significetur
3003 4082 3376 4158 quaerimus.

751 4167 1021 4231 Schmidt
1064 4171 1246 4231 Beitr.
1290 4172 1416 4230 578
1471 4174 1675 4249 putat,
1721 4169 1801 4232 τὰ
1845 4169 2007 4232 κατὰ
2053 4168 2363 4234 ἀπόλυειν
2418 4171 2625 4232 eodem
2678 4189 2855 4232 sensu
2908 4173 3185 4247 usurpari
3240 4188 3378 4245 quo

749 4252 1043 4321 ἀπόλυτα
1088 4259 1366 4321 dicuntur
1400 4263 1753 4337 pronomina
1797 4262 1893 4320 vel
1938 4262 2256 4338 positivus,
2312 4256 2449 4321 ‘frei
2494 4280 2610 4321 von
2653 4253 3049 4338 Beziehung’3
3103 4257 3261 4335 quod
3319 4259 3382 4318 si

747 4349 838 4408 ita
881 4353 972 4409 est
1017 4341 1234 4462 §neque
1278 4349 1452 4410 video
1489 4370 1607 4427 quo
1655 4351 1773 4409 alio
1818 4350 1994 4410 modo
2038 4370 2132 4410 res
2177 4351 2440 4428 expediri
2484 4342 2721 4431 possit),
2767 4350 3093 4426 appellatio
3141 4342 3384 4408 ‘soluta

748 4438 1035 4502 relatione
1095 4440 1192 4499 vel
1237 4433 1626 4499 ‘definitione'
1673 4440 1881 4506 eodem.
1924 4440 2046 4499 fere
2089 4440 2248 4500 redit
2293 4458 2411 4516 quo
2459 4435 2734 4513 ἀόριετα.
2808 4439 3021 4514 Itaque
3066 4437 3212 4497 haee
3253 4437 3382 4496 ad-

748 4527 1083 4588 verbiorum
1137 4529 1623 4589 correlativorum
1677 4547 1896 4607 genera
1950 4527 2266 4607 distinguit
2318 4529 2642 4606 Dysoolus:
2705 4527 2834 4589 ποῦ
2889 4528 2977 4606 πῇ
3034 4526 3173 4586 πῶς
3227 4527 3382 4586 sim.

750 4643 833 4666 ε-
865 4613 1164 4678 πευετικά
1218 4613 1570 4693 πυεματικά
1624 4613 1917 4693 πύεματα
1970 4615 2245 4678 πεύεειε·
2310 4634 2440 4679 που
2485 4635 2573 4697 πῃ
2619 4633 2760 4678 πωε
2806 4616 2952 4675 enel.
2984 4642 3069 4664 =
3097 4610 3390 4690 domem

747 4707 843 4767 vel
890 4701 1352 4781 ἀοριετούμενα
1399 4699 1558 4788 (adv.
1602 4708 1868 4783 126‚18.
1912 4697 2052 4786 20)·
2124 4701 2202 4768 οὗ
2247 4703 2285 4787 ᾗ
2335 4702 2425 4767 ὥ(
2454 4733 2538 4755 =
2567 4702 2647 4766 τὰ
2693 4702 2840 4781 δίχα
2884 4704 3003 4767 τοῦ
3050 4704 3102 4776 ἶ,
3148 4701 3230 4765 τὰ
3284 4704 3386 4781 μὴ

750 4791 988 4871 ἔχοντα
1041 4792 1118 4856 τὸ
1164 4813 1200 4856 τ
1247 4788 1351 4877 (ib.
1397 4796 1539 4872 178,
1564 4788 1691 4876 16),
1739 4792 1819 4856 τὰ
1863 4791 2025 4855 κατὰ
2071 4790 2404 4860 ἀπόλυειν·
2482 4795 2600 4857 τοῦ
2647 4796 2722 4875 τῇ
2769 4790 2896 4856 τώ(
2926 4820 3012 4843 =
3040 4790 3121 4854 τὰ
3165 4789 3386 4856 ἀντα-

750 4881 1078 5035 ποδοτὲκά,
1125 4882 1207 4946 τὰ
1252 4881 1408 4960 μετὰ
1452 4884 1569 4946 τοῦ
1615 4883 1651 4945 ff
1698 4878 1801 4967 (ib.
1847 4885 1992 4959 173,
2016 4887 2113 4944 14.
2158 4878 2291 4968 18)·
2357 4880 2527 4946 ὅπου
2574 4880 2703 4966 ὅπῃ
2752 4878 2931 4946 ὅπως
2961 4909 3045 4932 =
3076 4879 3158 4944 τὰ
3202 4878 3389 4945 ἀνα-

748 4991 944 5050 φορικ
990 5020 1003 5034 .
