3738 5530
591 319 714 386 120
1494 322 1673 374 ΠΕΡΙ
1710 317 2269 372 ΕΠΙΡΡΗΜΑΤΩΝ.

1605 441 1649 479 ι).
1676 430 1767 480 529,
1796 430 1845 469 19
1871 449 1920 458 -
1948 429 2039 476 531,
2067 428 2118 467 24
2143 427 2173 466 b

585 524 679 589 Τὰ
735 525 812 603 δὴ
859 522 978 590 οὖν
1025 524 1307 588 πτωτικὰ
1349 525 1464 603 τὴν
1521 524 1825 602 τοιαύτην
1872 524 2159 589 ςύνταξιν
2206 521 2372 599 πρὸς
2413 521 2493 585 τὰ
2537 520 2826 602 ὀνόματα
2880 523 2961 602 μὴ
3022 523 3176 589 ἀνα·
3230 541 3280 579 20

584 625 930 705 δεξάμενα,
989 624 1349 703 ἐπικείμενα
1406 627 1478 690 δὲ
1522 628 1661 690 τοῖς
1707 624 2005 708 ῥήμαςιν,
2063 623 2228 702 ἅπερ
2284 623 2450 703 πρὸς
2506 625 2692 703 ἕτερα
2736 626 3018 690 πτωτικὰ
3061 628 3176 705 τὴν

434 755 461 763 ·
579 726 882 806 τοιαύτην
916 716 1618 803 ςύνταξινέποιοῦντο,
1665 726 1956 792 ἐκαλεῖτο
1989 725 2199 791 οὐκέτι
2239 727 2540 804 πτωτικά,
2586 726 2741 791 ἀλλ’
2782 727 3178 807 ἐπιρρήματα

580 829 686 893 διὰ
740 830 816 893 τὸ
877 828 1165 893 ςύνταξιν
1225 827 1670 907 ἐπιρρημάτων
1729 829 2165 893 ἀναδέξαςθαι.
2240 827 2386 893 οἷον
2442 828 2481 891 ὁ
2539 828 2653 907 μὲν
2711 829 2920 904 λέγων
2969 828 3179 895 οὕτως

509 945 541 995 5
578 931 773 1010 ταχύ
846 932 1274 1010 περιπατεῖ
1345 933 1690 1008 κατηγορεῖ
1761 929 1927 1009 τάχα
1995 930 2172 994 τινος
2240 932 2559 994 πτωτικοῦ
2632 930 2892 1009 ταχέος,
2969 931 3059 997 ὡς
3125 930 3179 996 εἰ
3231 946 3280 986 25

578 1031 995 1113 μειράκιον
1041 1034 1498 1118 περιπατεῖ,
1541 1032 1644 1096 καὶ
1685 1030 1740 1095 εἰ
1772 1030 1979 1097 οὕτως
2009 1051 2100 1096 τις
2141 1030 2344 1113 εἴποι,
2389 1030 2477 1096 τὸ
2522 1033 2712 1111 ταχὺ
2757 1036 3181 1112 περιπατεῖ

579 1133 1025 1214 μειράκιον·
1068 1132 1145 1198 τὸ
1190 1136 1529 1212 τηνικαῦτα
1572 1135 1694 1212 γὰρ
1738 1133 1814 1198 τὸ
1848 1133 2009 1212 ταχύ
2055 1132 2355 1198 ἐπίκειται
2397 1139 2488 1217 τῷ
2535 1133 2893 1214 μειράκιον,
2939 1136 3043 1200 καὶ
3086 1134 3177 1200 ἔτι
3214 1153 3313 1204 530

583 1237 864 1299 καλεῖται
909 1234 1120 1313 ὄνομα
1162 1235 1535 1312 ἐπιθετικόν,
1583 1238 1685 1301 καὶ
1727 1236 1845 1309 διὰ,
1876 1239 2072 1300 τοῦτο
2105 1235 2494 1311 ςυγκλίνεται
2536 1242 2628 1320 τῷ
2675 1236 2998 1321 μειρακίῳ,
3041 1242 3180 1302 τοῦ

579 1337 871 1415 ταχέος
914 1336 1366 1421 μειρακίου,
1411 1344 1515 1420 τῷ
1557 1341 1779 1417 ταχεῖ
1822 1336 2215 1421 μειρακίῳ.
2272 1337 2456 1415 ἡνίκα
2485 1338 2701 1416 μέντοι
2734 1338 2814 1402 ού
2844 1340 3184 1417 κατηγορεῖ

497 1454 560 1501 10
605 1438 944 1517 ὀνόματος,
990 1443 1108 1525 τοῦ
1154 1440 1225 1503 δὲ
1267 1441 1775 1519 ςυνταςςομένου
1823 1440 2122 1519 ῥήματος,
2168 1438 2259 1503 ὡς
2301 1438 2372 1504 ἐν
2414 1446 2504 1525 τῷ
2545 1441 2737 1519 ταχὺ
2778 1442 3184 1519 περιπατεῖ
3233 1456 3259 1496 ⁵

578 1541 746 1624 ’<τὸ>
790 1540 1248 1622 μειράκιον,
1309 1541 1631 1621 (καλεῖται
1677 1540 2064 1624 ἐπίρρημα>,
2117 1539 2285 1625 (ἴςον
2341 1540 2465 1621 γάρ
2533 1541 2658 1606 ἐςτι
2724 1549 2816 1626 τῷ
2881 1542 3182 1622 ταχέως

582 1646 1016 1721 περιπατεῖ
1071 1641 1159 1706 τὸ
1221 1643 1687 1726 μειράκιον,)
1757 1645 1860 1707 καὶ
1927 1643 2076 1707 καθ’
2144 1642 2260 1707 ἕνα
2334 1644 2752 1723 ςχηματιςμὸν
2825 1643 3182 1726 ἐκφέρεται,

584 1743 777 1822 ταχὺ
823 1747 1467 1821 περιπατοῦντος
1512 1748 1648 1808 τοῦ
1705 1743 2156 1826 μειρακίου,
2212 1745 2407 1824 ταχὺ
2452 1750 3035 1824 περιπατοῦντι
3077 1750 3182 1828 τῷ

587 1848 986 1928 μειρακίῳ.
1032 1882 1116 1892 —
1173 1845 1306 1909 Διὰ
1348 1849 1467 1911 τοῦ
1511 1846 1811 1910 τοιούτου
1867 1846 2338 1926 ύποδείγματος
2394 1850 2493 1911 δεῖ
2535 1847 2687 1911 τοὺς
2741 1847 3183 1927 διακρίνοντας
3239 1865 3288 1904 10

489 1962 551 2012 15
592 1948 709 2012 τὰς
750 1948 1049 2012 τοιαύτας
1095 1949 1555 2026 ςυνεμπτώςεις
1596 1952 1763 2033 τῷδε
1806 1954 1900 2033 τῷ
1947 1947 2124 2034 λόγῳ
2170 1951 2521 2028 κεχρῆςθαι.
2568 1984 2650 1994 -
2696 1947 3018 2013 ἀπόδειξις
3063 1946 3183 2013 οὖν

589 2050 773 2130 ἱκανὴ
826 2054 945 2114 τοῦ
1001 2049 1151 2114 καθ’
1207 2048 1322 2115 ἕνα
1368 2049 1786 2130 ςχηματιςμόν
1848 2050 2221 2131 ἐκφέρεςθαι
2277 2052 2357 2115 τὰ
2402 2050 2828 2132 ἐπιρρήματα,
2885 2048 3057 2113 ὅπου
3110 2069 3187 2124 γε

591 2152 694 2216 καὶ
736 2152 817 2216 τὰ
859 2151 1163 2231 πτωτικά,
1211 2151 1504 2218 ςύνταξιν
1551 2152 2043 2232 ἐπιρρηματικὴν
2091 2151 2552 2232 ἀναδεξάμενα,
2600 2152 2748 2217 καθ’
2795 2152 2909 2217 ἕνα
2955 2171 3186 2233 ςχημα-

593 2253 811 2334 τιςμόν
857 2252 1178 2332 ἐξηνέχθη.
1458 2314 1463 2324 ,

762 2352 901 2420 ‘wc
926 2356 998 2419 δὲ
1053 2355 1153 2418 καὶ
1196 2359 1539 2434 κατηγορεῖ
1575 2359 1710 2421 τῶν
1752 2354 1826 2421 ἐν
1866 2358 2004 2421 τοῖς
2048 2355 2312 2435 ρήμαςιν
2358 2354 2717 2432 ἐγκλίςεων,
2764 2357 2964 2436 ςαφὲς
2994 2353 3188 2421 πάλιν
3241 2370 3291 2410 1⁵

490 2470 559 2518 20
594 2458 696 2521 καὶ
751 2456 856 2521 διὰ
910 2460 1029 2520 τοῦ
1087 2457 1515 2536 προκειμένου
1571 2458 1801 2535 λόγου,
1860 2447 2337 2523 ἐνχοῖσπάντα
2386 2457 2467 2521 τὰ
2510 2459 2806 2544 πτωτικόιΒ
2850 2456 3186 2535 ἐπιθετικά,

593 2562 1078 2637 κατηγοροῦντα
1120 2557 1200 2621 ού
1230 2564 1361 2623 τῶν
1405 2558 1770 2639 ὀνομάτων,
1814 2563 1950 2624 τῶν
1993 2560 2065 2624 δὲ
2111 2558 2427 2638 ῥημάτων,
2475 2558 2867 2638 ἐπιρρήματα
2909 2558 3186 2634 ἐγένετο,

595 2660 698 2724 καὶ
752 2659 871 2737 τὴν
928 2659 1182 2724 τούτων
1240 2658 1523 2726 ἀκλιςίαν
1579 2660 1948 2739 ἀνεδέχετο.
2026 2661 2129 2724 καὶ
2187 2661 2268 2724 ὃν
2322 2659 2572 2739 τρόπον
2626 2659 2752 2725 ἐςτι
2809 2663 2924 2740 μὲν
2980 2659 3189 2740 ὄνομα
3240 2677 3295 2715 20

596 2762 820 2841 κύριον
865 2761 905 2840 ἢ
951 2761 1425 2841 προςηγορικόν
1471 2761 1800 2840 ἐπινοῆςαι
1844 2763 1926 2842 μὴ
1972 2762 2287 2828 ἀπαιτοῦν
2344 2760 2700 2828 ἐπιθετικόν
2758 2761 2997 2846 ὄνομα,
3053 2761 3188 2836 ἐπι-

599 2864 848 2929 θετικόν
892 2865 966 2927 δὲ
1010 2861 1221 2943 ὄνομα
1266 2864 1527 2929 πάντως
1572 2864 1890 2930 ἀπαιτοῦν
1937 2865 1990 2948 ᾧ
2036 2864 2369 2947 ἐπίκειται,
2424 2864 2826 2948 ἐξῃρημένων
2871 2869 3005 2930 τῶν
3063 2862 3190 2947 ἰδίᾳ

498 2977 565 3026 25
600 2964 1040 3045 τεταγμένων,
1111 2965 1282 3041 λέγω
1347 2970 1463 3030 τοῦ
1528 2966 2058 3047 τερπικέραυνος,
2138 2965 2567 3048 ἐννοςίγαιος,
2636 2966 2753 3032 τὸν
2820 2965 3023 3031 αὐτὸν
3091 2963 3194 3029 ἀεὶ

736 3199 953 3255 Anava.
1028 3204 1089 3252 19
1123 3197 1457 3254 Praedicare
1494 3198 1764 3254 adverbia.
1787 3199 2002 3269 aliquid
2027 3200 2097 3254 de
2122 3201 2322 3267 verbo,
2362 3201 2626 3269 apparet:
2663 3216 2796 3254 nam
2822 3215 3191 3269 quaecunque

603 3282 887 3339 adiectiva.
930 3282 1141 3351 aliquid
1185 3283 1518 3351 praedicant
1560 3300 1672 3338 non
1718 3284 1788 3338 de
1833 3283 2181 3351 nominibus,
2228 3284 2327 3340 sed
2372 3285 2442 3338 de
2479 3284 2691 3352 vex-bie,
2738 3283 3009 3338 adverbia
3042 3283 3197 3337 faeta

605 3369 750 3422 sunt.
822 3367 901 3421 Ut
934 3366 1277 3422 adieetivum
1311 3367 1534 3437 indiget
1564 3369 1817 3436 nomine,
1854 3384 2062 3425 nomen
2098 3370 2375 3426 adiectivo
2410 3385 2522 3423 non
2558 3369 2802 3438 indiget:
2839 3369 2923 3422 ita
2956 3367 3194 3422 verbum

603 3470 708 3522 per
742 3469 801 3507 se
838 3452 1012 3506 efficit
1045 3452 1411 3519 sententiam,
1450 3452 1782 3507 adverbium
1817 3471 1932 3508 non
1969 3455 2160 3513 efficit.

605 3579 685 3585 μ,-
722 3579 759 3584 —
806 3577 901 3584 0⁴-

743 3656 967 3713 Tnmu.
1030 3663 1061 3709 3
1087 3655 1268 3712 Schol.
1292 3655 1455 3710 Dion.
1481 3654 1610 3713 Thr.
1639 3655 1745 3710 BA
1769 3676 1826 3727 p.
1854 3664 1980 3727 932,
2004 3665 2035 3713 6
2060 3661 2159 3714 καὶ
2187 3661 2461 3714 τοσοῦτον
2488 3653 2696 3713 &uzani
2723 3656 2833 3713 εἰσι
2858 3654 2929 3713 τὰ
2969 3651 3194 3726 ἐπιρρή-

605 3762 786 3812 ματα,
833 3731 925 3796 gu
963 3741 1063 3795 καὶ
1100 3739 1171 3795 τοὶ
1207 3738 1465 3795 πτωτικά
1503 3736 1786 3810 ὀνόματα,
1823 3737 2001 3810 ἡνίκα
2035 3743 2313 3811 σύνταξιν
2338 3740 2794 3814 ἐπιρρηματικήν
2821 3738 3195 3810 ἄναδέξηται.

608 3822 842 3881 ἇπτωτα
895 3826 1053 3894 μένει
1109 3819 1182 3887 ὥς
1226 3820 1589 3894 ἐπιρρήματα
1645 3824 1945 3897 γενόμενα.
1995 3859 2064 3868 -
2119 3835 2182 3883 19
2225 3827 2358 3886 ibid.
2403 3846 2460 3898 p.
2506 3834 2631 3894 932,
2683 3835 2745 3882 13
2801 3828 3196 3898 κατηγοροῦσα

609 3906 741 3966 ἀντὶ
778 3906 879 3965 τοῦ
919 3906 1227 3980 τιθεμένη,
1277 3902 1358 3963 ἵν’
1406 3899 1442 3981 ᾖ
1488 3930 1553 3964 το
1594 3905 1726 3981 ἕξῆς
1762 3903 1970 3980 οὕτως,
2018 3911 2300 3984 τιθεμένη
2348 3911 2496 3967 κατὰ
2541 3915 2653 3967 τῶν
2692 3908 2755 3967 ἐν
2790 3918 2910 3975 τοῖς
2945 3907 3197 3982 ἆήμασιν

611 3993 945 4066 ἕγκλίσεων,
1002 3990 1209 4063 ἐπειδὴ
1255 3993 1358 4049 καὶ
1401 3993 1465 4049 τὰ
1512 3992 1799 4067 ἐπίρρημα
1842 3995 2217 4069 κατηγόρημᾶ
2264 4015 2445 4065 φασιν
2497 3994 2556 4051 οἷ
2598 3992 2960 4066 φιλόσοφοι.’
3018 3998 3118 4051 καὶ
3165 3988 3200 4053 ὅ

610 4080 717 4148 πέρ
763 4075 881 4135 ἔστι
925 4075 991 4133 τὰ
1030 4074 1311 4134 ἐπίθετον
1355 4073 1541 4151 ὄνομα
1577 4077 1639 4136 ἐν
1676 4089 1796 4145 τοῖς
1832 4076 2078 4153 ὀνόμασι
2113 4085 2275 4151 (δίχα
2312 4078 2423 4152 γὰρ
2465 4074 2646 4136 ἄλλου
2681 4074 2965 4152 ὀνόματος
3002 4077 3071 4137 οὖ
3110 4080 3198 4137 λε’-

611 4166 827 4235 γεται),
875 4166 1049 4219 τοῦτο
1107 4166 1207 4221 καὶ
1261 4159 1324 4219 τὸ
1371 4161 1658 4236 ἐπίρρημα
1703 4163 1765 4222 ἐν
1803 4174 1927 4231 τοῖς
1981 4164 2256 4236 ἆήμασιν·
2312 4163 2459 4222 ἄνευ
2505 4163 2615 4237 γὰρ
2662 4160 2918 4236 ἆήματος
2965 4161 3034 4222 οὗ
3072 4185 3200 4235 συγ·

611 4251 791 4305 κλείει
828 4242 1116 4304 διάνοιαν.

748 4472 933 4524 Dnscu.
969 4491 1171 4525 scmp‘r.
1243 4478 1291 4526 7.
1327 4474 1397 4526 τὸ
1431 4472 1574 4539 ταχύ
1612 4472 1676 4539 b,
1711 4489 1797 4526 τω
1833 4490 1977 4539 ταχυ
2013 4475 2057 4527 Α
2106 4475 2115 4539 Ι
2163 4478 2248 4539 τῷ
2285 4473 2352 4540 b,
2391 4491 2460 4528 το
2498 4476 2542 4528 Α
2581 4475 2591 4542 Ι
2634 4480 2711 4532 11.
2749 4476 2817 4528 τὸ
2853 4476 2914 4528 et
2948 4477 3200 4528 καλεῖται

617 4559 896 4625 ἐπίρρημα
929 4553 1168 4610 inseruit
1201 4556 1567 4610 RSkrzeczka
1595 4557 1605 4625 1
1640 4562 1718 4612 16.
1754 4563 1837 4626 τῷ
1877 4558 2055 4626 λόγῳ]
2095 4556 2189 4610 fol.
2232 4562 2326 4611 114
2351 4576 2402 4616 v.
2434 4563 2443 4627 Ι
2473 4559 2576 4612 οῦν
2613 4558 2703 4614 Ab
2740 4558 2800 4611 in
2834 4559 3021 4624 texta,
3070 4558 3200 4612 ‘for-

617 4642 764 4694 tasse
799 4640 911 4709 leg.
949 4645 1111 4706 γοῠν’
1147 4641 1184 4694 b
1220 4642 1279 4694 in
1316 4657 1430 4694 var.
1466 4640 1594 4695 lect.
1626 4645 1635 4708 Ι
1669 4646 1746 4699 16.
1785 4646 1995 4696 καθενα
2032 4658 2191 4695 evan.
2227 4642 2286 4695 in
2324 4646 2368 4698 A
2408 4647 2417 4711 Ι
2462 4648 2676 4699 16-17.
2714 4661 2778 4710 γε
2817 4661 2909 4698 και
2946 4660 3106 4701 evan.
3143 4644 3201 4698 in

618 4725 661 4779 A
695 4732 704 4791 Ι
737 4729 815 4778 19.
853 4742 923 4790 γο
958 4725 1017 4778 in
1053 4742 1351 4795 κατήγορει
1387 4742 1547 4780 evan.
1584 4724 1641 4778 in
1679 4727 1722 4781 A
1755 4729 1764 4796 Ι
1794 4732 1877 4779 20.
1913 4727 2043 4794 post
2079 4727 2267 4781 πάντα
2302 4743 2464 4782 evan.
2502 4744 2573 4781 τα
2608 4727 2667 4781 in
2704 4730 2748 4782 A
2781 4734 2790 4791 Ι
2820 4735 2901 4788 22,
2929 4745 3035 4797 την
3071 4729 3200 4783 ante

617 4825 844 4864 τουτων
879 4826 1039 4864 evan.
1076 4810 1135 4864 in
1170 4812 1213 4866 A
1245 4815 1257 4878 Ι
1285 4817 1367 4865 25.
1404 4810 1509 4879 ἀεὶ]
1548 4809 1764 4864 ‘Malim
1799 4812 1891 4879 δὴ’
1928 4809 1967 4864 b
2004 4811 2063 4865 in
2097 4827 2214 4869 var.
2251 4811 2380 4870 lect.
