3738 5530
682 360 769 423 44
1634 361 1817 413 ΠΕΡΙ
1850 359 2341 442 ΑΝᾞΩΝΤΜῙΑΣ

1554 483 1597 520 p.
1626 471 1678 512 55
1704 471 1816 519 (sis)
1844 473 1888 510 A
1916 470 1965 509 ιο
1992 490 2042 499 -
2068 470 2119 509 57
2145 470 2253 519 (ειη
2283 469 2321 509 1³
2348 471 2373 511 9
2399 470 2430 507 b

852 564 1208 645 (υμβέβηκε
1251 564 1474 629 τοίνυν
1517 567 1632 629 τὰς
1677 563 1809 629 ἀπὸ
1854 566 1989 629 τῶν
2033 562 2305 649 εὐθειῶν
2352 564 2599 642 δράςεις
2641 563 2974 641 μετιούςας
3017 563 3121 628 ἐπὶ
3161 564 3276 628 τὰς
3312 576 3358 629 Β

690 666 1004 743 πλαγίους
1047 667 1175 749 <ἢ>
1219 666 1289 731 ἑν
1336 667 1667 748 μεταβάςει
1713 667 2081 744 προςώπων
2128 667 2405 730 νοεῖςθαι
2450 665 2489 743 ἢ
2534 668 2693 731 κατὰ
2735 670 2854 730 τοῦ
2886 665 3087 731 αὐτοῦ
3118 686 3277 743 προ-

683 769 907 834 ςώπου
961 770 1076 848 τὴν
1144 770 1479 849 μετάβαςιν
1535 771 1868 833 ποιεῖςθαι.
1977 770 2093 832 τοῦ
2149 768 2263 846 μἐν
2321 766 2644 846 προτέρου
2701 768 3278 847 Ἀριςτοφάνης

682 871 1189 949 Ἀρίςταρχον
1249 870 1643 947 ἐδίδαξεν,
1702 869 1853 946 ἐγὼ
1912 870 1988 934 ςὲ
2043 867 2389 949 ἐτίμηςα,
2447 869 2530 933 ςὺ
2589 869 2759 947 ἐμοὶ
2804 869 3157 936 διελέξω·
3213 869 3277 949 (ἢ

621 994 652 1041 5
688 974 791 1037 καὶ
844 973 950 1037 διὰ
1002 971 1226 1050 μόνων
1269 975 1400 1036 τῶν
1447 971 1745 1051 ῥημάτων
1788 972 1828 1049 ἡ
1875 971 2093 1035 εὐθεῖα
2136 970 2458 1049 νοουμένη
2504 970 2730 1050 μέτειςι
2775 970 2969 1036 πάλιν
3017 970 3123 1035 ἐπὶ
3163 972 3278 1036 τὰς

682 1073 1023 1151 πλαγίους,
1070 1072 1331 1138 ἔδωκά
1377 1093 1529 1156 ςοι,
1578 1072 1895 1151 ἑτίμηςά
1937 1073 2074 1155 ςε·)
2129 1074 2248 1136 τοῦ
2294 1072 2366 1137 δὲ
2411 1073 2716 1150 δευτέρου
2760 1073 3055 1152 Φήμιος
3099 1072 3274 1136 ἑαυ·

680 1178 825 1241 τὸν
883 1174 1273 1240 ἐδίδαξεν·
1329 1173 1368 1253 ἡ
1419 1176 1546 1252 γὰρ
1602 1179 1716 1240 τοῦ
1776 1173 2088 1239 διδάςκειν
2144 1173 2476 1255 μετάβαςις
2520 1174 2640 1239 οὐκ
2683 1174 2804 1256 ἐφ’
2848 1174 3072 1253 ἕτερον
3117 1174 3273 1252 πρό-

685 1297 907 1343 ςωπον
986 1278 1292 1343 ςυντείνει
1357 1277 1395 1355 ἢ
1466 1276 1571 1341 ἐπὶ
1638 1276 1754 1341 τὸν
1820 1276 2100 1356 Φήμιον·
2163 1274 2346 1341 Αἴας
2413 1275 2698 1343 ἑαυτὸν
2764 1276 3271 1355 ἐχειρώςατο·
3312 1287 3355 1343 C

682 1378 877 1444 πάλιν
934 1379 1059 1456 γὰρ
1113 1379 1189 1443 τὸ
1248 1377 1630 1457 ἐχειρώςατο
1688 1378 1792 1442 ἐπὶ
1850 1379 1926 1442 τὸ
1970 1376 2124 1442 Αἴας
2176 1377 2616 1458 διαβιβάζεται.
2659 1412 2747 1425 -
2788 1378 2941 1442 Ταῖς
2995 1379 3110 1456 μὲν
3157 1376 3276 1442 οὖν

584 1504 647 1550 ιο
680 1481 1002 1546 τοιαύταις
1066 1480 1385 1546 ςυντάξεςι
1439 1480 1918 1558 παρακολουθεῖ
1972 1480 2077 1543 διὰ
2141 1483 2280 1558 μιᾶς
2347 1480 2451 1543 καὶ
2504 1483 2615 1556 τῆς
2669 1478 2867 1556 αὐτῆς
2920 1484 3149 1559 φωνῆς
3202 1481 3276 1544 τὸ

682 1583 1047 1662 διαβατικὸν
1103 1582 1458 1661 πρόςωπον
1515 1585 1758 1660 δηλοῦν
1812 1581 1917 1645 καὶ
1973 1582 2050 1646 τὸ
2108 1580 2487 1646 αὐτοπαθές.
2598 1581 2677 1645 τὰ
2735 1584 2899 1657 γοῦν
2954 1581 3277 1663 Ὁμηρικὰ,

686 1683 1128 1763 ἀρχαϊκώτερα
1172 1684 1362 1767 ὄντα,
1423 1682 1524 1747 ἀεὶ
1577 1682 1650 1748 ἐν
1705 1682 1943 1746 ἁπλαῖς
1997 1687 2135 1748 ταῖς
2180 1681 2605 1762 ἀντωνυμίαις
2650 1684 2754 1747 καὶ
2794 1684 2874 1748 τὰ
2919 1682 3280 1763 ἀμετάβατα

679 1794 813 1851 τῶν
858 1786 1233 1865 προςώπων
1292 1784 1423 1865 ἔχει
1469 1786 1570 1851 καὶ
1612 1786 1692 1850 τὰ
1736 1784 2144 1864 μεταβατικά·
2204 1784 2332 1864 ἐμὲ
2386 1784 2529 1863 γὰρ
2585 1785 2911 1863 λύςομαι
2958 1784 3050 1850 εἷς
3093 1786 3195 1849 καὶ
3238 1784 3276 1849 ὁ

683 1888 905 1972 αὐτός,
950 1888 1084 1967 ἐμὲ
1129 1889 1185 1953 δ’
1229 1887 1434 1965 ἔγνω
1464 1890 1923 1969 μεταβατικῶς,
1966 1887 2273 1967 (ἕτερος)
2303 1885 2341 1950 ὁ
2372 1884 2492 1969 [τε]
2525 1888 2831 1964 γνωςθεὶς
2853 1888 2956 1952 καὶ
2985 1886 3023 1952 ὁ
3051 1887 3268 1963 γνούς.
3308 1904 3375 1953 56
3401 1898 3448 1949 A

592 2010 651 2057 15
688 1989 952 2069 ὕςτερον
998 1990 1071 2055 δὲ
1112 1991 1226 2055 τὰς
1271 1989 1616 2072 ςυνθέτους
1646 1989 2373 2069 προςφιλοτεχνηθείςας
2404 1990 2786 2069 ςυμβέβηκεν
2817 1990 3275 2066 ἀπενέγκαςθαι

680 2094 796 2171 τὴν
842 2094 976 2157 τῶν
1023 2090 1445 2172 ἀμεταβάτων
1492 2093 1863 2170 προςώπων
1911 2091 2242 2171 ςημαςίαν,
2287 2090 2402 2156 τὰς
2448 2091 2520 2155 δὲ
2563 2090 2948 2156 ἀςυνθὲτους
2993 2092 3063 2157 έν
3095 2112 3277 2172 μετα-

683 2193 882 2273 βάςει·
928 2195 1030 2259 διὸ
1075 2194 1180 2258 καὶ
1223 2192 1614 2259 αὐτοπαθεῖς
1657 2194 1774 2258 τὰς
1820 2193 2162 2258 ςυνθὲτους
2204 2192 2370 2258 τινὲς
2403 2191 2738 2270 ἑκάλεςαν,
2786 2193 3174 2258 ἀλλοπαθεῖς
3206 2195 3277 2258 δὲ

678 2296 794 2360 τὰς
838 2295 1063 2361 ἁπλᾶς.

816 2516 1032 2572 Anava.
1118 2520 1142 2568 1
1193 2515 1359 2570 Actio
1405 2531 1550 2584 quae
1598 2530 1633 2569 a
1667 2514 1924 2568 subiecto
1959 2513 2332 2583 proficiscitur
2378 2515 2438 2568 et
2471 2514 2545 2567 ad
2581 2512 2865 2568 obiectum
2901 2515 3129 2581 transit,
3174 2519 3276 2569 aut

680 2599 749 2652 ad
787 2616 1086 2668 personam
1120 2601 1370 2669 pertinet
1404 2617 1438 2654 a
1473 2599 1727 2654 subiecto
1763 2600 2073 2665 diversam,
2122 2600 2222 2652 aut
2257 2598 2328 2652 ad
2364 2598 2678 2653 subiectum
2715 2599 2878 2653 redit.
2927 2630 2991 2639 —-
3036 2606 3069 2653 9
3105 2600 3272 2669 Apud

683 2684 990 2737 Homerum
1028 2684 1257 2752 quidem
1295 2684 1631 2754 pronomina
1665 2684 1944 2753 simplicia.
1978 2685 2039 2737 et
2073 2684 2366 2737 transitive
2414 2684 2473 2736 et
2515 2683 2869 2737 intransitive
2907 2686 3272 2753 usurpantur3

680 2765 777 2821 sed
830 2770 1031 2838 postea
1082 2770 1395 2839 composita
1452 2771 1686 2824 inventa
1745 2770 1900 2835 sunt,
1966 2785 2110 2837 quae
2174 2768 2439 2823 reflexive
2511 2768 2939 2835 adhibe-tentum
2999 2769 3276 2839 simplicia

680 2853 856 2922 igitur
890 2853 997 2906 hoc
1032 2853 1146 2908 iam
1183 2854 1291 2907 sibi
1325 2853 1642 2921 vindicant,
1681 2855 1746 2908 ut
1779 2854 2059 2909 actionem
2096 2852 2332 2907 transire
2368 2852 2700 2923 significent.

815 3037 1035 3094 Tusa-m.
1110 3046 1135 3092 1
1174 3039 1346 3094 Prisc.
1382 3039 1539 3107 XIII,
1566 3046 1631 3094 23
1667 3057 1721 3109 p.
1752 3042 1830 3106 15,
1862 3046 1895 3095 8
1919 3038 2092 3094 Hertz
2130 3041 2308 3095 evcnit
2343 3041 2513 3106 enim,
2551 3044 2616 3094 ut
2649 3056 2687 3094 a
2720 3041 3084 3096 nominativis
3118 3038 3275 3097 actus

671 3125 1081 3196 proficiscentes
1115 3125 1194 3178 ad
1228 3126 1473 3193 obliquos
1505 3125 1620 3179 sive
1654 3126 1717 3178 in
1751 3124 2085 3179 transitione
2109 3140 2478 3192 personarum
2513 3125 2911 3195 intelleqantur
2931 3128 3046 3182 sive
3069 3128 3133 3182 in
3155 3145 3273 3182 una

680 3207 977 3277 eademque
1002 3225 1264 3277 persona.
1344 3210 1409 3264 in
1444 3210 1802 3276 transitione,
1847 3215 1913 3263 ut
1949 3210 2369 3276 ‘Aristophanes
2404 3210 2786 3264 Aristarchum
2833 3211 3049 3279 docuit,
3094 3229 3186 3282 syo
3221 3219 3273 3268 te

680 3294 974 3361 honoravi,
1020 3299 1086 3349 tu
1126 3293 1264 3348 mihi
1309 3295 1564 3360 dixisti',·
1609 3299 1660 3347 et
1699 3309 1803 3362 per
1843 3294 1962 3348 sola
1998 3309 2208 3363 quoque
2239 3294 2404 3348 verba
2437 3295 2813 3349 nominativus
2845 3295 3188 3367 intelleyitur
3222 3303 3271 3352 ct

682 3367 885 3433 transit
905 3395 1104 3434 rursus
1126 3379 1202 3433 ad
1226 3379 1501 3448 obliquos,
1541 3379 1700 3433 ‘dedi
1721 3379 1850 3440 tibi,
1888 3379 2154 3433 honoravi
2189 3383 2280 3432 ιε’.
2326 3379 2391 3432 in
2425 3396 2542 3433 una
2580 3395 2790 3448 quoque
2826 3381 3117 3450 eademque
3141 3398 3269 3450 per-

678 3479 817 3517 sona
850 3464 949 3518 hoc
981 3464 1128 3519 idem
1160 3467 1252 3532 fit,
1287 3469 1351 3517 ut
1387 3464 1675 3519 ‘Phemius
1708 3480 1764 3518 se
1799 3463 2029 3530 docuit’,
2066 3463 2300 3518 docendi
2333 3464 2477 3518 enim
2508 3464 2770 3518 transitio
2804 3480 2919 3520 non
2940 3467 3018 3521 ad
3039 3466 3271 3521 aiteram

679 3549 744 3615 fit
768 3563 1093 3615 personam,
1135 3549 1231 3603 sed
1265 3550 1342 3602 ad
1386 3549 1570 3616 ipsum
1604 3548 1896 3604 Phemium
1931 3548 2330 3616 reciprocatur,
2375 3548 2556 3603 ‘Aiax
2587 3565 2645 3603 se
2678 3550 3008 3617 interfecit’,
3049 3568 3272 3605 rursum

681 3633 828 3687 enim
883 3632 1205 3699 ‘interfecit’
1250 3633 1330 3688 ad
1373 3634 1555 3701 ipsum
1592 3634 1817 3687 Aiacem
1862 3634 2255 3702 reciprocatur.
2336 3633 2712 3688 huiuscemodi
2753 3634 2932 3704 iyitur
2974 3637 3273 3690 structuris

675 3717 1099 3785 primitivorum
1123 3718 1517 3785 pronominum
1553 3734 1677 3772 cum
1708 3718 1887 3772 verbis
1921 3718 2155 3783 accidit,
2199 3733 2316 3771 una
2350 3717 2641 3786 cademque
2674 3734 2798 3772 voce
2833 3724 2884 3772 et
2918 3719 3273 3774 transitivum

677 3803 1057 3857 demonstrare
1082 3818 1377 3872 personam
1412 3809 1462 3857 et
1497 3804 1848 3870 reciprocam.
1909 3803 2063 3857 unde
2095 3802 2372 3857 Homerus
2406 3818 2633 3870 quoquc,
2668 3797 3028 3872 antiquitatis
3061 3810 3271 3870 auctor,

675 3887 741 3941 in
772 3886 1117 3954 simplicibus
1149 3903 1360 3956 semper
1384 3890 1809 3955 pronominibus
1844 3893 1896 3943 et
1929 3888 2323 3943 intransitivas
2349 3888 2544 3955 ponit,
2589 3893 2652 3942 ut
2689 3887 2899 3942 dictum
2936 3893 3043 3953 est,
3089 3904 3270 3956 perso-

674 3987 781 4026 nas
817 3979 866 4027 ce
896 3973 1257 4040 transitivas,
1305 3979 1368 4028 ut
1413 3969 1535 4043 ’ἐμὲ
1574 3969 1838 4041 λύσομαι’
1873 3988 1977 4040 pro
2013 3968 2289 4042 ἐμαυτόν,
2335 3988 2483 4026 unus
2527 3973 2672 4026 enim
2715 3978 2768 4027 ct
2810 3972 3273 4042 idem‚loquitur;

678 4054 778 4126 ἐμὲ
833 4061 1018 4112 autem
1071 4056 1213 4127 sym,
1266 4057 1583 4113 transitive.-
1635 4059 1778 4112 alter
1829 4058 1977 4111 enim
2034 4058 2285 4126 coqnovit
2338 4062 2389 4111 et
2432 4057 2574 4110 alter
2618 4063 2697 4111 est
2742 4057 3009 4127 coynitus.
3081 4063 3273 4125 postea

675 4141 925 4195 iuniores
966 4141 1192 4197 addide-
1219 4148 1321 4197 unt
1361 4144 1657 4210 composita
1691 4143 2058 4209 pronomina,
2111 4157 2252 4209 quae
2295 4140 2689 4196 intransitivas
2732 4141 3112 4212 siqnificarent
3148 4158 3273 4210 pcr-

674 4240 862 4291 sonas,
905 4225 1256 4294 simplic-itm
1299 4241 1426 4282 vero
1470 4228 1562 4281 usi
1604 4232 1734 4281 sumt
1776 4227 2108 4280 transitivis.
2183 4227 2372 4294 itaque
2407 4222 2769 4289 αὖτοπαθεῑς
2806 4227 3156 4294 compositas,
3208 4227 3275 4282 id

676 4314 753 4365 est
798 4310 974 4377 ‘ipsas
1017 4316 1240 4381 aqcntcs
1287 4311 1605 4380 easdemque
1644 4312 1946 4381 patientes’
1987 4311 2253 4365 disserunt
2259 4350 2278 4377 ,
2330 4309 2462 4363 illas
2511 4325 2664 4377 vcro,
2715 4311 2815 4365 hoc
2866 4316 2943 4366 est
2984 4311 3273 4378 simplices,

678 4388 1067 4462 αἰῑλοπαθεῖς,
1102 4396 1201 4451 hoc
1234 4400 1319 4452 cst.
1350 4397 1436 4450 ‘in
1470 4396 1616 4452 alias
1642 4396 1962 4464 passionem
1995 4395 2284 4484 facientes’
2320 4395 2761 4450 nominaverunt.

812 4598 996 4653 stcn.
1034 4618 1233 4653 somn.
1311 4607 1353 4657 1.
1395 4603 1736 4669 ςυμβεβηκεν
1774 4601 1816 4654 Α
1874 4602 1883 4667 Ι
1936 4605 1984 4655 2.
2021 4601 2056 4665 ἢ
2094 4600 2156 4653 ἐν
2191 4598 2254 4664 b,
2293 4615 2356 4653 εν
2394 4599 2436 4653 Α
2490 4599 2500 4666 Ι
2551 4603 2600 4653 6.
2638 4600 2854 4666 Φήμιος
2888 4599 2954 4666 b,
2993 4616 3165 4668 φημι·
3204 4616 3266 4656 ος

678 4686 720 4739 Α
771 4685 780 4752 Ι
833 4692 908 4738 10.
946 4689 1266 4741 ςυνταξεςιν
1295 4686 1337 4739 Α
1388 4687 1398 4752 Ι
1451 4690 1530 4741 12.
1557 4686 1645 4739 ἀεὶ
1679 4684 1746 4749 b,
1784 4701 1891 4738 αιει
1930 4686 1972 4739 Α
2003 4685 2013 4751 Ι
2045 4684 2254 4741 απλαῖς
2289 4684 2415 4739 ταῖς
2450 4685 2523 4749 Α,
2560 4686 2764 4737 ἁπλαῖς
2803 4685 2838 4737 b
2886 4686 2896 4752 Ι
2944 4690 3025 4740 13.
3065 4684 3144 4737 εἷς
3180 4686 3271 4738 καὶ

676 4768 741 4835 b,
795 4784 873 4822 εις
923 4785 1031 4836 γαρ
1086 4786 1175 4823 και
1221 4771 1296 4837 Α,
1352 4770 1513 4838 (non,
1569 4769 1637 4821 ut
1680 4768 1714 4822 b
1768 4769 1827 4822 in
1873 4785 1990 4828 var.
2040 4769 2168 4826 lect.
2215 4768 2413 4834 refert,
2470 4785 2549 4824 εις
2600 4772 2729 4834 γαρ)
2796 4770 2806 4836 Ι
2872 4775 2950 4824 14.
2996 4770 3189 4836 ἕτερος
3235 4770 3268 4822 ὀ

674 4852 1066 4919 RSkrzeczka,
1105 4855 1138 4909 6
1172 4871 1237 4911 τε
1274 4853 1369 4909 Ab
