3738 5530
121 11 149 231 ,σι-’.ε

107 258 145 432 j
1125 339 1223 389 DE
1262 338 1714 390 PRONOMINIS
1753 338 2295 391 APPELLA'HON!
2307 340 2460 392 BVS.

420 560 462 614 c
497 542 877 621 μαχόμενον.
977 544 1272 621 ἀόριετον
1337 544 1451 623 μὲν
1514 544 1638 621 γὰρ
1693 543 1768 607 τὸ
1823 541 2171 621 ἄνθρωπος
2226 543 2633 622 παρεγένετο.
2735 565 2761 605 τ

497 643 800 723 ἀναφορὰ
852 645 1152 719 γνώςεωε
1210 644 1702 724 προϋφεςτώςης
1758 643 1884 708 ἐςτὶ
1938 646 2307 723 ςημαντική.
2367 645 2442 708 τό
2498 647 2569 709 δὲ
2612 665 2761 720 γινω

497 746 766 825 ὥριςται.
842 750 986 811 πῶς
1016 745 1134 811 οὖν
1168 745 1519 824 ἀοριςτώδη
1550 745 1630 809 τὰ
1659 744 1891 824 ἄρθρα,
1924 744 2271 826 ἀναφορὰν
2304 747 2653 824 δηλοῦντα;
2702 747 2761 811 Ἀ

498 848 678 926 φήςει
707 868 797 911 τις
829 846 1090 927 ἀόριςτα
1114 846 1277 912 εἶναι
1301 848 1370 912 ἐν
1394 853 1483 930 τῷ
1508 846 1545 910 ὁ
1578 851 2046 925 περιπατῶν
2077 851 2406 912 κινεῖται
2433 850 2533 911 καὶ
2557 848 2626 912 ἐν
2651 851 2761 912 τοῑῚ

496 950 779 1028 φήςομεν
835 947 935 1013 ὅτι
990 952 1233 1026 μᾶλλον
1293 950 1609 1028 ὼριςμένα
1654 948 1961 1028 εἰρήςεται
2005 948 2136 1013 ἀπὸ
2181 954 2312 1014 τῶν
2358 950 2702 1030 ἀναφορὰν
2750 973 2761 1011 ι

496 1070 646 1117 των.
733 1051 910 1115 Ἴςως
957 1050 1077 1115 οὖν
1123 1052 1286 1129 πρὸς
1331 1054 1447 1129 τὴν
1493 1052 1804 1128 ςύγκριςιν
1849 1055 1979 1115 τῶν
2026 1049 2488 1132 ἀντωνυμιῶν,
2546 1052 2761 1115 πάντα

355 1169 458 1221 ΊΑ
496 1152 740 1232 μένων,
787 1156 989 1216 ταῦτα
1034 1153 1335 1217 ἐκάλεςαν
1382 1153 1756 1232 ἀοριςτώδη.

668 1253 937 1318 Κάκεῖνο
996 1255 1063 1318 δ’
1108 1254 1329 1332 εὔηθες
1393 1254 1469 1318 τὸ
1537 1253 1776 1329 λέγειν,
1843 1251 2047 1332 ἄρθρα
2105 1255 2249 1319 ἀντὶ
2303 1253 2754 1335 ἀντωνυμιῶν,

495 1361 684 1421 τοῦτο
729 1358 801 1421 ἓν
848 1357 1043 1435 μέρος
1087 1357 1304 1430 λόγου.
1354 1392 1431 1400 -
1479 1361 1744 1434 πρῶτον
1792 1354 1910 1419 οὐκ
1941 1354 2084 1418 εἴτι
2114 1355 2255 1420 ἀντί
2286 1376 2465 1420 τινος
2495 1360 2761 1435 παραλα]

498 1457 733 1523 εὐθέως
775 1458 1016 1522 ταύτὸν
1061 1458 1283 1541 ἐκείνῳ
1328 1456 1511 1522 ἐςτίν.
1600 1457 1740 1520 ἰδοὺ
1785 1458 1910 1534 γὰρ

1150 1559 1401 1636 Ἕκτορι
1445 1558 1562 1641 δίῳ
1607 1557 1686 1641 (Η
1736 1558 1844 1635 Ίό)

489 1663 632 1726 ἀντὶ
676 1664 793 1726 τοῦ
841 1661 1009 1740 ἐμοί,
1055 1661 1155 1725 καὶ
1201 1660 1280 1723 οὐ
1325 1660 1557 1736 ταύτό,
1603 1661 1703 1723 καὶ
1747 1661 1822 1724 τὸ

1154 1767 1378 1842 καρπῷ
1425 1763 1764 1842 βριθομένη
1810 1760 1894 1842 (Θ
1939 1761 2091 1845 3οῖ)

487 1865 627 1928 ἀντὶ
668 1869 786 1928 τοῦ
834 1865 1124 1944 βρίθεται.
1194 1866 1295 1927 καὶ
1341 1864 1379 1926 ὸ
1424 1863 1483 1927 εἴ
1525 1864 1905 1929 ςυναπτικός
1949 1865 2308 1943 ἰςοδυναμεῑ
2336 1870 2426 1948 τῷ
2459 1865 2761 1929 ἀκολουθι

396 1979 445 2032 Β
486 1965 919 2030 ἀκολουθεῖ
977 1971 1079 2048 τῷ
1137 1966 1433 2044 ἡμέραν
1480 1964 1689 2028 εἶναι
1737 1964 1856 2028 καὶ
1900 1970 2072 2044 φῶς
2118 1963 2326 2030 εἶναι
2375 2001 2449 2012 -
2500 1965 2563 2030 εἰ
2618 1966 2757 2043 ἡμέ

485 2073 658 2147 φῶς
704 2067 879 2131 ἑςτί.
927 2067 1034 2149 (τὸ
1079 2068 1201 2145 γὰρ

1467 2149 1505 2213 ὅ
1550 2171 1655 2226 μοι
1699 2150 1892 2229 γέρας
1935 2149 2186 2229 ἔρχεται
2235 2151 2311 2234 (Α
2362 2152 2507 2234 120)

487 2252 567 2317 οὐ
625 2253 884 2317 πάντως
940 2252 1182 2332 ἄρθρον
1230 2251 1374 2317 ἀντὶ
1427 2252 1765 2316 αἰτιώδους
1810 2253 2157 2330 ςυνδέςμου
2201 2257 2317 2317 τοῦ
2363 2253 2488 2317 ὅτι·
2546 2255 2694 2319 ἴςως
2749 2276 2761 2293 ·

487 2356 651 2434 κόπη
697 2354 735 2420 ὁ
778 2354 1122 2437 αἰτιώδης.)

658 2457 747 2520 Τὸ
801 2459 873 2520 δὲ
932 2456 1198 2520 πάντων
1253 2458 1496 2532 μεῖζον·
1554 2456 1832 2533 μεγάλην
1892 2454 2220 2520 ἄςθένειαν
2265 2457 2369 2520 διὰ
2414 2459 2529 2535 τὴν
2575 2457 2737 2521 ἰδίαν

488 2562 606 2622 τοῦ
661 2563 931 2635 ποιητοῦ
988 2558 1516 2633 καταγγέλλουςι,
1571 2556 1928 2635 φάςκοντες
1984 2562 2256 2621 τοςαῦτα
2313 2559 2594 2637 ςχήματα
2639 2558 2758 2635 ἄρθ

200 2671 242 2705 ⁸
488 2660 913 2739 ἀντωνυμιῶν
958 2659 1499 2739 παραλαμβάνειν.
1576 2659 1652 2721 τὸ
1698 2659 1820 2736 γὰρ
1866 2659 1948 2738 μὴ
1992 2660 2127 2721 ταῖς
2174 2661 2332 2723 κατὰ
2375 2660 2566 2739 φύςιν
2616 2661 2761 2724 λέξει

402 2785 447 2841 c
489 2769 628 2826 εθαι
681 2760 876 2826 κακία.
977 2761 1291 2840 Ἐλελήθει
1349 2757 1467 2825 οὖν
1525 2759 1762 2825 αὐτοὺς
1819 2761 1857 2840 ἡ
1916 2760 2260 2840 ὁμοφωνία
2313 2764 2447 2827 τῶν
2492 2759 2748 2841 ἄρθρων

487 2864 927 2943 ἀντωνυμιῶν.
1015 2864 1054 2941 ἡ
1099 2862 1220 2941 γὰρ
1265 2863 1647 2940 προκειμένη
1692 2865 2046 2941 παραγωγὴ
2093 2864 2182 2927 ὡς
2227 2862 2358 2928 ἀπὸ
2403 2868 2532 2928 τῶν
2578 2863 2761 2942 ἄρθρι

484 2966 724 3040 γίνεται
768 2968 886 3029 τοῦ
934 2963 1309 3044 ὁμοφωνεῑν
1353 2964 1431 3027 τὰ
1461 2963 1664 3043 ἄρθρα
1694 2967 1828 3028 ταῖς
1860 2963 2299 3043 ἀντωνυμίαις.
2366 2965 2419 3028 εἰ
2448 2967 2569 3043 γὰρ
2600 2967 2675 3030 τὸ
2706 2988 2761 3030 τι

487 3067 728 3146 ὄνομα,
761 3066 1066 3148 <καθότι>
1097 3066 1195 3128 καὶ
1226 3065 1302 3128 τὸ
1333 3064 1584 3142 τηλίκος
1616 3063 1826 3142 ὄνομα
1854 3069 1971 3129 τοῦ
2003 3065 2203 3130 αὐτοῦ
2233 3067 2729 3149 παραςτατικόν,

486 3168 588 3232 καὶ
631 3166 792 3249 <τὸ>
823 3168 1180 3246 τηλικόςδε,
1226 3166 1300 3230 τό
1325 3169 1477 3248 <τε>
1508 3171 1822 3244 τημοῦτος
1854 3167 1954 3230 καὶ
1983 3167 2059 3230 τὸ
2091 3168 2359 3245 τημόςδε
2391 3170 2761 3248 ἐπιρρήματι

485 3270 588 3332 καὶ
631 3268 706 3332 τὸ
750 3271 978 3348 τῆμος,
1024 3272 1367 3346 τηνικαῦτα
1413 3271 1512 3331 καὶ
1557 3268 1878 3345 τηνικάδε·
1929 3269 2118 3332 παντὶ
2148 3274 2486 3348 προῦπτον
2518 3270 2644 3348 ὅτι,
2692 3271 2746 3334 εἰ

624 3471 839 3522 Anava.
922 3475 951 3521 7
998 3468 1196 3537 Neque
1241 3467 1382 3523 illud
1429 3485 1621 3521 verum
1668 3469 1779 3534 est,
1833 3468 2125 3531 articulum
2175 3468 2325 3537 quod
2372 3471 2761 3538 pronominum

483 3557 718 3618 uantur,
764 3553 946 3607 eidem
997 3553 1266 3608 orationis
1313 3553 1462 3621 parti
1507 3552 1835 3606 tribuendos
1881 3569 2026 3606 esse:
2075 3570 2203 3606 nam
2252 3553 2518 3623 primum,
2564 3555 2610 3607 si
2646 3571 2759 3623 qua

484 3639 637 3691 inter
672 3655 731 3693 se
767 3640 1210 3700 commntantur,
1244 3653 1352 3690 non
1390 3640 1643 3706 sequitur
1680 3641 1743 3690 ut
1779 3637 1963 3692 eidem
2003 3638 2272 3692 orationis
2309 3638 2455 3707 parti
2492 3639 2761 3709 assignem<

489 3731 554 3777 19
593 3722 803 3776 Deinde
841 3738 1008 3776 voces
1045 3723 1194 3776 inter
1231 3739 1290 3776 ne
1327 3722 1580 3776 diversae
1615 3721 1814 3775 eadem
1840 3725 2022 3775 forma
2045 3722 2192 3776 haud
2222 3737 2347 3776 raro
2375 3725 2745 3790 proferuntur.

484 3812 592 3861 τοῦ
629 3808 772 3871 sim.,
810 3822 1148 3875 quamquam
1189 3807 1369 3860 forma.
1404 3806 1746 3859 conveniunt
1778 3824 1903 3861 cum
1942 3808 2217 3872 articulis,
2254 3808 2443 3860 tamen
2469 3809 2761 3877 pronomin

484 3892 640 3953 aunt,
679 3891 776 3944 ubi
812 3890 1208 3960 pronominum
1243 3892 1582 3959 potestatem
1619 3890 1848 3946 habent.

625 4060 807 4114 Dmcn.
845 4078 1038 4115 semp-r.
1114 4067 1158 4116 1.
1198 4060 1537 4129 μαχόμενον]
1577 4058 1775 4113 ‘Deest
1819 4061 2053 4115 fortasse
2101 4064 2305 4129 ἑαυτῷ.
2376 4061 2538 4115 Certe
2575 4062 2633 4114 in
2670 4062 2761 4116 cod

487 4160 600 4213 quo
626 4145 684 4198 id
712 4144 1044 4214 recipiatur,
1071 4142 1333 4212 spatium’
1360 4143 1399 4197 b
1427 4148 1482 4196 in
1509 4160 1624 4197 var.
1655 4144 1780 4197 lect..
1809 4142 2067 4214 Spatium
2095 4161 2255 4212 νει-ο,
2283 4148 2329 4199 si
2356 4146 2582 4215 quidem
2608 4146 2760 4215 aliqu

485 4230 723 4283 incisum
753 4228 1004 4283 indicare
1024 4231 1219 4282 monet
1234 4227 1587 4296 JGuttentag
1617 4232 1625 4294 1
1659 4230 2027 4297 παρεγένετο]
2052 4228 2418 4285 ‘Exciderunt
2434 4231 2572 4285 haec
2594 4231 2737 4285 fere:

484 4315 548 4369 δὲ
571 4316 640 4368 τὸ
665 4315 698 4368 ὁ
735 4315 1039 4381 ἄνθρωπος
1068 4316 1430 4381 παρεγένετο’
1458 4312 1495 4365 b
1531 4312 1588 4365 in
1614 4331 1725 4369 var.
1753 4314 1879 4367 leciz.
1899 4354 1913 4379 ,
1948 4316 2140 4369 οὐκέτι
2165 4317 2225 4369 δὲ
2250 4317 2320 4369 τὸ
2346 4318 2377 4369 ὁ
2402 4317 2704 4383 ἄνθρωπος
2732 4334 2761 4369 τι

484 4398 660 4452 adicit
691 4397 1049 4467 JGuttentag
1099 4403 1108 4464 Ι
1162 4404 1208 4451 2.
1235 4414 1272 4451 ν
1296 4401 1424 4465 post
1444 4413 1556 4451 εςτι
1582 4413 1722 4452 eras.
1747 4399 1804 4451 in
1831 4401 1876 4454 A
1932 4402 1939 4464 1
1993 4406 2040 4454 4.
2066 4416 2234 4467 φηςει
2258 4403 2330 4467 Α,
2357 4403 2552 4467 φήςειε
2580 4401 2615 4453 b
2664 4404 2673 4467 Ι
2727 4408 2757 4455 5

482 4482 552 4549 b,
587 4499 851 4551 οριςμενα
889 4485 931 4537 Α
981 4485 991 4550 Ι
1049 4487 1097 4540 8.
1134 4483 1382 4558 δἐυηθες
1421 4487 1490 4549 Α,
1527 4485 1590 4538 δὲ
1626 4484 1823 4551 εὔηθες
1861 4482 1898 4535 b
1947 4487 1955 4546 Ι
2009 4489 2084 4542 12.
2131 4501 2220 4538 και
2266 4502 2333 4539 ου
2368 4486 2546 4538 ταύτο
2585 4487 2654 4549 A,
2699 4501 2761 4537 on

482 4569 552 4621 τὸ
579 4568 643 4633 b,
681 4584 772 4621 και
811 4584 897 4620 τω
924 4569 967 4621 Α
1000 4571 1010 4634 Ι
1046 4574 1122 4620 15.
1163 4572 1243 4621 16.
1281 4585 1314 4620 ν
1337 4570 1466 4638 post
1498 4584 1610 4622 εςτι
1644 4567 1730 4619 bis
1755 4584 1879 4621 eras
1923 4568 1980 4621 in
2002 4570 2045 4622 A
2079 4573 2085 4632 !
2118 4576 2199 4622 21.
2238 4588 2270 4620 ν
2297 4571 2423 4637 post
2457 4573 2761 4635 καταγγελλ

484 4651 649 4712 ἱιιΑΙ
689 4657 757 4705 26
805 4653 1001 4705 καθότι
1040 4653 1132 4704 καὶ
1169 4651 1232 4716 b,
1270 4669 1358 4705 και
1397 4654 1600 4714 Α127.
1639 4655 1727 4705 καὶ
1767 4655 1837 4705 τὸ
1876 4652 1939 4717 b,
1978 4669 2069 4706 και
2105 4654 2148 4706 Α
2198 4656 2206 4718 Ι
2254 4655 2322 4706 τό
2359 4670 2422 4707 τε
2457 4652 2521 4717 b,
2558 4670 2627 4707 το
2664 4654 2761 4714 ΑΙ

485 4741 661 4791 καῡτα
698 4738 790 4790 καὶ
828 4736 1091 4803 τηνικάδε
1129 4738 1230 4812 abui:
1263 4734 1506 4790 delenda.
1542 4740 1662 4790 esse'
1698 4743 1891 4790 censet.
1926 4735 2174 4806 GUhlig,
2213 4738 2314 4790 aut
2347 4739 2425 4789 sic
2460 4736 2761 4808 supplenda

485 4827 791 4887 τηνικαῦτα
829 4822 921 4874 καὶ
957 4821 1239 4887 τηνικάδε,
1278 4822 1513 4889 (καθότι
1551 4823 1641 4875 καὶ
1681 4823 1749 4873 τὸ
1786 4821 2029 4889 τηνίκα)
