3738 5530
573 316 1015 373 Commentarius
1043 316 1270 371 criticus
1300 318 1359 370 et
1385 314 1707 385 exegeticus
1732 314 1795 369 in
1821 313 2111 384 Apollonii
2138 313 2369 383 Dyscoli
2396 313 2608 384 scripta
2633 313 2866 368 minore.
2947 312 3074 378 153

642 488 789 563 131,
806 489 891 547 20
920 482 1196 565 ἔφαμεν]
1226 484 1356 546 adv.
1393 485 1788 559 123,1-25.
1838 482 1924 543 of.
1947 487 2100 561 synt.
2126 485 2566 561 203,7—2o4,
2586 486 2684 544 11.
2723 485 2869 561 247,
2892 486 3072 561 22sq.

645 578 895 653 131,22
943 571 1315 655 ἀπεδείχθη]
1365 576 1496 635 adv.
1541 576 1987 650 129‚16—21.

643 668 789 742 131,
810 667 892 726 23
941 664 1064 726 Ska
1109 665 1171 724 Π
1220 667 1329 739 24,
1387 667 1625 742 recepte.
1669 666 1865 742 priore
1914 662 2352 738 emendatione,
2405 663 2492 722 sic
2535 663 2659 722 fere
2703 663 2758 721 h.
2806 665 2844 722 1.
2893 665 3077 724 verffit

462 759 532 816 ut
572 775 681 816 nos
726 757 1037 816 vei-timum
1100 750 1268 814 ‘aber
1312 773 1373 813 es
1418 756 1502 814 ist
1546 754 1698 814 auch
1742 754 1992 833 gezeigt,
2037 752 2168 812 dass
2215 753 2319 812 der
2356 752 2624 811 Infinitiv
2668 753 2806 812 kein
2836 753 3074 814 Modus-

460 846 817 907 verhaltniss
862 845 1218 919 bezeichneiz,
1264 844 1518 904 sondern
1556 844 1653 903 die
1689 844 2058 921 Benennung
2095 836 2360 919 (ὄνομα)
2397 843 2561 902 einer
2597 842 2926 921 Handlung
2969 844 3075 902 ist:

462 934 597 995 dem
642 929 852 1011 ὄνομα
897 935 1038 994 aber
1083 933 1396 994 verbindet
1448 934 1575 994 sich
1620 932 1727 992 das
1771 931 2038 991 Verbum
2091 932 2260 991 mehr
2307 925 2577 1011 [rectiusz
2636 932 2924 993 vielmehr
2969 933 3075 992 dae

462 1025 726 1085 Verbum
770 1026 893 1085 scil.
924 1023 1047 1083 und
1089 1023 1257 1083 nicht
1300 1023 1409 1083 das
1445 1017 1861 1101 AdverbiumJ,
1908 1023 2020 1081 wie
2067 1021 2180 1080 den
2225 1021 2419 1082 Modis
2465 1021 2567 1081 des
2612 1022 2779 1082 verbi
2824 1023 2919 1082 die
2955 1022 3074 1082 Ad-

462 1114 683 1175 verbia.
775 1107 948 1196 (Also
995 1113 1146 1173 wird
1191 1112 1290 1173 δεῖ
1333 1113 1430 1173 ein
1475 1113 1738 1173 Verbum
1784 1102 1982 1192 sein.)'
2073 1110 2285 1190 Uhlig,
2340 1115 2577 1171 servata
2632 1111 2848 1172 codicis
2895 1113 3076 1189 scrip-

463 1207 617 1280 tura,
658 1204 815 1263 hanc
858 1204 1023 1265 elicit
1065 1204 1448 1263 sententiam:
1495 1197 1661 1262 ‘eber
1706 1202 1858 1261 auch
1903 1202 2011 1261 das
2048 1200 2250 1260 wurde
2296 1201 2551 1280 gezeigt:
2596 1202 2663 1260 in
2700 1220 2766 1261 so
2803 1203 2931 1261 fern
2977 1194 3077 1284 (ἐν

465 1288 560 1354 οἷς
606 1293 677 1353 cf.
728 1293 858 1353 adv.
912 1294 1057 1368 138,
1078 1285 1191 1373 28)
1247 1293 1342 1352 die
1387 1292 1689 1352 Infinitive
1719 1338 1731 1350 .
1764 1338 1775 1349 .
1809 1337 1851 1367 .,
1911 1290 2044 1350 sind
2091 1291 2176 1351 sie
2220 1291 2388 1351 nicht
2432 1290 2653 1350 einmal
2697 1291 2880 1350 verba
2909 1338 2920 1349 .
2954 1338 2966 1350 .
2998 1338 3009 1349 .
3045 1337 3078 1366 .‚

465 1382 720 1443 sondern
759 1429 772 1442 .
812 1430 824 1442 .
865 1377 903 1442 .'
985 1382 1227 1443 KLehrs
1272 1383 1337 1441 in
1382 1382 1536 1442 Ann.
1574 1383 1693 1442 litt.
1731 1381 1863 1465 Jen.
1908 1382 2078 1440 1879
2125 1400 2182 1456 p.
2226 1383 2351 1440 224
2409 1381 2493 1440 sic
2549 1380 2781 1441 scribit:
2848 1375 3076 1441 εἈλλὰ

464 1469 567 1533 καὶ
601 1472 798 1533 τοῦτο
837 1466 1181 1547 ἀπεδείχθη
1221 1467 1293 1532 έν
1330 1465 1427 1533 οἷς
1464 1470 1738 1547 ψυχικῆς
1773 1465 2243 1547 παρεμφάςεως
2279 1465 2360 1544 ἧν
2398 1465 2739 1546 ἐμφατικά·
2806 1466 2887 1530 τὰ
2916 1465 3076 1549 <δὲ>

465 1556 901 1638 ἀπαρέμφατα
937 1558 1092 1622 οὐδὲ
1130 1557 1380 1637 ῥήματα
1418 1557 1751 1633 ἐγκλίςεως
1789 1556 2237 1636 μεμοιραμένα,
2275 1555 2566 1634 ὀνόματα
2606 1557 2679 1620 δὲ
2708 1559 2841 1620 τῶν
2871 1575 3075 1634 πραγ-

466 1647 709 1726 μάτων·
767 1650 902 1712 τοῑς
939 1648 1011 1712 δὲ
1048 1646 1171 1712 κτὲ.
1200 1652 1286 1711 sic
1320 1655 1477 1711 recte
1516 1650 1806 1711 emendat.
1836 1648 2098 1709 ostendit
2124 1650 2199 1709 et.
2229 1650 2346 1710 sch.
2377 1650 2549 1709 Dion.
2589 1670 2645 1727 p.
2678 1644 2849 1710 883?
2914 1649 3077 1708 Indi-

464 1761 598 1802 care
623 1741 861 1801 videtur
886 1741 942 1799 h.
971 1740 1226 1800 maxime
1252 1742 1290 1800 1.
1311 1732 1887 1821 (883,24=72,29
1908 1730 2101 1820 Hilg.)
2131 1735 2291 1800 αὐτὸ
2320 1736 2396 1799 τὸ
2426 1733 2898 1814 ἀπαρέμφατον
2926 1733 3076 1800 ὄνο-

465 1827 551 1905 μά
580 1827 707 1892 ἐςτι
734 1830 852 1892 τοῦ
880 1826 1257 1905 πράγματος
1292 1826 1396 1890 καὶ
1434 1826 1594 1891 αὐτὸ
1624 1826 1906 1905 ςημαίνει
1943 1826 2019 1889 τὸ
2056 1827 2319 1904 πρᾶγμα
2354 1826 2431 1890 τὸ
2461 1825 2649 1903 μήπω
2681 1824 2957 1903 ἐμπεςὸν
2986 1824 3077 1890 εἰς

465 1918 725 1995 ψυχήν.
757 1967 769 1979 .
801 1967 859 1980 ..
906 1919 1038 1980 πᾶν
1083 1917 1157 1980 δὲ
1211 1918 1473 1994 πρᾶγμα
1527 1916 1791 1995 μηδέπω
1848 1915 2043 1979 ἐλθὸν
2089 1914 2180 1979 εἰς
2234 1915 2452 1993 ψυχὴν
2507 1914 2625 1992 τὴν
2671 1913 3079 1994 πράττουςαν

465 2006 651 2081 αὐτό,
709 2004 822 2070 ἅτε
877 2006 955 2083 δὴ
1015 2004 1275 2083 ἄψυχον
1333 2003 1429 2081 ὄν,
1485 2006 1763 2083 ψυχικὴν
1821 2004 2121 2084 βούληςιν
2166 2004 2285 2069 οὐκ
2344 2004 2654 2084 ἐμφαίνει.
2730 2003 2837 2068 διὰ
2881 2007 3078 2069 τοῦτο

464 2096 685 2160 τοίνυν
731 2096 1010 2174 ψυχικὴν
1065 2093 1341 2159 διάθεςιν
1388 2094 1466 2158 οὐ
1514 2097 1701 2172 δηλοῖ
1744 2094 1827 2158 τὰ
1873 2093 2323 2173 ἀπαρέμφατα.
2407 2096 2522 2156 Sed
2570 2098 2714 2173 quid
2768 2098 2913 2157 haec
2967 2099 3081 2158 sibi

464 2190 675 2247 volunt
720 2183 916 2248 Ἀλλὰ
961 2184 1063 2248 καὶ
1108 2186 1305 2248 τοῦτο
1352 2183 1698 2262 ἀπεδείχθη
1747 2183 1818 2247 ἐν
1861 2181 1960 2248 οἷς
2006 2186 2279 2261 ψυχικῆς
2324 2182 2798 2262 παρεμφάςεως
2843 2182 2924 2261 ἧν
2972 2181 3078 2261 ἐμ-

464 2273 746 2353 φατικάῖ
808 2277 967 2336 Nam
1005 2272 1076 2338 ἐν
1113 2271 1210 2337 οἶς
1253 2296 1378 2337 esse
1423 2280 1624 2353 potest
1660 2271 1847 2354 ‘quia’
1887 2277 1985 2336 vel
2022 2271 2384 2353 ‘quatenus'‚
2430 2276 2526 2335 vel
2564 2270 2746 2335 ‘cum'
2786 2268 3082 2359 (‘indem'‚

466 2366 938 2427 GFSchoemann
976 2385 1170 2443 opusc.
1199 2366 1288 2425 IV
1319 2358 1496 2448 250),
1532 2366 1635 2427 sed
1680 2362 1781 2427 ὅτι
1816 2367 1915 2426 vel
1952 2362 2041 2427 ὡς
2086 2366 2567 2426 coniunctionum
2604 2366 2735 2426 loco
2775 2369 2916 2443 post
2951 2386 3079 2425 ver·

468 2455 607 2517 bum
663 2452 1009 2532 ἀπεδείχθη
1068 2456 1215 2532 poni
1267 2457 1493 2533 nequit.
1583 2455 1832 2516 Accedit
1886 2455 2044 2533 quod
2099 2475 2218 2515 non
2278 2458 2531 2532 apparet
2584 2455 2656 2515 de
2710 2475 2829 2532 quo
2888 2474 3080 2515 sermo
3171 2481 3176 2485 ·

465 2547 575 2606 sit:
622 2546 694 2606 de
741 2543 860 2621 χρή
900 2548 960 2606 et
1005 2545 1103 2606 δεῖ
1146 2548 1305 2606 cert-e
1353 2548 1453 2625 egi
1495 2565 1616 2607 non
1661 2548 1890 2623 potest3
1934 2566 2075 2605 nam
2121 2544 2223 2604 ubi
2259 2546 2593 2622 expositum
2640 2547 2731 2605 est
2775 2564 2846 2605 ea
2891 2561 3080 2620 ψυχι-

466 2634 578 2709 κῆς
625 2630 1094 2711 παρεμφάςεως
1141 2631 1459 2711 ἑμφατικὰ
1504 2633 1671 2697 esse?

647 2726 793 2801 131,
815 2726 1075 2786 23--24
1123 2724 1386 2786 Schoem.
1425 2724 1489 2786 11
1526 2727 1564 2785 8
1597 2751 1681 2774 =
1711 2744 1909 2803 opusc.
1946 2724 2035 2784 IV
2085 2726 2213 2786 250
2261 2719 2332 2785 ἐν
2380 2718 2477 2786 οἶς
2523 2727 2723 2786 servat
2777 2724 3079 2803 explicans

464 2810 731 2890 ‘indem’‚
775 2815 986 2875 deinde
1029 2817 1100 2874 ut
1145 2814 1269 2874 ska
1314 2819 1453 2875 ante
1497 2811 1578 2890 ἦν
1622 2816 1834 2877 inserit
1867 2810 2096 2895 <οὐκ>;
2145 2810 2299 2874 ‘iam
2334 2834 2474 2874 vero
2510 2816 2917 2892 proximorum
2952 2836 3079 2875 ver-

463 2904 674 2966 borum
717 2905 946 2965 nullam
992 2906 1487 2965 constructionem
1533 2924 1659 2966 esse
1706 2908 1976 2983 apparet,
2019 2905 2137 2964 nisi
2180 2905 2480 2965 inseratur
2522 2904 2858 2966 infinitivus
2901 2899 3080 2977 εἶναι,

462 2995 723 3072 pendens
766 2994 871 3054 ille
918 3013 955 3054 a
999 2995 1178 3054 verbo
1225 2989 1596 3070 ἀπεδείχθη,
1644 2995 1745 3055 sed
1792 3014 1829 3053 a
1874 2995 2136 3055 librariis
2183 2996 2463 3070 omissuS,
2507 2995 2667 3054 inber
2715 2989 2967 3070 ῥήματα
3020 2999 3083 3055 et

466 3078 841 3156 ἐγκλίςεως’.

647 3175 793 3249 131,
816 3173 895 3233 25
945 3168 1217 3245 ἔγκλιςιν
1261 3174 1385 3233 h.1.
1422 3174 1587 3233 modi
1630 3192 1750 3234 non
1795 3174 2070 3249 formam,
2116 3173 2218 3233 sed
2263 3173 2387 3234 vim
2433 3192 2504 3234 ac
2547 3174 2853 3235 notionem
2898 3174 3082 3253 signi-

463 3263 638 3323 ficare
684 3264 886 3323 monet
922 3262 1044 3323 ska
1070 3263 1127 3319 V
1158 3265 1193 3323 6
1224 3284 1280 3323 n.
1320 3295 1409 3305 —
1443 3260 1953 3340 Praepositionem
1998 3259 2085 3336 ἐν,
2135 3282 2314 3340 quam
2363 3261 2836 3324 GFSchoemann
2883 3283 3078 3323 emen·

464 3352 660 3413 dando
712 3354 1002 3412 removeri
1058 3352 1276 3427 voluit,
1329 3352 1489 3412 haud
1534 3372 1671 3413 raro
1718 3352 1793 3412 ab
1838 3351 1951 3430 Ap.
2000 3373 2135 3413 cum
2179 3353 2402 3413 talibus
2447 3353 2643 3413 verbis
2691 3353 2896 3430 qualia
2940 3356 3082 3412 sunt

465 3436 784 3502 ςυντάςςω
830 3437 1210 3516 παράκειμαι
1256 3438 1689 3518 παρονομάζω
1737 3444 2017 3520 coniungi
2062 3443 2268 3502 monui
2315 3441 2392 3502 ad
2436 3461 2603 3520 pron.
2645 3444 2704 3518 3,
2727 3444 3006 3502 16-19,

645 3531 777 3590 Hoc
811 3532 978 3591 modo
1016 3534 1189 3592 etiam
1224 3533 1403 3592 verba
1437 3534 1709 3606 cupiendi
1749 3550 1882 3592 omn
1927 3534 2238 3605 infinitivis
2282 3536 2715 3601 construwntur,
2761 3550 2906 3594 nam
2950 3550 3084 3591 oum

463 3622 815 3681 volumtatem
856 3622 1127 3690 indicent,
1174 3624 1457 3681 actionem
1488 3639 1609 3682 non
1643 3623 2016 3696 siqnififcmm
2059 3624 2145 3681 ita
2181 3623 2250 3695 fit
2292 3626 2359 3681 ut
2403 3625 2552 3682 actio
2588 3640 2739 3696 quae
2774 3623 2932 3682 deest
2973 3639 3081 3681 suo

462 3712 695 3769 nomme
738 3711 1069 3784 designetur
1115 3703 1178 3791 (i.
1211 3730 1256 3770 e.
1302 3710 1618 3787 infinitivo,
1664 3712 1726 3770 in
1774 3711 1940 3770 cuius
1987 3713 2181 3770 locum
2229 3711 2410 3770 etiam
2458 3713 2899 3772 substantivum
2945 3710 3081 3771 sub-

465 3800 637 3858 stitui
690 3790 931 3881 potest).
979 3831 1068 3841 —
1112 3800 1590 3861 Demonstratwm
1639 3802 1821 3875 iyitur
1876 3805 1982 3870 est,
2044 3800 2144 3861 δεῖ
2197 3805 2249 3860 et
2304 3796 2423 3876 χρή
2478 3819 2597 3860 non
2652 3801 3078 3870 adverbiorum,

463 3889 565 3948 sed
609 3890 914 3948 vorborwm
958 3892 1432 3949 constructionem
1473 3890 1685 3950 habore
1734 3891 1881 3963 132,
1901 3891 2135 3949 3—14.

648 3979 852 4053 132,3
901 3974 981 4037 τὰ
1024 3973 1466 4058 προαιρετικά]
1514 3979 1587 4038 cf.
1627 3978 1757 4038 adv.
1802 3982 2072 4054 129,10.

648 4069 897 4142 132,oe
947 4063 1018 4129 έν
1064 4069 1157 4149 τῷ
1202 4064 1349 4142 περὶ
1394 4063 1777 4146 ςυντάξεως]
1826 4071 1984 4146 synt.
2026 4070 2175 4149 228,
2198 4071 2280 4129 24
2302 4087 2427 4147 sqq.
2446 4062 2507 4151 ¹⁸¹)
2560 4069 2875 4146 285,9sq.

638 4254 684 4324 ¹⁸)
733 4257 879 4323 synt.
918 4260 1040 4323 237,
1062 4261 1127 4309 17
1174 4260 1264 4311 καὶ
1306 4258 1450 4325 τάχα
1493 4259 1562 4311 τὸ
1607 4259 2225 4325 παρακινδυνευόμενον
2277 4260 2419 4313 εἶναι
2465 4259 2741 4327 ἐπίρρημα
2788 4257 2927 4329 (scil.
2975 4259 3080 4329 δεῖ)

464 4328 690 4383 ἔνδειξιν
727 4327 924 4395 ίκανὴν
958 4332 1062 4382 τοῦ
1101 4329 1242 4383 εἶναι
1278 4331 1427 4397 ῥῆμα
1462 4329 1763 4398 παρίςτηςι,
1800 4331 1868 4383 τὸ
1898 4331 1959 4384 δὲ
1991 4331 2232 4398 γράφειν
2267 4332 2769 4398 παρεκινδυνεύετο
2808 4330 2864 4384 εἰ
2902 4333 3081 4399 ῥῆμα

462 4399 567 4466 ἦνε
622 4398 863 4452 fortasse
899 4397 982 4452 sic
1028 4398 1384 4454 scribendum
1430 4401 1767 4469 ἐπίρρημα
1805 4402 1997 4455 εἶναι.
2038 4433 2105 4440 —-
2144 4400 2284 4455 Ibid.
2325 4406 2448 4469 237,
2469 4407 2536 4454 24
2574 4403 2708 4456 οὐδὲ
2753 4403 2861 4471 γὰρ
2899 4403 3080 4457 ἐκεῖνό

463 4487 664 4538 φαμεν,
717 4473 795 4525 ὡς
840 4471 911 4525 τὰ
957 4473 1031 4538 μὴ
1077 4473 1493 4540 προςειληφότα
1539 4473 1680 4527 κατὰ
1722 4474 1857 4526 τοὺς
1902 4475 2345 4541 παρῳχημένου(
2390 4479 2525 4527 τῶν
2572 4473 2810 4540 χρόνων
2857 4473 3077 4543 (corrig.

460 4543 582 4595 τὸν
618 4542 860 4610 χρόνον)
898 4544 1022 4608 οὐχὶ
1067 4544 1287 4610 ῥήματά
1324 4543 1434 4597 ἑςτι
1472 4562 1518 4598 κ.
1543 4560 1592 4597 τ.
1622 4547 1668 4598 λ.
1709 4574 1777 4584 -
1813 4542 1957 4598 Ibid.
1997 4548 2205 4606 238,21
2256 4548 2347 4599 καί
2383 4546 2452 4611 δὴ
2500 4544 2802 4613 παρείπετο
2838 4550 2922 4614 τῷ
2962 4550 3079 4612 χρῶ

461 4615 771 4680 παραγωγὴ
809 4618 912 4667 τοῦ
951 4618 1118 4681 χρῆμι
1153 4613 1372 4683 (corrig.
1412 4613 1539 4686 (ἡ)
1573 4620 1677 4670 τοῦ
1717 4620 1900 4683 χρῆμι,
1940 4613 2007 4668 cl.
2047 4614 2171 4669 adv.
2205 4619 2404 4684 133,4;
2453 4614 2568 4668 Ska
2604 4615 2682 4668 ῙΠ
2721 4621 2752 4668 2
2788 4617 2857 4670 τὸ
2895 4621 3078 4685 χρῆμι,

461 4697 574 4737 non
608 4685 798 4755 recte).
837 4715 905 4725 —
939 4683 1082 4737 Ibid.
1113 4689 1235 4751 241,
1258 4688 1324 4739 16
1360 4688 1468 4752 τὴν
1504 4687 1913 4755 ἐμφερομένην
1949 4684 2327 4756 (scribendum
2364 4688 2823 4757 ἐπιφερομένην)
2861 4688 2923 4742 ἐν
2957 4694 3079 4743 ταῖς

462 4755 787 4810 ὑπολοίποις
824 4756 1096 4821 ἐγκλίςεςι.
1127 4788 1196 4797 —-
1233 4755 1374 4809 Ibid.
1408 4761 1530 4824 242,
1549 4763 1583 4810 4
1619 4757 1762 4812 haec
1799 4759 1902 4812 κᾶν
1938 4759 2046 4825 γὰρ
2074 4758 2164 4812 ἐπὶ
2199 4760 2422 4812 τούτων
2456 4761 2563 4825 τὴν
2600 4759 2907 4826 αἰτιατικὴν
2943 4760 3079 4814 ὑπο-

462 4828 699 4882 ςτέλλειν
737 4828 899 4896 ἐθέλῃ
945 4844 1027 4881 τις
1062 4833 1133 4897 τῇ
1172 4829 1372 4896 δεούςῃ
1411 4829 1683 4897 ςυντάξει,
1735 4831 2011 4896 ὁμόλογος
2057 4830 2206 4884 ἔςται
2248 4836 2319 4898 τῇ
2366 4831 2625 4900 λειπούςῃ
2673 4829 2944 4899 αἰτιατικῇ
2997 4829 3079 4884 sic

462 4897 697 4952 emendo
735 4917 782 4953 κ.
812 4915 863 4963 γ.
895 4899 937 4953 ἑ.
975 4916 1025 4953 τ.
1059 4916 1107 4953 τ.
1147 4898 1219 4953 αἰ.
1293 4900 1643 4955 ὑποςτέλλειν
1688 4899 2078 4970 (supprimere)
2116 4902 2278 4970 ἐθέλῃ
2320 4918 2427 4968 τις,
2472 4907 2544 4970 τῇ
2591 4903 2791 4970 δεούςῃ
2831 4903 3080 4958 ςυντάξει

460 4970 735 5037 ὁμόλογος
772 4971 918 5025 ἔςται
954 4973 990 5038 ἡ
1030 4971 1325 5026 λείπουςα
1363 4970 1649 5039 αἰτιατική.
1680 5002 1748 5012 -
1775 4971 1918 5026 Ibid.
1940 4976 2063 5040 242,
2083 4977 2152 5028 24
2189 4989 2291 5041 pro
2328 4974 2560 5042 φέρεται
2594 4974 2703 5041 γὰρ
2740 4970 2827 5027 ἐπ’
2854 4972 3079 5030 αἰτιατι-
