<?xml version="1.0" encoding="UTF-8"?>
<!DOCTYPE html PUBLIC "-//W3C//DTD XHTML 1.0 Transitional//EN"
    "http://www.w3.org/TR/xhtml1/DTD/xhtml1-transitional.dtd">
<html xmlns="http://www.w3.org/1999/xhtml" xml:lang="en" lang="en">
 <head>
  <title>
</title>
<meta http-equiv="Content-Type" content="text/html;charset=utf-8" />
  <meta name='ocr-system' content='tesseract 3.04.00' />
  <meta name='ocr-capabilities' content='ocr_page ocr_carea ocr_par ocr_line ocrx_word'/>
</head>
<body>
  <div class='ocr_page' id='page_1' title='image "./grammaticigraec00unkngoog_0427.png"; bbox 0 0 3738 5530; ppageno 0'>
   <div class='ocr_carea' id='block_1_1' title="bbox 544 368 3031 440">
    <p class='ocr_par' dir='ltr' id='par_1_1' title="bbox 544 368 3031 440">
     <span class='ocr_line' id='line_1_1' title="bbox 544 368 3031 440; baseline -0.001 -14"><span class='ocrx_word' id='word_1_1' title='bbox 544 369 985 427; x_wconf 84' lang='lat' dir='ltr'><strong>Commentarius</strong></span> <span class='ocrx_word' id='word_1_2' title='bbox 1012 369 1239 426; x_wconf 82' lang='lat' dir='ltr'><strong>criticus</strong></span> <span class='ocrx_word' id='word_1_3' title='bbox 1269 372 1328 426; x_wconf 91' lang='lat' dir='ltr'><strong>et</strong></span> <span class='ocrx_word' id='word_1_4' title='bbox 1353 369 1673 440; x_wconf 75' lang='lat' dir='ltr'><strong>exegeticus</strong></span> <span class='ocrx_word' id='word_1_5' title='bbox 1699 369 1761 424; x_wconf 88' lang='lat' dir='ltr'><strong>in</strong></span> <span class='ocrx_word' id='word_1_6' title='bbox 1788 368 2076 440; x_wconf 81' lang='lat' dir='ltr'><strong>Apollonii</strong></span> <span class='ocrx_word' id='word_1_7' title='bbox 2101 368 2331 439; x_wconf 79' lang='lat' dir='ltr'><strong>Dyscoli</strong></span> <span class='ocrx_word' id='word_1_8' title='bbox 2357 368 2568 440; x_wconf 84' lang='lat' dir='ltr'><strong>scripta</strong></span> <span class='ocrx_word' id='word_1_9' title='bbox 2593 368 2825 424; x_wconf 86' lang='lat' dir='ltr'><strong>minora.</strong></span> <span class='ocrx_word' id='word_1_10' title='bbox 2905 369 3031 435; x_wconf 84' lang='lat'><strong>139</strong></span> 
     </span>
    </p>
   </div>
   <div class='ocr_carea' id='block_1_2' title="bbox 395 535 3040 5092">
    <p class='ocr_par' dir='ltr' id='par_1_2' title="bbox 425 535 3040 1424">
     <span class='ocr_line' id='line_1_2' title="bbox 426 535 3034 618; baseline 0 -18"><span class='ocrx_word' id='word_1_11' title='bbox 426 542 683 617; x_wconf 89' lang='lat' dir='ltr'><strong>primum</strong></span> <span class='ocrx_word' id='word_1_12' title='bbox 742 539 900 618; x_wconf 90' lang='lat' dir='ltr'><strong>quod</strong></span> <span class='ocrx_word' id='word_1_13' title='bbox 958 535 1060 600; x_wconf 84' lang='grc' dir='ltr'>καί</span> <span class='ocrx_word' id='word_1_14' title='bbox 1117 540 1414 616; x_wconf 86' lang='lat' dir='ltr'><strong>particula</strong></span> <span class='ocrx_word' id='word_1_15' title='bbox 1471 558 1589 599; x_wconf 91' lang='lat' dir='ltr'><strong>non</strong></span> <span class='ocrx_word' id='word_1_16' title='bbox 1649 541 1729 601; x_wconf 87' lang='lat' dir='ltr'><strong>sit</strong></span> <span class='ocrx_word' id='word_1_17' title='bbox 1787 542 1956 616; x_wconf 87' lang='lat' dir='ltr'><strong>apta:</strong></span> <span class='ocrx_word' id='word_1_18' title='bbox 2015 540 2183 600; x_wconf 86' lang='lat' dir='ltr'><strong>cuius</strong></span> <span class='ocrx_word' id='word_1_19' title='bbox 2238 541 2326 599; x_wconf 90' lang='lat' dir='ltr'><strong>rei</strong></span> <span class='ocrx_word' id='word_1_20' title='bbox 2384 558 2532 617; x_wconf 85' lang='lat' dir='ltr'><strong>quas</strong></span> <span class='ocrx_word' id='word_1_21' title='bbox 2592 557 2801 600; x_wconf 87' lang='lat' dir='ltr'><strong>causas</strong></span> <span class='ocrx_word' id='word_1_22' title='bbox 2861 539 3034 600; x_wconf 86' lang='lat' dir='ltr'><strong>affert</strong></span> 
     </span>
     <span class='ocr_line' id='line_1_3' title="bbox 427 622 3030 708; baseline 0.001 -20"><span class='ocrx_word' id='word_1_23' title='bbox 427 630 483 688; x_wconf 74' lang='lat' dir='ltr'><strong>h.</strong></span> <span class='ocrx_word' id='word_1_24' title='bbox 521 630 559 688; x_wconf 93' lang='lat' dir='ltr'><strong>l.</strong></span> <span class='ocrx_word' id='word_1_25' title='bbox 596 632 861 708; x_wconf 89' lang='lat' dir='ltr'><strong>repetere</strong></span> <span class='ocrx_word' id='word_1_26' title='bbox 906 628 1271 706; x_wconf 83' lang='lat' dir='ltr'><strong>supersedeo.</strong></span> <span class='ocrx_word' id='word_1_27' title='bbox 1346 623 1728 704; x_wconf 78' lang='lat' dir='ltr'><strong>‘Praeterea&#39;,</strong></span> <span class='ocrx_word' id='word_1_28' title='bbox 1772 629 1988 706; x_wconf 88' lang='lat' dir='ltr'><strong>inquit,</strong></span> <span class='ocrx_word' id='word_1_29' title='bbox 2033 622 2131 688; x_wconf 75' lang='lat' dir='ltr'><strong>‘ne</strong></span> <span class='ocrx_word' id='word_1_30' title='bbox 2168 631 2377 706; x_wconf 92' lang='lat' dir='ltr'><strong>aptum</strong></span> <span class='ocrx_word' id='word_1_31' title='bbox 2421 628 2660 706; x_wconf 88' lang='lat' dir='ltr'><strong>quidem</strong></span> <span class='ocrx_word' id='word_1_32' title='bbox 2704 631 2796 690; x_wconf 87' lang='lat' dir='ltr'><strong>est</strong></span> <span class='ocrx_word' id='word_1_33' title='bbox 2840 648 3030 690; x_wconf 87' lang='lat' dir='ltr'><strong>exem-</strong></span> 
     </span>
     <span class='ocr_line' id='line_1_4' title="bbox 426 718 3031 797; baseline 0 -19"><span class='ocrx_word' id='word_1_34' title='bbox 426 720 607 796; x_wconf 90' lang='lat' dir='ltr'><strong>plum.</strong></span> <span class='ocrx_word' id='word_1_35' title='bbox 681 719 839 779; x_wconf 85' lang='lat' dir='ltr'><strong>Nam</strong></span> <span class='ocrx_word' id='word_1_36' title='bbox 874 737 1009 778; x_wconf 91' lang='lat' dir='ltr'><strong>cum</strong></span> <span class='ocrx_word' id='word_1_37' title='bbox 1054 721 1233 779; x_wconf 87' lang='lat' dir='ltr'><strong>antea</strong></span> <span class='ocrx_word' id='word_1_38' title='bbox 1268 723 1613 797; x_wconf 76' lang='lat' dir='ltr'><strong>exponatur,</strong></span> <span class='ocrx_word' id='word_1_39' title='bbox 1658 722 1709 779; x_wconf 88' lang='lat' dir='ltr'><strong>si</strong></span> <span class='ocrx_word' id='word_1_40' title='bbox 1747 736 1917 779; x_wconf 88' lang='lat' dir='ltr'><strong>casus</strong></span> <span class='ocrx_word' id='word_1_41' title='bbox 1954 718 2229 795; x_wconf 87' lang='lat' dir='ltr'><strong>obliquus</strong></span> <span class='ocrx_word' id='word_1_42' title='bbox 2275 718 2547 793; x_wconf 84' lang='lat' dir='ltr'><strong>addatur,</strong></span> <span class='ocrx_word' id='word_1_43' title='bbox 2595 719 2671 778; x_wconf 89' lang='lat' dir='ltr'><strong>ad</strong></span> <span class='ocrx_word' id='word_1_44' title='bbox 2714 719 2871 778; x_wconf 88' lang='lat' dir='ltr'><strong>hunc</strong></span> <span class='ocrx_word' id='word_1_45' title='bbox 2905 737 3031 779; x_wconf 86' lang='lat' dir='ltr'><strong>esse</strong></span> 
     </span>
     <span class='ocr_line' id='line_1_5' title="bbox 428 808 3032 885; baseline -0 -16"><span class='ocrx_word' id='word_1_46' title='bbox 428 811 677 869; x_wconf 76' lang='lat' dir='ltr'><strong>actionis</strong></span> <span class='ocrx_word' id='word_1_47' title='bbox 722 809 1162 884; x_wconf 73' lang='lat' dir='ltr'><strong>transitionem,</strong></span> <span class='ocrx_word' id='word_1_48' title='bbox 1215 811 1279 868; x_wconf 91' lang='lat' dir='ltr'><strong>in</strong></span> <span class='ocrx_word' id='word_1_49' title='bbox 1323 809 1435 869; x_wconf 88' lang='lat' dir='ltr'><strong>hoc</strong></span> <span class='ocrx_word' id='word_1_50' title='bbox 1481 808 1765 885; x_wconf 85' lang='lat' dir='ltr'><strong>exemplo,</strong></span> <span class='ocrx_word' id='word_1_51' title='bbox 1811 827 1946 867; x_wconf 91' lang='lat' dir='ltr'><strong>cum</strong></span> <span class='ocrx_word' id='word_1_52' title='bbox 1991 809 2230 885; x_wconf 87' lang='lat' dir='ltr'><strong>passiva</strong></span> <span class='ocrx_word' id='word_1_53' title='bbox 2274 810 2438 868; x_wconf 85' lang='lat' dir='ltr'><strong>notio</strong></span> <span class='ocrx_word' id='word_1_54' title='bbox 2482 811 2654 883; x_wconf 88' lang='lat' dir='ltr'><strong>insit,</strong></span> <span class='ocrx_word' id='word_1_55' title='bbox 2709 808 2785 867; x_wconf 90' lang='lat' dir='ltr'><strong>ad</strong></span> <span class='ocrx_word' id='word_1_56' title='bbox 2830 826 3032 868; x_wconf 81' lang='lat' dir='ltr'><strong>casum</strong></span> 
     </span>
     <span class='ocr_line' id='line_1_6' title="bbox 426 897 3032 975; baseline 0 -17"><span class='ocrx_word' id='word_1_57' title='bbox 426 901 654 958; x_wconf 85' lang='lat' dir='ltr'><strong>rectum</strong></span> <span class='ocrx_word' id='word_1_58' title='bbox 699 901 804 958; x_wconf 90' lang='lat' dir='ltr'><strong>est.</strong></span> <span class='ocrx_word' id='word_1_59' title='bbox 896 897 1086 968; x_wconf 83' lang='lat' dir='ltr'><strong>Quam</strong></span> <span class='ocrx_word' id='word_1_60' title='bbox 1132 900 1312 958; x_wconf 90' lang='lat' dir='ltr'><strong>activi</strong></span> <span class='ocrx_word' id='word_1_61' title='bbox 1357 901 1420 956; x_wconf 90' lang='lat' dir='ltr'><strong>in</strong></span> <span class='ocrx_word' id='word_1_62' title='bbox 1466 900 1768 975; x_wconf 86' lang='lat' dir='ltr'><strong>passivum</strong></span> <span class='ocrx_word' id='word_1_63' title='bbox 1814 899 2205 958; x_wconf 76' lang='lat' dir='ltr'><strong>mutationem</strong></span> <span class='ocrx_word' id='word_1_64' title='bbox 2251 900 2303 958; x_wconf 89' lang='lat' dir='ltr'><strong>si</strong></span> <span class='ocrx_word' id='word_1_65' title='bbox 2348 897 2702 974; x_wconf 82' lang='lat' dir='ltr'><strong>Apollonius</strong></span> <span class='ocrx_word' id='word_1_66' title='bbox 2746 898 2857 958; x_wconf 89' lang='lat' dir='ltr'><strong>hoc</strong></span> <span class='ocrx_word' id='word_1_67' title='bbox 2900 898 3032 958; x_wconf 92' lang='lat' dir='ltr'><strong>loco</strong></span> 
     </span>
     <span class='ocr_line' id='line_1_7' title="bbox 428 987 3033 1064; baseline 0 -17"><span class='ocrx_word' id='word_1_68' title='bbox 428 988 635 1048; x_wconf 86' lang='lat' dir='ltr'><strong>afferre</strong></span> <span class='ocrx_word' id='word_1_69' title='bbox 681 988 988 1063; x_wconf 87' lang='lat' dir='ltr'><strong>voluisset,</strong></span> <span class='ocrx_word' id='word_1_70' title='bbox 1042 987 1202 1047; x_wconf 88' lang='lat' dir='ltr'><strong>haud</strong></span> <span class='ocrx_word' id='word_1_71' title='bbox 1256 988 1432 1048; x_wconf 88' lang='lat' dir='ltr'><strong>dubie</strong></span> <span class='ocrx_word' id='word_1_72' title='bbox 1487 990 1595 1048; x_wconf 89' lang='lat' dir='ltr'><strong>aut</strong></span> <span class='ocrx_word' id='word_1_73' title='bbox 1638 990 1815 1047; x_wconf 89' lang='lat' dir='ltr'><strong>antea</strong></span> <span class='ocrx_word' id='word_1_74' title='bbox 1859 990 1924 1047; x_wconf 89' lang='lat' dir='ltr'><strong>in</strong></span> <span class='ocrx_word' id='word_1_75' title='bbox 1969 989 2309 1048; x_wconf 87' lang='lat' dir='ltr'><strong>universum</strong></span> <span class='ocrx_word' id='word_1_76' title='bbox 2356 990 2463 1048; x_wconf 87' lang='lat' dir='ltr'><strong>aut</strong></span> <span class='ocrx_word' id='word_1_77' title='bbox 2514 1006 2671 1048; x_wconf 88' lang='lat' dir='ltr'><strong>nunc</strong></span> <span class='ocrx_word' id='word_1_78' title='bbox 2715 987 2790 1047; x_wconf 90' lang='lat' dir='ltr'><strong>ad</strong></span> <span class='ocrx_word' id='word_1_79' title='bbox 2836 989 3033 1064; x_wconf 86' lang='lat' dir='ltr'><strong>ipsum</strong></span> 
     </span>
     <span class='ocr_line' id='line_1_8' title="bbox 428 1070 3034 1155; baseline 0 -19"><span class='ocrx_word' id='word_1_80' title='bbox 428 1079 760 1155; x_wconf 85' lang='lat' dir='ltr'><strong>exemplum</strong></span> <span class='ocrx_word' id='word_1_81' title='bbox 813 1070 1202 1155; x_wconf 85' lang='lat' dir='ltr'><strong>explicasset’.</strong></span> <span class='ocrx_word' id='word_1_82' title='bbox 1301 1075 1471 1147; x_wconf 84' lang='lat' dir='ltr'><strong>Quod</strong></span> <span class='ocrx_word' id='word_1_83' title='bbox 1526 1080 1941 1155; x_wconf 74' lang='lat' dir='ltr'><strong>argumentum</strong></span> <span class='ocrx_word' id='word_1_84' title='bbox 1993 1095 2234 1154; x_wconf 85' lang='lat' dir='ltr'><strong>prorsus</strong></span> <span class='ocrx_word' id='word_1_85' title='bbox 2288 1077 2462 1136; x_wconf 85' lang='lat' dir='ltr'><strong>nihili</strong></span> <span class='ocrx_word' id='word_1_86' title='bbox 2521 1078 2637 1137; x_wconf 82' lang='lat' dir='ltr'><strong>est:</strong></span> <span class='ocrx_word' id='word_1_87' title='bbox 2700 1078 3034 1155; x_wconf 88' lang='lat' dir='ltr'><strong>exemplum</strong></span> 
     </span>
     <span class='ocr_line' id='line_1_9' title="bbox 427 1162 3031 1243; baseline 0 -17"><span class='ocrx_word' id='word_1_88' title='bbox 427 1169 584 1226; x_wconf 91' lang='lat' dir='ltr'><strong>enim</strong></span> <span class='ocrx_word' id='word_1_89' title='bbox 630 1168 880 1227; x_wconf 89' lang='lat' dir='ltr'><strong>allatum</strong></span> <span class='ocrx_word' id='word_1_90' title='bbox 926 1166 1282 1227; x_wconf 79' lang='lat' dir='ltr'><strong>antecedunt</strong></span> <span class='ocrx_word' id='word_1_91' title='bbox 1316 1167 1499 1227; x_wconf 90' lang='lat' dir='ltr'><strong>verba</strong></span> <span class='ocrx_word' id='word_1_92' title='bbox 1541 1164 1643 1227; x_wconf 83' lang='grc' dir='ltr'>καὶ</span> <span class='ocrx_word' id='word_1_93' title='bbox 1691 1162 1794 1227; x_wconf 82' lang='grc' dir='ltr'><strong>ἐπὶ</strong></span> <span class='ocrx_word' id='word_1_94' title='bbox 1840 1166 2187 1241; x_wconf 84' lang='grc' dir='ltr'>παθητικῆς</span> <span class='ocrx_word' id='word_1_95' title='bbox 2233 1162 2587 1238; x_wconf 79' lang='grc' dir='ltr'>διαθέςεως,</span> <span class='ocrx_word' id='word_1_96' title='bbox 2634 1166 2848 1243; x_wconf 87' lang='lat' dir='ltr'><strong>quibus</strong></span> <span class='ocrx_word' id='word_1_97' title='bbox 2885 1168 3031 1226; x_wconf 84' lang='lat' dir='ltr'><strong>satis</strong></span> 
     </span>
     <span class='ocr_line' id='line_1_10' title="bbox 425 1254 3040 1335; baseline 0 -21"><span class='ocrx_word' id='word_1_98' title='bbox 425 1256 724 1316; x_wconf 87' lang='lat' dir='ltr'><strong>indicatur</strong></span> <span class='ocrx_word' id='word_1_99' title='bbox 759 1277 879 1334; x_wconf 91' lang='lat' dir='ltr'><strong>qua</strong></span> <span class='ocrx_word' id='word_1_100' title='bbox 914 1257 984 1315; x_wconf 89' lang='lat' dir='ltr'><strong>de</strong></span> <span class='ocrx_word' id='word_1_101' title='bbox 1032 1275 1209 1316; x_wconf 90' lang='lat' dir='ltr'><strong>causa</strong></span> <span class='ocrx_word' id='word_1_102' title='bbox 1254 1258 1364 1316; x_wconf 89' lang='lat' dir='ltr'><strong>hoc</strong></span> <span class='ocrx_word' id='word_1_103' title='bbox 1408 1257 1740 1334; x_wconf 83' lang='lat' dir='ltr'><strong>exemplum</strong></span> <span class='ocrx_word' id='word_1_104' title='bbox 1786 1257 2012 1317; x_wconf 86' lang='lat' dir='ltr'><strong>afferat.</strong></span> <span class='ocrx_word' id='word_1_105' title='bbox 2087 1254 2329 1333; x_wconf 88' lang='lat' dir='ltr'><strong>Optimo</strong></span> <span class='ocrx_word' id='word_1_106' title='bbox 2364 1258 2555 1335; x_wconf 85' lang='lat' dir='ltr'><strong>igitur</strong></span> <span class='ocrx_word' id='word_1_107' title='bbox 2597 1259 2726 1316; x_wconf 89' lang='lat' dir='ltr'><strong>iure</strong></span> <span class='ocrx_word' id='word_1_108' title='bbox 2761 1255 3040 1334; x_wconf 83' lang='lat' dir='ltr'><strong>Egenolff</strong></span> 
     </span>
     <span class='ocr_line' id='line_1_11' title="bbox 425 1345 3031 1424; baseline 0 -20"><span class='ocrx_word' id='word_1_109' title='bbox 425 1345 513 1404; x_wconf 81' lang='lat' dir='ltr'><strong>lv</strong></span> <span class='ocrx_word' id='word_1_110' title='bbox 557 1348 638 1405; x_wconf 84' lang='lat'><strong>47</strong></span> <span class='ocrx_word' id='word_1_111' title='bbox 687 1348 1000 1424; x_wconf 86' lang='lat' dir='ltr'><strong>profitetur</strong></span> <span class='ocrx_word' id='word_1_112' title='bbox 1043 1365 1105 1405; x_wconf 89' lang='lat' dir='ltr'><strong>se</strong></span> <span class='ocrx_word' id='word_1_113' title='bbox 1152 1348 1409 1421; x_wconf 86' lang='lat' dir='ltr'><strong>omnine,</strong></span> <span class='ocrx_word' id='word_1_114' title='bbox 1455 1366 1558 1406; x_wconf 91' lang='lat' dir='ltr'><strong>cur</strong></span> <span class='ocrx_word' id='word_1_115' title='bbox 1603 1347 1937 1424; x_wconf 87' lang='lat' dir='ltr'><strong>exemplum</strong></span> <span class='ocrx_word' id='word_1_116' title='bbox 1981 1346 2132 1405; x_wconf 89' lang='lat' dir='ltr'><strong>illud</strong></span> <span class='ocrx_word' id='word_1_117' title='bbox 2178 1345 2463 1421; x_wconf 89' lang='lat' dir='ltr'><strong>deleatur,</strong></span> <span class='ocrx_word' id='word_1_118' title='bbox 2508 1365 2625 1405; x_wconf 94' lang='lat' dir='ltr'><strong>non</strong></span> <span class='ocrx_word' id='word_1_119' title='bbox 2670 1345 3031 1424; x_wconf 83' lang='lat' dir='ltr'><strong>intellegere.</strong></span> 
     </span>
    </p>

    <p class='ocr_par' dir='ltr' id='par_1_3' title="bbox 424 1429 3038 3750">
     <span class='ocr_line' id='line_1_12' title="bbox 607 1429 3033 1513; baseline 0.001 -20"><span class='ocrx_word' id='word_1_120' title='bbox 607 1434 722 1494; x_wconf 83' lang='lat' dir='ltr'><strong>Sed</strong></span> <span class='ocrx_word' id='word_1_121' title='bbox 767 1436 830 1495; x_wconf 91' lang='lat' dir='ltr'><strong>in</strong></span> <span class='ocrx_word' id='word_1_122' title='bbox 876 1438 960 1496; x_wconf 88' lang='lat' dir='ltr'><strong>eis</strong></span> <span class='ocrx_word' id='word_1_123' title='bbox 1005 1455 1158 1512; x_wconf 86' lang='lat' dir='ltr'><strong>quae</strong></span> <span class='ocrx_word' id='word_1_124' title='bbox 1212 1438 1541 1513; x_wconf 88' lang='lat' dir='ltr'><strong>sequuntur</strong></span> <span class='ocrx_word' id='word_1_125' title='bbox 1583 1455 1791 1495; x_wconf 88' lang='lat' dir='ltr'><strong>verum</strong></span> <span class='ocrx_word' id='word_1_126' title='bbox 1845 1435 1998 1495; x_wconf 91' lang='lat' dir='ltr'><strong>vidit</strong></span> <span class='ocrx_word' id='word_1_127' title='bbox 2049 1435 2336 1495; x_wconf 73' lang='lat' dir='ltr'><strong>Matthias</strong></span> <span class='ocrx_word' id='word_1_128' title='bbox 2387 1437 2532 1510; x_wconf 82' lang='lat'><strong>120,</strong></span> <span class='ocrx_word' id='word_1_129' title='bbox 2554 1439 2585 1495; x_wconf 96' lang='lat'>1</span> <span class='ocrx_word' id='word_1_130' title='bbox 2638 1430 2734 1495; x_wconf 84' lang='grc' dir='ltr'><strong>Τὰ</strong></span> <span class='ocrx_word' id='word_1_131' title='bbox 2780 1432 2857 1508; x_wconf 89' lang='grc' dir='ltr'><strong>δὴ</strong></span> <span class='ocrx_word' id='word_1_132' title='bbox 2913 1429 3033 1495; x_wconf 85' lang='grc' dir='ltr'><strong>οὖν</strong></span> 
     </span>
     <span class='ocr_line' id='line_1_13' title="bbox 433 1519 3030 1601; baseline -0.001 -16"><span class='ocrx_word' id='word_1_133' title='bbox 433 1521 716 1585; x_wconf 88' lang='grc' dir='ltr'>πτωτικὰ</span> <span class='ocrx_word' id='word_1_134' title='bbox 761 1521 878 1599; x_wconf 82' lang='grc' dir='ltr'>τὴν</span> <span class='ocrx_word' id='word_1_135' title='bbox 924 1522 1226 1599; x_wconf 84' lang='grc' dir='ltr'>τοιαύτην</span> <span class='ocrx_word' id='word_1_136' title='bbox 1264 1522 1553 1587; x_wconf 78' lang='grc' dir='ltr'>ςύνταξιν</span> <span class='ocrx_word' id='word_1_137' title='bbox 1600 1522 1761 1601; x_wconf 87' lang='grc' dir='ltr'>πρὸς</span> <span class='ocrx_word' id='word_1_138' title='bbox 1808 1521 1888 1586; x_wconf 86' lang='grc' dir='ltr'>τὰ</span> <span class='ocrx_word' id='word_1_139' title='bbox 1929 1520 2219 1599; x_wconf 88' lang='grc' dir='ltr'>ὀνόματα</span> <span class='ocrx_word' id='word_1_140' title='bbox 2264 1522 2344 1598; x_wconf 88' lang='grc' dir='ltr'><strong>μὴ</strong></span> <span class='ocrx_word' id='word_1_141' title='bbox 2393 1520 2850 1599; x_wconf 84' lang='grc' dir='ltr'>ἀναδεξάμενοι,</span> <span class='ocrx_word' id='word_1_142' title='bbox 2898 1519 3030 1584; x_wconf 82' lang='grc' dir='ltr'>ἑπι-</span> 
     </span>
     <span class='ocr_line' id='line_1_14' title="bbox 433 1609 3033 1692; baseline 0 -19"><span class='ocrx_word' id='word_1_143' title='bbox 433 1611 690 1689; x_wconf 85' lang='grc' dir='ltr'>κείμενα</span> <span class='ocrx_word' id='word_1_144' title='bbox 734 1612 807 1675; x_wconf 79' lang='grc' dir='ltr'><strong>δὲ</strong></span> <span class='ocrx_word' id='word_1_145' title='bbox 861 1615 996 1676; x_wconf 89' lang='grc' dir='ltr'>τοῖς</span> <span class='ocrx_word' id='word_1_146' title='bbox 1051 1610 1330 1689; x_wconf 83' lang='grc' dir='ltr'>ῥήμαςιν,</span> <span class='ocrx_word' id='word_1_147' title='bbox 1388 1610 1551 1690; x_wconf 88' lang='grc' dir='ltr'>ἅπερ</span> <span class='ocrx_word' id='word_1_148' title='bbox 1598 1632 1648 1674; x_wconf 89' lang='grc' dir='ltr'><strong>κ.</strong></span> <span class='ocrx_word' id='word_1_149' title='bbox 1679 1632 1714 1675; x_wconf 89' lang='grc' dir='ltr'><strong><em>τ</em></strong></span> <span class='ocrx_word' id='word_1_150' title='bbox 1744 1613 1796 1674; x_wconf 81' lang='grc' dir='ltr'><strong>λ.</strong></span> <span class='ocrx_word' id='word_1_151' title='bbox 1889 1609 1999 1673; x_wconf 81' lang='lat' dir='ltr'><strong>‘At</strong></span> <span class='ocrx_word' id='word_1_152' title='bbox 2043 1633 2335 1692; x_wconf 82' lang='lat' dir='ltr'><strong>quaenam</strong></span> <span class='ocrx_word' id='word_1_153' title='bbox 2381 1609 2642 1687; x_wconf 86' lang='grc' dir='ltr'>τοιαύτη</span> <span class='ocrx_word' id='word_1_154' title='bbox 2697 1613 3033 1674; x_wconf 87' lang='grc' dir='ltr'>πτωτικῶν</span> 
     </span>
     <span class='ocr_line' id='line_1_15' title="bbox 428 1699 3032 1779; baseline -0.001 -15"><span class='ocrx_word' id='word_1_155' title='bbox 428 1699 591 1778; x_wconf 86' lang='grc' dir='ltr'>πρὸς</span> <span class='ocrx_word' id='word_1_156' title='bbox 656 1699 735 1763; x_wconf 87' lang='grc' dir='ltr'>τὰ</span> <span class='ocrx_word' id='word_1_157' title='bbox 799 1699 1089 1779; x_wconf 87' lang='grc' dir='ltr'>ὀνόματα</span> <span class='ocrx_word' id='word_1_158' title='bbox 1151 1699 1434 1766; x_wconf 77' lang='grc' dir='ltr'>ςύνταξις</span> <span class='ocrx_word' id='word_1_159' title='bbox 1496 1707 1561 1764; x_wconf 89' lang='lat' dir='ltr'><strong>in</strong></span> <span class='ocrx_word' id='word_1_160' title='bbox 1625 1703 2105 1764; x_wconf 77' lang='lat' dir='ltr'><strong>antecedentibus</strong></span> <span class='ocrx_word' id='word_1_161' title='bbox 2168 1702 2699 1764; x_wconf 82' lang='lat' dir='ltr'><strong>commemoratur?</strong></span> <span class='ocrx_word' id='word_1_162' title='bbox 2787 1703 3032 1762; x_wconf 85' lang='lat' dir='ltr'><strong>Nullam</strong></span> 
     </span>
     <span class='ocr_line' id='line_1_16' title="bbox 428 1792 3033 1872; baseline -0 -19"><span class='ocrx_word' id='word_1_163' title='bbox 428 1792 703 1870; x_wconf 87' lang='lat' dir='ltr'><strong>equidem</strong></span> <span class='ocrx_word' id='word_1_164' title='bbox 749 1793 947 1869; x_wconf 71' lang='lat' dir='ltr'><strong>videor,</strong></span> <span class='ocrx_word' id='word_1_165' title='bbox 993 1794 1196 1870; x_wconf 87' lang='lat' dir='ltr'><strong>itaque</strong></span> <span class='ocrx_word' id='word_1_166' title='bbox 1240 1795 1388 1871; x_wconf 90' lang='lat' dir='ltr'><strong>puto</strong></span> <span class='ocrx_word' id='word_1_167' title='bbox 1429 1793 1514 1854; x_wconf 89' lang='lat' dir='ltr'><strong>sic</strong></span> <span class='ocrx_word' id='word_1_168' title='bbox 1558 1793 1985 1853; x_wconf 78' lang='lat' dir='ltr'><strong>restituendam</strong></span> <span class='ocrx_word' id='word_1_169' title='bbox 2030 1811 2155 1853; x_wconf 88' lang='lat' dir='ltr'><strong>esse</strong></span> <span class='ocrx_word' id='word_1_170' title='bbox 2201 1795 2518 1872; x_wconf 78' lang='lat' dir='ltr'><strong>genuinam</strong></span> <span class='ocrx_word' id='word_1_171' title='bbox 2555 1793 2859 1870; x_wconf 86' lang='lat' dir='ltr'><strong>Apollonii</strong></span> <span class='ocrx_word' id='word_1_172' title='bbox 2904 1810 3033 1852; x_wconf 86' lang='lat' dir='ltr'><strong>sen-</strong></span> 
     </span>
     <span class='ocr_line' id='line_1_17' title="bbox 429 1877 3034 1958; baseline 0 -16"><span class='ocrx_word' id='word_1_173' title='bbox 429 1883 706 1942; x_wconf 87' lang='lat' dir='ltr'><strong>tentiam:</strong></span> <span class='ocrx_word' id='word_1_174' title='bbox 763 1877 868 1943; x_wconf 70' lang='lat' dir='ltr'><strong>‘ui</strong></span> <span class='ocrx_word' id='word_1_175' title='bbox 914 1880 991 1956; x_wconf 89' lang='grc' dir='ltr'><strong>δὴ</strong></span> <span class='ocrx_word' id='word_1_176' title='bbox 1040 1878 1160 1943; x_wconf 85' lang='grc' dir='ltr'><strong>οὖν</strong></span> <span class='ocrx_word' id='word_1_177' title='bbox 1206 1879 1514 1955; x_wconf 83' lang='grc' dir='ltr'>πτωτικά,</span> <span class='ocrx_word' id='word_1_178' title='bbox 1561 1879 1678 1957; x_wconf 82' lang='grc' dir='ltr'>τὴν</span> <span class='ocrx_word' id='word_1_179' title='bbox 1723 1879 2027 1956; x_wconf 86' lang='grc' dir='ltr'>τοιαύτην</span> <span class='ocrx_word' id='word_1_180' title='bbox 2073 1878 2362 1944; x_wconf 84' lang='grc' dir='ltr'>ςύνταξιν</span> <span class='ocrx_word' id='word_1_181' title='bbox 2408 1879 2570 1958; x_wconf 87' lang='grc' dir='ltr'>πρὸς</span> <span class='ocrx_word' id='word_1_182' title='bbox 2616 1877 2696 1943; x_wconf 83' lang='grc' dir='ltr'>τὰ</span> <span class='ocrx_word' id='word_1_183' title='bbox 2743 1878 3034 1958; x_wconf 80' lang='grc' dir='ltr'>ῥήματα</span> 
     </span>
     <span class='ocr_line' id='line_1_18' title="bbox 430 1966 3034 2050; baseline 0.001 -19"><span class='ocrx_word' id='word_1_184' title='bbox 430 1969 510 2046; x_wconf 89' lang='grc' dir='ltr'><strong>μὴ</strong></span> <span class='ocrx_word' id='word_1_185' title='bbox 559 1966 1042 2047; x_wconf 82' lang='grc' dir='ltr'>ἀναδεξάμενα.’</span> <span class='ocrx_word' id='word_1_186' title='bbox 1131 1971 1242 2032; x_wconf 83' lang='lat' dir='ltr'><strong>Est</strong></span> <span class='ocrx_word' id='word_1_187' title='bbox 1287 1975 1487 2032; x_wconf 90' lang='lat' dir='ltr'><strong>autem</strong></span> <span class='ocrx_word' id='word_1_188' title='bbox 1532 1975 1828 2033; x_wconf 86' lang='lat' dir='ltr'><strong>sententia</strong></span> <span class='ocrx_word' id='word_1_189' title='bbox 1872 1973 2043 2032; x_wconf 75' lang='lat' dir='ltr'><strong>haecz</strong></span> <span class='ocrx_word' id='word_1_190' title='bbox 2102 1967 2432 2047; x_wconf 75' lang='lat' dir='ltr'><strong>“casualia,</strong></span> <span class='ocrx_word' id='word_1_191' title='bbox 2478 1990 2629 2050; x_wconf 89' lang='lat' dir='ltr'><strong>quae</strong></span> <span class='ocrx_word' id='word_1_192' title='bbox 2675 1992 2837 2047; x_wconf 90' lang='lat' dir='ltr'><strong>eam,</strong></span> <span class='ocrx_word' id='word_1_193' title='bbox 2882 1991 3034 2049; x_wconf 90' lang='lat' dir='ltr'><strong>quae</strong></span> 
     </span>
     <span class='ocr_line' id='line_1_19' title="bbox 428 2061 3035 2139; baseline 0 -19"><span class='ocrx_word' id='word_1_194' title='bbox 428 2064 608 2121; x_wconf 87' lang='lat' dir='ltr'><strong>antea</strong></span> <span class='ocrx_word' id='word_1_195' title='bbox 651 2065 1169 2136; x_wconf 81' lang='lat' dir='ltr'><strong>commemoratur,</strong></span> <span class='ocrx_word' id='word_1_196' title='bbox 1215 2080 1348 2121; x_wconf 90' lang='lat' dir='ltr'><strong>cnm</strong></span> <span class='ocrx_word' id='word_1_197' title='bbox 1395 2061 1573 2123; x_wconf 89' lang='lat' dir='ltr'><strong>verbo</strong></span> <span class='ocrx_word' id='word_1_198' title='bbox 1619 2064 2142 2139; x_wconf 82' lang='lat' dir='ltr'><strong>constructionem,</strong></span> <span class='ocrx_word' id='word_1_199' title='bbox 2186 2065 2222 2122; x_wconf 94' lang='lat' dir='ltr'><strong>i.</strong></span> <span class='ocrx_word' id='word_1_200' title='bbox 2261 2082 2308 2122; x_wconf 91' lang='lat' dir='ltr'><strong>e.</strong></span> <span class='ocrx_word' id='word_1_201' title='bbox 2356 2081 2514 2137; x_wconf 91' lang='lat' dir='ltr'><strong>eam,</strong></span> <span class='ocrx_word' id='word_1_202' title='bbox 2561 2081 2711 2139; x_wconf 90' lang='lat' dir='ltr'><strong>quae</strong></span> <span class='ocrx_word' id='word_1_203' title='bbox 2758 2062 3035 2121; x_wconf 86' lang='lat' dir='ltr'><strong>affectum</strong></span> 
     </span>
     <span class='ocr_line' id='line_1_20' title="bbox 426 2151 3035 2229; baseline 0 -20"><span class='ocrx_word' id='word_1_204' title='bbox 426 2153 488 2210; x_wconf 91' lang='lat' dir='ltr'><strong>in</strong></span> <span class='ocrx_word' id='word_1_205' title='bbox 534 2152 681 2227; x_wconf 87' lang='lat' dir='ltr'><strong>ipsis</strong></span> <span class='ocrx_word' id='word_1_206' title='bbox 728 2151 1062 2212; x_wconf 77' lang='lat' dir='ltr'><strong>casualibus</strong></span> <span class='ocrx_word' id='word_1_207' title='bbox 1116 2171 1224 2229; x_wconf 89' lang='lat' dir='ltr'><strong>per</strong></span> <span class='ocrx_word' id='word_1_208' title='bbox 1267 2152 1487 2214; x_wconf 86' lang='lat' dir='ltr'><strong>,horum</strong></span> <span class='ocrx_word' id='word_1_209' title='bbox 1539 2154 1804 2229; x_wconf 88' lang='lat' dir='ltr'><strong>ipsorum</strong></span> <span class='ocrx_word' id='word_1_210' title='bbox 1857 2152 2167 2211; x_wconf 78' lang='lat' dir='ltr'><strong>flexionem</strong></span> <span class='ocrx_word' id='word_1_211' title='bbox 2222 2169 2561 2229; x_wconf 86' lang='lat' dir='ltr'><strong>expressum</strong></span> <span class='ocrx_word' id='word_1_212' title='bbox 2616 2151 2862 2226; x_wconf 84' lang='lat' dir='ltr'><strong>efficiat,</strong></span> <span class='ocrx_word' id='word_1_213' title='bbox 2916 2171 3035 2211; x_wconf 91' lang='lat' dir='ltr'><strong>non</strong></span> 
     </span>
     <span class='ocr_line' id='line_1_21' title="bbox 428 2239 3034 2319; baseline 0 -20"><span class='ocrx_word' id='word_1_214' title='bbox 428 2239 755 2318; x_wconf 88' lang='lat' dir='ltr'><strong>accipiunt,</strong></span> <span class='ocrx_word' id='word_1_215' title='bbox 820 2240 921 2300; x_wconf 87' lang='lat' dir='ltr'><strong>sed</strong></span> <span class='ocrx_word' id='word_1_216' title='bbox 975 2244 1215 2300; x_wconf 90' lang='lat' dir='ltr'><strong>tantum</strong></span> <span class='ocrx_word' id='word_1_217' title='bbox 1270 2240 1475 2301; x_wconf 88' lang='lat' dir='ltr'><strong>eodem</strong></span> <span class='ocrx_word' id='word_1_218' title='bbox 1528 2241 1732 2316; x_wconf 91' lang='lat' dir='ltr'><strong>modo,</strong></span> <span class='ocrx_word' id='word_1_219' title='bbox 1795 2260 1914 2319; x_wconf 89' lang='lat' dir='ltr'><strong>qno</strong></span> <span class='ocrx_word' id='word_1_220' title='bbox 1973 2241 2335 2302; x_wconf 89' lang='lat' dir='ltr'><strong>adiectivum</strong></span> <span class='ocrx_word' id='word_1_221' title='bbox 2393 2240 2793 2315; x_wconf 86' lang='lat' dir='ltr'><strong>substantivo,</strong></span> <span class='ocrx_word' id='word_1_222' title='bbox 2855 2239 3034 2300; x_wconf 92' lang='lat' dir='ltr'><strong>verbo</strong></span> 
     </span>
     <span class='ocr_line' id='line_1_22' title="bbox 430 2324 3036 2407; baseline 0 -19"><span class='ocrx_word' id='word_1_223' title='bbox 430 2328 663 2389; x_wconf 89' lang='lat' dir='ltr'><strong>adiecta</strong></span> <span class='ocrx_word' id='word_1_224' title='bbox 717 2332 884 2403; x_wconf 89' lang='lat' dir='ltr'><strong>sunt,</strong></span> <span class='ocrx_word' id='word_1_225' title='bbox 939 2349 1010 2389; x_wconf 91' lang='lat' dir='ltr'><strong>ea</strong></span> <span class='ocrx_word' id='word_1_226' title='bbox 1064 2348 1172 2407; x_wconf 92' lang='lat' dir='ltr'><strong>pro</strong></span> <span class='ocrx_word' id='word_1_227' title='bbox 1228 2329 1523 2390; x_wconf 86' lang='lat' dir='ltr'><strong>adverbiis</strong></span> <span class='ocrx_word' id='word_1_228' title='bbox 1577 2330 1886 2390; x_wconf 87' lang='lat' dir='ltr'><strong>habentur.</strong></span> <span class='ocrx_word' id='word_1_229' title='bbox 1892 2324 1936 2353; x_wconf 87' lang='lat'><strong>&#39;&#39;</strong></span> <span class='ocrx_word' id='word_1_230' title='bbox 2026 2329 2201 2388; x_wconf 87' lang='lat' dir='ltr'><strong>Illam</strong></span> <span class='ocrx_word' id='word_1_231' title='bbox 2260 2329 2417 2390; x_wconf 90' lang='lat' dir='ltr'><strong>enim</strong></span> <span class='ocrx_word' id='word_1_232' title='bbox 2462 2328 2627 2390; x_wconf 92' lang='lat' dir='ltr'><strong>verbi</strong></span> <span class='ocrx_word' id='word_1_233' title='bbox 2675 2325 3036 2404; x_wconf 83' lang='grc' dir='ltr'>ἐπικείμενα</span> 
     </span>
     <span class='ocr_line' id='line_1_23' title="bbox 429 2413 3035 2498; baseline 0 -19"><span class='ocrx_word' id='word_1_234' title='bbox 429 2418 923 2498; x_wconf 75' lang='lat' dir='ltr'><strong>significationem</strong></span> <span class='ocrx_word' id='word_1_235' title='bbox 978 2437 1103 2479; x_wconf 87' lang='lat' dir='ltr'><strong>esse</strong></span> <span class='ocrx_word' id='word_1_236' title='bbox 1158 2420 1529 2498; x_wconf 83' lang='lat' dir='ltr'><strong>intellegitur</strong></span> <span class='ocrx_word' id='word_1_237' title='bbox 1572 2439 1604 2478; x_wconf 92' lang='lat' dir='ltr'><strong>e</strong></span> <span class='ocrx_word' id='word_1_238' title='bbox 1659 2423 1814 2496; x_wconf 82' lang='lat' dir='ltr'><strong>synt.</strong></span> <span class='ocrx_word' id='word_1_239' title='bbox 1867 2421 1970 2495; x_wconf 87' lang='grc'><strong>18,</strong></span> <span class='ocrx_word' id='word_1_240' title='bbox 1991 2420 2028 2479; x_wconf 88' lang='grc'><strong>6</strong></span> <span class='ocrx_word' id='word_1_241' title='bbox 2085 2416 2162 2480; x_wconf 83' lang='grc' dir='ltr'>τὸ</span> <span class='ocrx_word' id='word_1_242' title='bbox 2209 2414 2523 2495; x_wconf 83' lang='grc' dir='ltr'>ἐπίρρημά</span> <span class='ocrx_word' id='word_1_243' title='bbox 2568 2414 2693 2480; x_wconf 86' lang='grc' dir='ltr'>ἐςτι</span> <span class='ocrx_word' id='word_1_244' title='bbox 2754 2413 3035 2494; x_wconf 84' lang='grc' dir='ltr'>ῥήματος</span> 
     </span>
     <span class='ocr_line' id='line_1_24' title="bbox 427 2503 3035 2585; baseline 0 -17"><span class='ocrx_word' id='word_1_245' title='bbox 427 2503 741 2582; x_wconf 82' lang='grc' dir='ltr'>ἑπιθετικὴ</span> <span class='ocrx_word' id='word_1_246' title='bbox 802 2504 1088 2570; x_wconf 83' lang='grc' dir='ltr'>ςύνταξις</span> <span class='ocrx_word' id='word_1_247' title='bbox 1152 2508 1283 2569; x_wconf 90' lang='lat' dir='ltr'><strong>coll.</strong></span> <span class='ocrx_word' id='word_1_248' title='bbox 1341 2508 1520 2568; x_wconf 88' lang='lat' dir='ltr'><strong>Prisc.</strong></span> <span class='ocrx_word' id='word_1_249' title='bbox 1568 2508 1741 2568; x_wconf 89' lang='lat' dir='ltr'><strong>XVII</strong></span> <span class='ocrx_word' id='word_1_250' title='bbox 1788 2512 1867 2568; x_wconf 83' lang='lat'><strong>21</strong></span> <span class='ocrx_word' id='word_1_251' title='bbox 1929 2503 2321 2569; x_wconf 80' lang='lat' dir='ltr'><strong>“adverbium</strong></span> <span class='ocrx_word' id='word_1_252' title='bbox 2380 2509 2537 2585; x_wconf 89' lang='lat' dir='ltr'><strong>quod</strong></span> <span class='ocrx_word' id='word_1_253' title='bbox 2595 2507 2760 2568; x_wconf 88' lang='lat' dir='ltr'><strong>verbi</strong></span> <span class='ocrx_word' id='word_1_254' title='bbox 2825 2510 2917 2568; x_wconf 88' lang='lat' dir='ltr'><strong>est</strong></span> <span class='ocrx_word' id='word_1_255' title='bbox 2972 2508 3035 2568; x_wconf 93' lang='lat' dir='ltr'><strong>vi</strong></span> 
     </span>
     <span class='ocr_line' id='line_1_25' title="bbox 428 2592 3036 2676; baseline 0 -19"><span class='ocrx_word' id='word_1_256' title='bbox 428 2592 848 2657; x_wconf 38' lang='lat' dir='ltr'><strong>adiectivum&#39;z</strong></span> <span class='ocrx_word' id='word_1_257' title='bbox 856 2592 874 2620; x_wconf 92' lang='lat'>&#39;</span> <span class='ocrx_word' id='word_1_258' title='bbox 984 2597 1148 2658; x_wconf 89' lang='lat' dir='ltr'><strong>Haec</strong></span> <span class='ocrx_word' id='word_1_259' title='bbox 1210 2598 1398 2675; x_wconf 91' lang='lat' dir='ltr'><strong>probo</strong></span> <span class='ocrx_word' id='word_1_260' title='bbox 1460 2617 1594 2659; x_wconf 90' lang='lat' dir='ltr'><strong>cum</strong></span> <span class='ocrx_word' id='word_1_261' title='bbox 1657 2598 1991 2676; x_wconf 76' lang='lat' dir='ltr'><strong>Egenolffio</strong></span> <span class='ocrx_word' id='word_1_262' title='bbox 2046 2598 2133 2657; x_wconf 92' lang='lat' dir='ltr'><strong>IV</strong></span> <span class='ocrx_word' id='word_1_263' title='bbox 2185 2600 2285 2657; x_wconf 87' lang='grc'><strong>47.</strong></span> <span class='ocrx_word' id='word_1_264' title='bbox 2396 2598 2614 2658; x_wconf 84' lang='lat' dir='ltr'><strong>Mirum</strong></span> <span class='ocrx_word' id='word_1_265' title='bbox 2677 2600 2879 2658; x_wconf 88' lang='lat' dir='ltr'><strong>autem</strong></span> <span class='ocrx_word' id='word_1_266' title='bbox 2944 2600 3036 2658; x_wconf 87' lang='lat' dir='ltr'><strong>est</strong></span> 
     </span>
     <span class='ocr_line' id='line_1_26' title="bbox 424 2686 3035 2767; baseline 0 -22"><span class='ocrx_word' id='word_1_267' title='bbox 424 2686 767 2760; x_wconf 86' lang='lat' dir='ltr'><strong>Matthiam,</strong></span> <span class='ocrx_word' id='word_1_268' title='bbox 827 2689 1146 2764; x_wconf 86' lang='lat' dir='ltr'><strong>postquam</strong></span> <span class='ocrx_word' id='word_1_269' title='bbox 1204 2706 1277 2748; x_wconf 88' lang='lat' dir='ltr'><strong>ea</strong></span> <span class='ocrx_word' id='word_1_270' title='bbox 1330 2706 1484 2767; x_wconf 88' lang='lat' dir='ltr'><strong>quae</strong></span> <span class='ocrx_word' id='word_1_271' title='bbox 1528 2688 1830 2764; x_wconf 87' lang='lat' dir='ltr'><strong>hucusque</strong></span> <span class='ocrx_word' id='word_1_272' title='bbox 1876 2688 2235 2764; x_wconf 84' lang='lat' dir='ltr'><strong>disputavit,</strong></span> <span class='ocrx_word' id='word_1_273' title='bbox 2293 2687 2755 2748; x_wconf 81' lang='lat' dir='ltr'><strong>luculentissime</strong></span> <span class='ocrx_word' id='word_1_274' title='bbox 2809 2687 3035 2747; x_wconf 83' lang='lat' dir='ltr'><strong>firmari</strong></span> 
     </span>
     <span class='ocr_line' id='line_1_27' title="bbox 427 2771 3034 2859; baseline 0.001 -23"><span class='ocrx_word' id='word_1_275' title='bbox 427 2777 580 2836; x_wconf 83' lang='lat' dir='ltr'><strong>dixit</strong></span> <span class='ocrx_word' id='word_1_276' title='bbox 643 2778 840 2838; x_wconf 87' lang='lat' dir='ltr'><strong>verbis</strong></span> <span class='ocrx_word' id='word_1_277' title='bbox 903 2797 1055 2855; x_wconf 85' lang='lat' dir='ltr'><strong>quae</strong></span> <span class='ocrx_word' id='word_1_278' title='bbox 1124 2780 1269 2853; x_wconf 84' lang='lat'><strong>120,</strong></span> <span class='ocrx_word' id='word_1_279' title='bbox 1292 2781 1328 2837; x_wconf 83' lang='lat'><strong>2</strong></span> <span class='ocrx_word' id='word_1_280' title='bbox 1395 2780 1676 2858; x_wconf 86' lang='lat' dir='ltr'><strong>leguntur</strong></span> <span class='ocrx_word' id='word_1_281' title='bbox 1729 2773 1894 2853; x_wconf 86' lang='grc' dir='ltr'>ἅπερ</span> <span class='ocrx_word' id='word_1_282' title='bbox 1950 2772 2104 2859; x_wconf 89' lang='lat' dir='ltr'><strong>(scil.</strong></span> <span class='ocrx_word' id='word_1_283' title='bbox 2151 2774 2231 2838; x_wconf 87' lang='grc' dir='ltr'>τὰ</span> <span class='ocrx_word' id='word_1_284' title='bbox 2286 2771 2564 2859; x_wconf 80' lang='grc' dir='ltr'>ῥήματα)</span> <span class='ocrx_word' id='word_1_285' title='bbox 2619 2773 2782 2853; x_wconf 89' lang='grc' dir='ltr'>πρὸς</span> <span class='ocrx_word' id='word_1_286' title='bbox 2847 2772 3034 2853; x_wconf 83' lang='grc' dir='ltr'>ἕτερα</span> 
     </span>
     <span class='ocr_line' id='line_1_28' title="bbox 430 2862 3035 2945; baseline 0.001 -19"><span class='ocrx_word' id='word_1_287' title='bbox 430 2862 715 2927; x_wconf 85' lang='grc' dir='ltr'>πτωτικὰ</span> <span class='ocrx_word' id='word_1_288' title='bbox 768 2864 886 2941; x_wconf 87' lang='grc' dir='ltr'>τὴν</span> <span class='ocrx_word' id='word_1_289' title='bbox 941 2862 1244 2941; x_wconf 85' lang='grc' dir='ltr'>τοιαύτην</span> <span class='ocrx_word' id='word_1_290' title='bbox 1299 2862 1588 2929; x_wconf 83' lang='grc' dir='ltr'>ςύνταξιν</span> <span class='ocrx_word' id='word_1_291' title='bbox 1644 2863 2007 2939; x_wconf 80' lang='grc' dir='ltr'>ἐποιοῦντο,</span> <span class='ocrx_word' id='word_1_292' title='bbox 2062 2868 2208 2928; x_wconf 87' lang='lat' dir='ltr'><strong>haec</strong></span> <span class='ocrx_word' id='word_1_293' title='bbox 2261 2870 2393 2943; x_wconf 88' lang='lat' dir='ltr'><strong>ipsa</strong></span> <span class='ocrx_word' id='word_1_294' title='bbox 2437 2867 2620 2927; x_wconf 90' lang='lat' dir='ltr'><strong>verba</strong></span> <span class='ocrx_word' id='word_1_295' title='bbox 2663 2887 2772 2945; x_wconf 89' lang='lat' dir='ltr'><strong>pro</strong></span> <span class='ocrx_word' id='word_1_296' title='bbox 2817 2867 3035 2943; x_wconf 87' lang='lat' dir='ltr'><strong>spuriis</strong></span> 
     </span>
     <span class='ocr_line' id='line_1_29' title="bbox 425 2955 3038 3034; baseline 0.001 -20"><span class='ocrx_word' id='word_1_297' title='bbox 425 2955 669 3031; x_wconf 83' lang='lat' dir='ltr'><strong>habere,</strong></span> <span class='ocrx_word' id='word_1_298' title='bbox 729 2957 886 3033; x_wconf 90' lang='lat' dir='ltr'><strong>quod</strong></span> <span class='ocrx_word' id='word_1_299' title='bbox 940 2974 1181 3033; x_wconf 86' lang='lat' dir='ltr'><strong>prorsus</strong></span> <span class='ocrx_word' id='word_1_300' title='bbox 1235 2975 1674 3034; x_wconf 86' lang='lat' dir='ltr'><strong>supervacanea</strong></span> <span class='ocrx_word' id='word_1_301' title='bbox 1732 2958 1879 3033; x_wconf 87' lang='lat' dir='ltr'><strong>sint,</strong></span> <span class='ocrx_word' id='word_1_302' title='bbox 1944 2959 2087 3034; x_wconf 89' lang='lat' dir='ltr'><strong>quia</strong></span> <span class='ocrx_word' id='word_1_303' title='bbox 2135 2957 2246 3034; x_wconf 87' lang='lat' dir='ltr'><strong>Ap.</strong></span> <span class='ocrx_word' id='word_1_304' title='bbox 2303 2975 2421 3016; x_wconf 91' lang='lat' dir='ltr'><strong>non</strong></span> <span class='ocrx_word' id='word_1_305' title='bbox 2477 2957 2599 3016; x_wconf 91' lang='lat' dir='ltr'><strong>alia</strong></span> <span class='ocrx_word' id='word_1_306' title='bbox 2651 2957 2913 3016; x_wconf 77' lang='lat' dir='ltr'><strong>casualia</strong></span> <span class='ocrx_word' id='word_1_307' title='bbox 2966 2960 3038 3016; x_wconf 89' lang='lat' dir='ltr'><strong>ut</strong></span> 
     </span>
     <span class='ocr_line' id='line_1_30' title="bbox 427 3045 3035 3122; baseline 0 -18"><span class='ocrx_word' id='word_1_308' title='bbox 427 3045 695 3122; x_wconf 85' lang='lat' dir='ltr'><strong>nomina,</strong></span> <span class='ocrx_word' id='word_1_309' title='bbox 759 3046 879 3105; x_wconf 84' lang='lat' dir='ltr'><strong>alia</strong></span> <span class='ocrx_word' id='word_1_310' title='bbox 934 3050 1002 3105; x_wconf 91' lang='lat' dir='ltr'><strong>ut</strong></span> <span class='ocrx_word' id='word_1_311' title='bbox 1057 3045 1339 3106; x_wconf 84' lang='lat' dir='ltr'><strong>adverbia</strong></span> <span class='ocrx_word' id='word_1_312' title='bbox 1395 3046 1686 3122; x_wconf 78' lang='lat' dir='ltr'><strong>construi,</strong></span> <span class='ocrx_word' id='word_1_313' title='bbox 1749 3046 1850 3107; x_wconf 86' lang='lat' dir='ltr'><strong>sed</strong></span> <span class='ocrx_word' id='word_1_314' title='bbox 1906 3046 2109 3106; x_wconf 90' lang='lat' dir='ltr'><strong>eadem</strong></span> <span class='ocrx_word' id='word_1_315' title='bbox 2165 3046 2429 3107; x_wconf 84' lang='lat' dir='ltr'><strong>casualia</strong></span> <span class='ocrx_word' id='word_1_316' title='bbox 2490 3045 2666 3108; x_wconf 93' lang='lat' dir='ltr'><strong>modo</strong></span> <span class='ocrx_word' id='word_1_317' title='bbox 2729 3048 3035 3107; x_wconf 88' lang='lat' dir='ltr'><strong>nominum</strong></span> 
     </span>
     <span class='ocr_line' id='line_1_31' title="bbox 427 3134 3036 3214; baseline 0 -21"><span class='ocrx_word' id='word_1_318' title='bbox 427 3134 602 3195; x_wconf 88' lang='lat' dir='ltr'><strong>modo</strong></span> <span class='ocrx_word' id='word_1_319' title='bbox 650 3135 1059 3195; x_wconf 82' lang='lat' dir='ltr'><strong>adverbiorum</strong></span> <span class='ocrx_word' id='word_1_320' title='bbox 1097 3136 1221 3195; x_wconf 89' lang='lat' dir='ltr'><strong>vim</strong></span> <span class='ocrx_word' id='word_1_321' title='bbox 1265 3135 1482 3196; x_wconf 87' lang='lat' dir='ltr'><strong>habere</strong></span> <span class='ocrx_word' id='word_1_322' title='bbox 1527 3136 1752 3196; x_wconf 86' lang='lat' dir='ltr'><strong>doceat.</strong></span> <span class='ocrx_word' id='word_1_323' title='bbox 1827 3135 2065 3197; x_wconf 84' lang='lat' dir='ltr'><strong>Etenim</strong></span> <span class='ocrx_word' id='word_1_324' title='bbox 2110 3137 2376 3213; x_wconf 89' lang='lat' dir='ltr'><strong>profecto</strong></span> <span class='ocrx_word' id='word_1_325' title='bbox 2421 3136 2532 3197; x_wconf 92' lang='lat' dir='ltr'><strong>hoc</strong></span> <span class='ocrx_word' id='word_1_326' title='bbox 2574 3137 2868 3214; x_wconf 82' lang='lat' dir='ltr'><strong>praecipit</strong></span> <span class='ocrx_word' id='word_1_327' title='bbox 2902 3136 3036 3212; x_wconf 86' lang='lat' dir='ltr'><strong>Ap.,</strong></span> 
     </span>
     <span class='ocr_line' id='line_1_32' title="bbox 426 3223 3034 3286; baseline 0 -3"><span class='ocrx_word' id='word_1_328' title='bbox 426 3223 630 3283; x_wconf 89' lang='lat' dir='ltr'><strong>eadem</strong></span> <span class='ocrx_word' id='word_1_329' title='bbox 686 3225 951 3284; x_wconf 90' lang='lat' dir='ltr'><strong>casualia</strong></span> <span class='ocrx_word' id='word_1_330' title='bbox 1003 3225 1178 3285; x_wconf 90' lang='lat' dir='ltr'><strong>modo</strong></span> <span class='ocrx_word' id='word_1_331' title='bbox 1234 3225 1605 3286; x_wconf 89' lang='lat' dir='ltr'><strong>averbiorum</strong></span> <span class='ocrx_word' id='word_1_332' title='bbox 1658 3225 1835 3286; x_wconf 91' lang='lat' dir='ltr'><strong>modo</strong></span> <span class='ocrx_word' id='word_1_333' title='bbox 1890 3226 2197 3286; x_wconf 88' lang='lat' dir='ltr'><strong>nominum</strong></span> <span class='ocrx_word' id='word_1_334' title='bbox 2250 3229 2551 3286; x_wconf 91' lang='lat' dir='ltr'><strong>notionem</strong></span> <span class='ocrx_word' id='word_1_335' title='bbox 2603 3225 2878 3286; x_wconf 77' lang='lat' dir='ltr'><strong>indueret</strong></span> <span class='ocrx_word' id='word_1_336' title='bbox 2932 3225 3034 3285; x_wconf 86' lang='lat' dir='ltr'><strong>sed</strong></span> 
     </span>
     <span class='ocr_line' id='line_1_33' title="bbox 427 3310 3035 3392; baseline 0.001 -20"><span class='ocrx_word' id='word_1_337' title='bbox 427 3317 745 3391; x_wconf 88' lang='lat' dir='ltr'><strong>postquam</strong></span> <span class='ocrx_word' id='word_1_338' title='bbox 789 3315 943 3375; x_wconf 88' lang='lat' dir='ltr'><strong>hanc</strong></span> <span class='ocrx_word' id='word_1_339' title='bbox 988 3314 1400 3375; x_wconf 89' lang='lat' dir='ltr'><strong>adverbiorum</strong></span> <span class='ocrx_word' id='word_1_340' title='bbox 1436 3316 1737 3375; x_wconf 87' lang='lat' dir='ltr'><strong>notionem</strong></span> <span class='ocrx_word' id='word_1_341' title='bbox 1775 3318 2144 3392; x_wconf 88' lang='lat' dir='ltr'><strong>acceperunt,</strong></span> <span class='ocrx_word' id='word_1_342' title='bbox 2191 3310 2380 3390; x_wconf 78' lang='grc' dir='ltr'>ἔτερα</span> <span class='ocrx_word' id='word_1_343' title='bbox 2414 3316 2575 3375; x_wconf 82' lang='lat' dir='ltr'><strong>facta</strong></span> <span class='ocrx_word' id='word_1_344' title='bbox 2620 3318 2777 3390; x_wconf 89' lang='lat' dir='ltr'><strong>sunt,</strong></span> <span class='ocrx_word' id='word_1_345' title='bbox 2821 3333 3035 3392; x_wconf 86' lang='lat' dir='ltr'><strong>genere</strong></span> 
     </span>
     <span class='ocr_line' id='line_1_34' title="bbox 427 3403 3031 3483; baseline 0 -21"><span class='ocrx_word' id='word_1_346' title='bbox 427 3404 524 3462; x_wconf 91' lang='lat' dir='ltr'><strong>vel</strong></span> <span class='ocrx_word' id='word_1_347' title='bbox 571 3404 844 3483; x_wconf 80' lang='grc' dir='ltr'>μεριςμῷ</span> <span class='ocrx_word' id='word_1_348' title='bbox 891 3403 1125 3464; x_wconf 88' lang='lat' dir='ltr'><strong>diversa</strong></span> <span class='ocrx_word' id='word_1_349' title='bbox 1183 3408 1322 3465; x_wconf 88' lang='lat' dir='ltr'><strong>sunt</strong></span> <span class='ocrx_word' id='word_1_350' title='bbox 1368 3403 1443 3463; x_wconf 90' lang='lat' dir='ltr'><strong>ab</strong></span> <span class='ocrx_word' id='word_1_351' title='bbox 1488 3404 1610 3464; x_wconf 89' lang='lat' dir='ltr'><strong>illis</strong></span> <span class='ocrx_word' id='word_1_352' title='bbox 1656 3423 1808 3482; x_wconf 90' lang='lat' dir='ltr'><strong>quae</strong></span> <span class='ocrx_word' id='word_1_353' title='bbox 1855 3404 2183 3465; x_wconf 76' lang='lat' dir='ltr'><strong>casualium</strong></span> <span class='ocrx_word' id='word_1_354' title='bbox 2228 3407 2586 3481; x_wconf 84' lang='lat' dir='ltr'><strong>potestatem</strong></span> <span class='ocrx_word' id='word_1_355' title='bbox 2631 3407 3031 3464; x_wconf 83' lang='lat' dir='ltr'><strong>servaverunt.</strong></span> 
     </span>
     <span class='ocr_line' id='line_1_35' title="bbox 425 3493 3033 3573; baseline 0.001 -22"><span class='ocrx_word' id='word_1_356' title='bbox 425 3493 582 3551; x_wconf 87' lang='lat' dir='ltr'><strong>Nam</strong></span> <span class='ocrx_word' id='word_1_357' title='bbox 629 3511 736 3552; x_wconf 93' lang='lat' dir='ltr'><strong>nec</strong></span> <span class='ocrx_word' id='word_1_358' title='bbox 783 3493 987 3552; x_wconf 87' lang='lat' dir='ltr'><strong>formis</strong></span> <span class='ocrx_word' id='word_1_359' title='bbox 1041 3512 1149 3553; x_wconf 91' lang='lat' dir='ltr'><strong>nec</strong></span> <span class='ocrx_word' id='word_1_360' title='bbox 1194 3494 1422 3571; x_wconf 82' lang='lat' dir='ltr'><strong>origine</strong></span> <span class='ocrx_word' id='word_1_361' title='bbox 1477 3512 1647 3554; x_wconf 89' lang='lat' dir='ltr'><strong>voces</strong></span> <span class='ocrx_word' id='word_1_362' title='bbox 1693 3493 2143 3573; x_wconf 85' lang='lat' dir='ltr'><strong>distinguuntur</strong></span> <span class='ocrx_word' id='word_1_363' title='bbox 2189 3497 2294 3553; x_wconf 91' lang='lat' dir='ltr'><strong>aut</strong></span> <span class='ocrx_word' id='word_1_364' title='bbox 2351 3513 2457 3573; x_wconf 91' lang='lat' dir='ltr'><strong>per</strong></span> <span class='ocrx_word' id='word_1_365' title='bbox 2501 3495 2788 3554; x_wconf 87' lang='lat' dir='ltr'><strong>orationis</strong></span> <span class='ocrx_word' id='word_1_366' title='bbox 2833 3496 3033 3570; x_wconf 87' lang='lat' dir='ltr'><strong>partes</strong></span> 
     </span>
     <span class='ocr_line' id='line_1_36' title="bbox 425 3578 3032 3659; baseline 0.001 -18"><span class='ocrx_word' id='word_1_367' title='bbox 425 3581 881 3658; x_wconf 85' lang='lat' dir='ltr'><strong>distribuuntur,</strong></span> <span class='ocrx_word' id='word_1_368' title='bbox 928 3582 1027 3642; x_wconf 89' lang='lat' dir='ltr'><strong>sed</strong></span> <span class='ocrx_word' id='word_1_369' title='bbox 1074 3582 1340 3643; x_wconf 86' lang='lat' dir='ltr'><strong>notione:</strong></span> <span class='ocrx_word' id='word_1_370' title='bbox 1383 3602 1553 3659; x_wconf 90' lang='lat' dir='ltr'><strong>pron.</strong></span> <span class='ocrx_word' id='word_1_371' title='bbox 1593 3585 1696 3659; x_wconf 85' lang='grc'><strong>67,</strong></span> <span class='ocrx_word' id='word_1_372' title='bbox 1718 3584 1754 3643; x_wconf 89' lang='grc'>6</span> <span class='ocrx_word' id='word_1_373' title='bbox 1796 3579 1876 3644; x_wconf 85' lang='grc' dir='ltr'><strong>ού</strong></span> <span class='ocrx_word' id='word_1_374' title='bbox 1922 3579 2045 3659; x_wconf 83' lang='grc' dir='ltr'><strong>γὰρ</strong></span> <span class='ocrx_word' id='word_1_375' title='bbox 2092 3583 2344 3659; x_wconf 89' lang='grc' dir='ltr'>φωναῖς</span> <span class='ocrx_word' id='word_1_376' title='bbox 2391 3580 2744 3659; x_wconf 87' lang='grc' dir='ltr'>μεμέριςται</span> <span class='ocrx_word' id='word_1_377' title='bbox 2790 3578 2870 3643; x_wconf 89' lang='grc' dir='ltr'>τὰ</span> <span class='ocrx_word' id='word_1_378' title='bbox 2914 3582 3032 3644; x_wconf 85' lang='grc' dir='ltr'>τοῦ</span> 
     </span>
     <span class='ocr_line' id='line_1_37' title="bbox 426 3667 2287 3750; baseline 0.001 -19"><span class='ocrx_word' id='word_1_379' title='bbox 426 3667 629 3741; x_wconf 83' lang='grc' dir='ltr'>λόγου</span> <span class='ocrx_word' id='word_1_380' title='bbox 677 3667 862 3747; x_wconf 85' lang='grc' dir='ltr'>μέρη,</span> <span class='ocrx_word' id='word_1_381' title='bbox 911 3668 1391 3747; x_wconf 87' lang='grc' dir='ltr'>ςημαινομένοις</span> <span class='ocrx_word' id='word_1_382' title='bbox 1437 3668 1525 3735; x_wconf 84' lang='grc' dir='ltr'><strong>δέ.</strong></span> <span class='ocrx_word' id='word_1_383' title='bbox 1591 3676 1746 3749; x_wconf 83' lang='lat' dir='ltr'><strong>synt.</strong></span> <span class='ocrx_word' id='word_1_384' title='bbox 1786 3675 1891 3749; x_wconf 85' lang='lat'><strong>48,</strong></span> <span class='ocrx_word' id='word_1_385' title='bbox 1913 3673 1968 3732; x_wconf 87' lang='lat'><strong>5.</strong></span> <span class='ocrx_word' id='word_1_386' title='bbox 2020 3674 2287 3750; x_wconf 85' lang='lat'><strong>109,18.</strong></span> 
     </span>
    </p>

    <p class='ocr_par' dir='ltr' id='par_1_4' title="bbox 422 3761 3031 3910">
     <span class='ocr_line' id='line_1_38' title="bbox 608 3761 3031 3841; baseline 0.001 -22"><span class='ocrx_word' id='word_1_387' title='bbox 608 3763 753 3836; x_wconf 85' lang='lat'><strong>120,</strong></span> <span class='ocrx_word' id='word_1_388' title='bbox 778 3763 993 3820; x_wconf 86' lang='lat'>9-——14</span> <span class='ocrx_word' id='word_1_389' title='bbox 1042 3762 1112 3820; x_wconf 84' lang='lat' dir='ltr'><strong>cf.</strong></span> <span class='ocrx_word' id='word_1_390' title='bbox 1150 3761 1329 3822; x_wconf 89' lang='lat' dir='ltr'><strong>Prisc.</strong></span> <span class='ocrx_word' id='word_1_391' title='bbox 1368 3761 1479 3822; x_wconf 88' lang='lat' dir='ltr'><strong>XV</strong></span> <span class='ocrx_word' id='word_1_392' title='bbox 1522 3782 1581 3840; x_wconf 88' lang='lat' dir='ltr'><strong>p.</strong></span> <span class='ocrx_word' id='word_1_393' title='bbox 1622 3763 2117 3839; x_wconf 80' lang='lat'>63‚21—65‚93</span> <span class='ocrx_word' id='word_1_394' title='bbox 2176 3763 2291 3841; x_wconf 87' lang='lat' dir='ltr'><strong>Ap.</strong></span> <span class='ocrx_word' id='word_1_395' title='bbox 2337 3763 2520 3823; x_wconf 88' lang='lat' dir='ltr'><strong>verba</strong></span> <span class='ocrx_word' id='word_1_396' title='bbox 2570 3783 2690 3823; x_wconf 91' lang='lat' dir='ltr'><strong>non</strong></span> <span class='ocrx_word' id='word_1_397' title='bbox 2744 3762 2890 3823; x_wconf 87' lang='lat' dir='ltr'><strong>satis</strong></span> <span class='ocrx_word' id='word_1_398' title='bbox 2943 3763 3031 3821; x_wconf 90' lang='lat' dir='ltr'><strong>in-</strong></span> 
     </span>
     <span class='ocr_line' id='line_1_39' title="bbox 422 3850 667 3910; baseline -0.008 0"><span class='ocrx_word' id='word_1_399' title='bbox 422 3850 667 3910; x_wconf 84' lang='lat' dir='ltr'><strong>tellexit.</strong></span> 
     </span>
    </p>

    <p class='ocr_par' dir='ltr' id='par_1_5' title="bbox 606 3939 1260 4015">
     <span class='ocr_line' id='line_1_40' title="bbox 606 3939 1260 4015; baseline 0 -17"><span class='ocrx_word' id='word_1_400' title='bbox 606 3942 850 4015; x_wconf 85' lang='grc' dir='ltr'>12Ο,11</span> <span class='ocrx_word' id='word_1_401' title='bbox 904 3939 1027 4000; x_wconf 86' lang='lat' dir='ltr'><strong>Ska</strong></span> <span class='ocrx_word' id='word_1_402' title='bbox 1060 3940 1122 3999; x_wconf 93' lang='lat' dir='ltr'><strong>II</strong></span> <span class='ocrx_word' id='word_1_403' title='bbox 1162 3943 1260 4000; x_wconf 80' lang='lat'><strong>22.</strong></span> 
     </span>
    </p>

    <p class='ocr_par' dir='ltr' id='par_1_6' title="bbox 432 4025 3034 4290">
     <span class='ocr_line' id='line_1_41' title="bbox 610 4025 3034 4106; baseline 0.002 -19"><span class='ocrx_word' id='word_1_404' title='bbox 610 4031 755 4104; x_wconf 82' lang='lat'><strong>120,</strong></span> <span class='ocrx_word' id='word_1_405' title='bbox 781 4033 860 4089; x_wconf 86' lang='lat'><strong>14</strong></span> <span class='ocrx_word' id='word_1_406' title='bbox 910 4025 1040 4090; x_wconf 87' lang='grc' dir='ltr'><strong>Διὰ</strong></span> <span class='ocrx_word' id='word_1_407' title='bbox 1085 4029 1203 4091; x_wconf 87' lang='grc' dir='ltr'>τοῦ</span> <span class='ocrx_word' id='word_1_408' title='bbox 1249 4025 1550 4092; x_wconf 86' lang='grc' dir='ltr'>τοιούτου</span> <span class='ocrx_word' id='word_1_409' title='bbox 1588 4026 2059 4106; x_wconf 85' lang='grc' dir='ltr'>ύποδείγματος</span> <span class='ocrx_word' id='word_1_410' title='bbox 2105 4030 2203 4092; x_wconf 92' lang='grc' dir='ltr'><strong>δεῖ</strong></span> <span class='ocrx_word' id='word_1_411' title='bbox 2246 4028 2397 4092; x_wconf 89' lang='grc' dir='ltr'>τοὺς</span> <span class='ocrx_word' id='word_1_412' title='bbox 2434 4026 2874 4106; x_wconf 87' lang='grc' dir='ltr'>διακρίνοντας</span> <span class='ocrx_word' id='word_1_413' title='bbox 2919 4026 3034 4092; x_wconf 86' lang='grc' dir='ltr'>τὰς</span> 
     </span>
     <span class='ocr_line' id='line_1_42' title="bbox 432 4114 3033 4201; baseline 0.001 -23"><span class='ocrx_word' id='word_1_414' title='bbox 432 4114 733 4179; x_wconf 73' lang='grc' dir='ltr'>τοιαύτας</span> <span class='ocrx_word' id='word_1_415' title='bbox 779 4115 1238 4194; x_wconf 87' lang='grc' dir='ltr'>ςυνεμπτώςεις</span> <span class='ocrx_word' id='word_1_416' title='bbox 1293 4119 1461 4201; x_wconf 81' lang='grc' dir='ltr'>τῷδε</span> <span class='ocrx_word' id='word_1_417' title='bbox 1507 4121 1599 4200; x_wconf 85' lang='grc' dir='ltr'>τῷ</span> <span class='ocrx_word' id='word_1_418' title='bbox 1647 4117 1823 4200; x_wconf 85' lang='grc' dir='ltr'>λόγῳ</span> <span class='ocrx_word' id='word_1_419' title='bbox 1869 4116 2231 4199; x_wconf 83' lang='grc' dir='ltr'>κεχρῆςθαι]</span> <span class='ocrx_word' id='word_1_420' title='bbox 2277 4122 2339 4180; x_wconf 91' lang='lat' dir='ltr'><strong>in</strong></span> <span class='ocrx_word' id='word_1_421' title='bbox 2386 4122 2721 4199; x_wconf 88' lang='lat' dir='ltr'><strong>tautologia</strong></span> <span class='ocrx_word' id='word_1_422' title='bbox 2765 4116 2871 4181; x_wconf 86' lang='grc' dir='ltr'><strong>διὰ</strong></span> <span class='ocrx_word' id='word_1_423' title='bbox 2915 4120 3033 4182; x_wconf 84' lang='grc' dir='ltr'>τοῦ</span> 
     </span>
     <span class='ocr_line' id='line_1_43' title="bbox 434 4203 3034 4290; baseline 0.001 -23"><span class='ocrx_word' id='word_1_424' title='bbox 434 4203 736 4269; x_wconf 85' lang='grc' dir='ltr'>τοιούτου</span> <span class='ocrx_word' id='word_1_425' title='bbox 793 4204 1260 4284; x_wconf 77' lang='grc' dir='ltr'>ὑποδείγματα(</span> <span class='ocrx_word' id='word_1_426' title='bbox 1315 4211 1376 4269; x_wconf 89' lang='lat' dir='ltr'><strong>et</strong></span> <span class='ocrx_word' id='word_1_427' title='bbox 1429 4210 1596 4290; x_wconf 85' lang='grc' dir='ltr'>τῷδε</span> <span class='ocrx_word' id='word_1_428' title='bbox 1651 4211 1744 4290; x_wconf 84' lang='grc' dir='ltr'>τῷ</span> <span class='ocrx_word' id='word_1_429' title='bbox 1790 4206 1968 4290; x_wconf 79' lang='grc' dir='ltr'>λόγῳ</span> <span class='ocrx_word' id='word_1_430' title='bbox 2013 4211 2260 4270; x_wconf 87' lang='lat' dir='ltr'><strong>haerens</strong></span> <span class='ocrx_word' id='word_1_431' title='bbox 2302 4210 2514 4269; x_wconf 84' lang='lat' dir='ltr'><strong>Matth.</strong></span> <span class='ocrx_word' id='word_1_432' title='bbox 2560 4210 2592 4269; x_wconf 95' lang='grc' dir='ltr'>Ι</span> <span class='ocrx_word' id='word_1_433' title='bbox 2639 4211 2721 4271; x_wconf 84' lang='grc'><strong>33</strong></span> <span class='ocrx_word' id='word_1_434' title='bbox 2769 4210 2826 4269; x_wconf 90' lang='lat' dir='ltr'><strong>h.</strong></span> <span class='ocrx_word' id='word_1_435' title='bbox 2863 4211 2901 4269; x_wconf 93' lang='lat' dir='ltr'><strong>l.</strong></span> <span class='ocrx_word' id='word_1_436' title='bbox 2948 4212 3034 4271; x_wconf 88' lang='lat' dir='ltr'><strong>sic</strong></span> 
     </span>
    </p>

    <p class='ocr_par' dir='ltr' id='par_1_7' title="bbox 395 4294 3035 5092">
     <span class='ocr_line' id='line_1_44' title="bbox 395 4294 3033 4373; baseline 0.002 -17"><span class='ocrx_word' id='word_1_437' title='bbox 395 4296 731 4356; x_wconf 88' lang='lat' dir='ltr'><strong>·emendat·</strong></span> <span class='ocrx_word' id='word_1_438' title='bbox 798 4294 903 4358; x_wconf 88' lang='grc' dir='ltr'><strong>διὰ</strong></span> <span class='ocrx_word' id='word_1_439' title='bbox 957 4297 1074 4359; x_wconf 83' lang='grc' dir='ltr'>τοῦ</span> <span class='ocrx_word' id='word_1_440' title='bbox 1128 4294 1429 4360; x_wconf 87' lang='grc' dir='ltr'>τοιούτου</span> <span class='ocrx_word' id='word_1_441' title='bbox 1485 4294 1953 4373; x_wconf 80' lang='grc' dir='ltr'>ύποδείγματος</span> <span class='ocrx_word' id='word_1_442' title='bbox 2008 4299 2106 4360; x_wconf 85' lang='grc' dir='ltr'><strong>δεῖ</strong></span> <span class='ocrx_word' id='word_1_443' title='bbox 2159 4295 2500 4372; x_wconf 82' lang='grc' dir='ltr'>διακρίνειν</span> <span class='ocrx_word' id='word_1_444' title='bbox 2560 4295 2673 4360; x_wconf 87' lang='grc' dir='ltr'>τὰς</span> <span class='ocrx_word' id='word_1_445' title='bbox 2732 4296 3033 4360; x_wconf 87' lang='grc' dir='ltr'>τοιαύτας</span> 
     </span>
     <span class='ocr_line' id='line_1_45' title="bbox 424 4383 3035 4466; baseline 0 -19"><span class='ocrx_word' id='word_1_446' title='bbox 424 4383 886 4461; x_wconf 85' lang='grc' dir='ltr'>ςυνεμπτώςεις</span> <span class='ocrx_word' id='word_1_447' title='bbox 941 4389 1011 4447; x_wconf 87' lang='lat' dir='ltr'><strong>cl.</strong></span> <span class='ocrx_word' id='word_1_448' title='bbox 1058 4386 1238 4447; x_wconf 87' lang='lat' dir='ltr'><strong>Prisc.</strong></span> <span class='ocrx_word' id='word_1_449' title='bbox 1287 4388 1378 4447; x_wconf 93' lang='grc' dir='ltr'><strong>ΠΙ</strong></span> <span class='ocrx_word' id='word_1_450' title='bbox 1428 4390 1674 4464; x_wconf 81' lang='lat'><strong>65,12.·</strong></span> <span class='ocrx_word' id='word_1_451' title='bbox 1774 4387 1891 4447; x_wconf 84' lang='lat' dir='ltr'><strong>Sed</strong></span> <span class='ocrx_word' id='word_1_452' title='bbox 1954 4408 2059 4466; x_wconf 91' lang='lat' dir='ltr'><strong>per</strong></span> <span class='ocrx_word' id='word_1_453' title='bbox 2120 4388 2450 4465; x_wconf 84' lang='lat' dir='ltr'><strong>exemplum</strong></span> <span class='ocrx_word' id='word_1_454' title='bbox 2508 4407 2578 4447; x_wconf 88' lang='lat' dir='ltr'><strong>ea</strong></span> <span class='ocrx_word' id='word_1_455' title='bbox 2630 4408 2783 4465; x_wconf 90' lang='lat' dir='ltr'><strong>quae</strong></span> <span class='ocrx_word' id='word_1_456' title='bbox 2841 4389 3035 4448; x_wconf 87' lang='lat' dir='ltr'><strong>forma</strong></span> 
     </span>
     <span class='ocr_line' id='line_1_46' title="bbox 426 4472 3035 4556; baseline 0.001 -21"><span class='ocrx_word' id='word_1_457' title='bbox 426 4480 763 4555; x_wconf 90' lang='lat' dir='ltr'><strong>congruunt</strong></span> <span class='ocrx_word' id='word_1_458' title='bbox 798 4496 918 4536; x_wconf 93' lang='lat' dir='ltr'><strong>non</strong></span> <span class='ocrx_word' id='word_1_459' title='bbox 954 4477 1384 4537; x_wconf 85' lang='lat' dir='ltr'><strong>discernuntur.</strong></span> <span class='ocrx_word' id='word_1_460' title='bbox 1447 4478 1610 4538; x_wconf 91' lang='lat' dir='ltr'><strong>Haec</strong></span> <span class='ocrx_word' id='word_1_461' title='bbox 1647 4477 1904 4538; x_wconf 88' lang='lat' dir='ltr'><strong>voluisse</strong></span> <span class='ocrx_word' id='word_1_462' title='bbox 1941 4478 2178 4538; x_wconf 90' lang='lat' dir='ltr'><strong>videtur</strong></span> <span class='ocrx_word' id='word_1_463' title='bbox 2205 4477 2346 4556; x_wconf 81' lang='lat' dir='ltr'><strong>Ap.-</strong></span> <span class='ocrx_word' id='word_1_464' title='bbox 2383 4472 2516 4537; x_wconf 79' lang='lat' dir='ltr'><strong>‘hoc</strong></span> <span class='ocrx_word' id='word_1_465' title='bbox 2553 4479 2819 4554; x_wconf 83' lang='lat' dir='ltr'><strong>exemplo</strong></span> <span class='ocrx_word' id='word_1_466' title='bbox 2856 4478 3035 4553; x_wconf 87' lang='lat' dir='ltr'><strong>docti,</strong></span> 
     </span>
     <span class='ocr_line' id='line_1_47' title="bbox 429 4561 3035 4670; baseline 0.002 -46"><span class='ocrx_word' id='word_1_467' title='bbox 429 4566 533 4642; x_wconf 89' lang='lat' dir='ltr'><strong>qui</strong></span> <span class='ocrx_word' id='word_1_468' title='bbox 582 4585 755 4626; x_wconf 85' lang='lat' dir='ltr'><strong>voces</strong></span> <span class='ocrx_word' id='word_1_469' title='bbox 800 4567 993 4625; x_wconf 88' lang='lat' dir='ltr'><strong>forma</strong></span> <span class='ocrx_word' id='word_1_470' title='bbox 1037 4569 1425 4645; x_wconf 88' lang='lat' dir='ltr'><strong>congruentes</strong></span> <span class='ocrx_word' id='word_1_471' title='bbox 1461 4566 1789 4627; x_wconf 88' lang='lat' dir='ltr'><strong>discernere</strong></span> <span class='ocrx_word' id='word_1_472' title='bbox 1835 4567 2062 4642; x_wconf 85' lang='lat' dir='ltr'><strong>volunt,</strong></span> <span class='ocrx_word' id='word_1_473' title='bbox 2106 4567 2259 4627; x_wconf 86' lang='lat' dir='ltr'><strong>hanc</strong></span> <span class='ocrx_word' id='word_1_474' title='bbox 2295 4569 2455 4628; x_wconf 89' lang='lat' dir='ltr'><strong>viam</strong></span> <span class='ocrx_word' id='word_1_475' title='bbox 2498 4567 2731 4670; x_wconf 86' lang='lat' dir='ltr'><strong>ingredi</strong></span> <span class='ocrx_word' id='word_1_476' title='bbox 2776 4561 3035 4643; x_wconf 89' lang='lat' dir='ltr'><strong>debent&#39;,</strong></span> 
     </span>
     <span class='ocr_line' id='line_1_48' title="bbox 424 4654 3035 4761; baseline 0.001 -48"><span class='ocrx_word' id='word_1_477' title='bbox 424 4654 546 4714; x_wconf 88' lang='lat' dir='ltr'><strong>scil.</strong></span> <span class='ocrx_word' id='word_1_478' title='bbox 594 4659 664 4715; x_wconf 89' lang='lat' dir='ltr'><strong>ut</strong></span> <span class='ocrx_word' id='word_1_479' title='bbox 707 4659 1026 4734; x_wconf 89' lang='lat' dir='ltr'><strong>quaerant,</strong></span> <span class='ocrx_word' id='word_1_480' title='bbox 1080 4659 1280 4716; x_wconf 85' lang='lat' dir='ltr'><strong>utrum</strong></span> <span class='ocrx_word' id='word_1_481' title='bbox 1326 4675 1440 4716; x_wconf 83' lang='lat' dir='ltr'><strong>vox</strong></span> <span class='ocrx_word' id='word_1_482' title='bbox 1485 4657 1594 4715; x_wconf 89' lang='lat' dir='ltr'><strong>illa</strong></span> <span class='ocrx_word' id='word_1_483' title='bbox 1638 4656 1866 4734; x_wconf 91' lang='lat' dir='ltr'><strong>aliquid</strong></span> <span class='ocrx_word' id='word_1_484' title='bbox 1923 4656 2227 4761; x_wconf 86' lang='lat' dir='ltr'><strong>praedicet</strong></span> <span class='ocrx_word' id='word_1_485' title='bbox 2271 4657 2343 4718; x_wconf 90' lang='lat' dir='ltr'><strong>de</strong></span> <span class='ocrx_word' id='word_1_486' title='bbox 2388 4659 2622 4717; x_wconf 92' lang='lat' dir='ltr'><strong>nomine</strong></span> <span class='ocrx_word' id='word_1_487' title='bbox 2671 4656 2928 4733; x_wconf 87' lang='lat' dir='ltr'><strong>quodam</strong></span> <span class='ocrx_word' id='word_1_488' title='bbox 2974 4660 3035 4716; x_wconf 89' lang='lat' dir='ltr'><strong>et</strong></span> 
     </span>
     <span class='ocr_line' id='line_1_49' title="bbox 427 4730 2704 4823; baseline 0.002 -21"><span class='ocrx_word' id='word_1_489' title='bbox 427 4762 562 4803; x_wconf 91' lang='lat' dir='ltr'><strong>cum</strong></span> <span class='ocrx_word' id='word_1_490' title='bbox 605 4744 716 4806; x_wconf 90' lang='lat' dir='ltr'><strong>hoc</strong></span> <span class='ocrx_word' id='word_1_491' title='bbox 763 4748 1158 4821; x_wconf 88' lang='lat' dir='ltr'><strong>construatur,</strong></span> <span class='ocrx_word' id='word_1_492' title='bbox 1204 4765 1279 4806; x_wconf 89' lang='lat' dir='ltr'><strong>an</strong></span> <span class='ocrx_word' id='word_1_493' title='bbox 1326 4745 1629 4823; x_wconf 88' lang='lat' dir='ltr'><strong>praedicet</strong></span> <span class='ocrx_word' id='word_1_494' title='bbox 1673 4745 1746 4806; x_wconf 90' lang='lat' dir='ltr'><strong>de</strong></span> <span class='ocrx_word' id='word_1_495' title='bbox 1790 4745 1969 4806; x_wconf 88' lang='lat' dir='ltr'><strong>verbo</strong></span> <span class='ocrx_word' id='word_1_496' title='bbox 2014 4730 2210 4822; x_wconf 77' lang='lat' dir='ltr'><strong>sitque</strong></span> <span class='ocrx_word' id='word_1_497' title='bbox 2254 4746 2704 4807; x_wconf 89' lang='lat' dir='ltr'><strong>indeclinabilis.</strong></span> 
     </span>
     <span class='ocr_line' id='line_1_50' title="bbox 603 4833 3034 4911; baseline 0.001 -18"><span class='ocrx_word' id='word_1_498' title='bbox 603 4833 1072 4895; x_wconf 79' lang='lat' dir='ltr'><strong>b.1²raedicarc</strong></span> <span class='ocrx_word' id='word_1_499' title='bbox 1125 4838 1318 4894; x_wconf 72' lang='lat' dir='ltr'><strong>autem</strong></span> <span class='ocrx_word' id='word_1_500' title='bbox 1371 4837 1651 4895; x_wconf 80' lang='lat' dir='ltr'><strong>adverbia</strong></span> <span class='ocrx_word' id='word_1_501' title='bbox 1697 4836 1924 4909; x_wconf 77' lang='lat' dir='ltr'><strong>aliquid</strong></span> <span class='ocrx_word' id='word_1_502' title='bbox 1967 4836 2039 4895; x_wconf 82' lang='lat' dir='ltr'><strong>de</strong></span> <span class='ocrx_word' id='word_1_503' title='bbox 2082 4836 2268 4905; x_wconf 82' lang='lat' dir='ltr'><strong>verbe,</strong></span> <span class='ocrx_word' id='word_1_504' title='bbox 2331 4855 2399 4896; x_wconf 76' lang='lat' dir='ltr'><strong>ex</strong></span> <span class='ocrx_word' id='word_1_505' title='bbox 2444 4838 2526 4897; x_wconf 83' lang='lat' dir='ltr'><strong>eis</strong></span> <span class='ocrx_word' id='word_1_506' title='bbox 2569 4854 2718 4911; x_wconf 77' lang='lat' dir='ltr'><strong>quae</strong></span> <span class='ocrx_word' id='word_1_507' title='bbox 2762 4839 2898 4897; x_wconf 73' lang='lat' dir='ltr'><strong>ante</strong></span> <span class='ocrx_word' id='word_1_508' title='bbox 2942 4853 3034 4895; x_wconf 77' lang='lat' dir='ltr'><strong>ex-</strong></span> 
     </span>
     <span class='ocr_line' id='line_1_51' title="bbox 415 4923 3034 5001; baseline 0.002 -21"><span class='ocrx_word' id='word_1_509' title='bbox 415 4923 613 4996; x_wconf 72' lang='lat' dir='ltr'><strong>posita</strong></span> <span class='ocrx_word' id='word_1_510' title='bbox 657 4927 795 4981; x_wconf 75' lang='lat' dir='ltr'><strong>sumt</strong></span> <span class='ocrx_word' id='word_1_511' title='bbox 849 4928 1120 4999; x_wconf 67' lang='lat' dir='ltr'><strong>apparet,</strong></span> <span class='ocrx_word' id='word_1_512' title='bbox 1177 4927 1453 4999; x_wconf 73' lang='lat' dir='ltr'><strong>quoniam</strong></span> <span class='ocrx_word' id='word_1_513' title='bbox 1498 4943 1871 5000; x_wconf 73' lang='lat' dir='ltr'><strong>quaecunque</strong></span> <span class='ocrx_word' id='word_1_514' title='bbox 1915 4926 2202 4985; x_wconf 77' lang='lat' dir='ltr'><strong>adiectiva</strong></span> <span class='ocrx_word' id='word_1_515' title='bbox 2246 4927 2474 4999; x_wconf 65' lang='lat' dir='ltr'><strong>aliqwz‘d</strong></span> <span class='ocrx_word' id='word_1_516' title='bbox 2520 4927 2873 5001; x_wconf 67' lang='lat' dir='ltr'><strong>praedicam</strong></span> <span class='ocrx_word' id='word_1_517' title='bbox 2913 4944 3034 4985; x_wconf 73' lang='lat' dir='ltr'><strong>non</strong></span> 
     </span>
     <span class='ocr_line' id='line_1_52' title="bbox 424 5011 3033 5092; baseline 0.002 -22"><span class='ocrx_word' id='word_1_518' title='bbox 424 5011 496 5070; x_wconf 82' lang='lat' dir='ltr'><strong>dc</strong></span> <span class='ocrx_word' id='word_1_519' title='bbox 547 5013 902 5081; x_wconf 76' lang='lat' dir='ltr'><strong>nominibus,</strong></span> <span class='ocrx_word' id='word_1_520' title='bbox 961 5014 1064 5073; x_wconf 81' lang='lat' dir='ltr'><strong>sed</strong></span> <span class='ocrx_word' id='word_1_521' title='bbox 1116 5015 1188 5074; x_wconf 82' lang='lat' dir='ltr'><strong>dc</strong></span> <span class='ocrx_word' id='word_1_522' title='bbox 1240 5015 1456 5083; x_wconf 72' lang='grc' dir='ltr'><strong>υενϋὶε,</strong></span> <span class='ocrx_word' id='word_1_523' title='bbox 1512 5015 1793 5075; x_wconf 80' lang='lat' dir='ltr'><strong>adverbia</strong></span> <span class='ocrx_word' id='word_1_524' title='bbox 1842 5016 2006 5088; x_wconf 79' lang='lat' dir='ltr'><strong>facta</strong></span> <span class='ocrx_word' id='word_1_525' title='bbox 2049 5017 2199 5075; x_wconf 65' lang='lat' dir='ltr'><strong>swzt.</strong></span> <span class='ocrx_word' id='word_1_526' title='bbox 2295 5015 2788 5092; x_wconf 59' lang='lat' dir='ltr'><strong>Quemadmodum</strong></span> <span class='ocrx_word' id='word_1_527' title='bbox 2839 5019 3033 5076; x_wconf 76' lang='lat' dir='ltr'><strong>autem</strong></span> 
     </span>
    </p>
   </div>
   <div class='ocr_carea' id='block_1_3' title="bbox 3689 3784 3692 4712">
    <p class='ocr_par' dir='ltr' id='par_1_8' title="bbox 3689 3784 3692 4712">
     <span class='ocr_line' id='line_1_53' title="bbox 3689 3784 3692 4712; baseline 0 0"><span class='ocrx_word' id='word_1_528' title='bbox 3689 3784 3692 4712; x_wconf 95' lang='lat' dir='ltr'><strong> </strong></span> 
     </span>
    </p>
   </div>
  </div>
 </body>
</html>
