3738 5530
624 368 745 433 108
1559 372 1738 422 ΠΕΡΙ
1774 370 2274 423 ΑΝΤΩΝΤΜΙΑΣ.

1467 492 1513 530 p.
1544 480 1617 521 137
1644 481 1757 530 (397)
1782 479 1827 520 Δ
1854 482 1879 521 7
1905 500 1956 511 -
1983 481 2059 521 189
2084 481 2193 530 (399)
2222 483 2256 524 Ο
2282 482 2308 521 ὃ
2334 481 2365 520 b

622 575 776 641 ὅθεν
820 576 986 655 πρὸς
1034 574 1227 640 ἐνίων
1271 575 1377 639 καὶ
1419 576 1495 639 τὸ

872 676 937 741 οἵ
980 678 1049 741 θ’
1093 675 1359 755 αἵματος
1403 676 1467 742 ἐξ
1513 676 1665 755 ἐμεῦ
1714 674 1824 741 εἰςί
1868 674 1950 760 (-Τ
2000 676 2150 759 105)

615 780 719 844 διὰ
761 783 877 845 τοῦ
920 780 961 844 ’ὁ
1007 779 1362 860 ἐγράφετο,
1404 777 1515 843 ἵνα
1558 780 1639 857 μὴ
1686 778 1839 875 δόξῃ
1884 779 1960 842 τὸ
2006 776 2272 856 αἵματος
2317 778 2716 846 πλεονάζειν.
2804 778 2932 842 Ἔτι
2971 799 3047 856 γε
3083 781 3210 865 μὴν

617 883 723 946 ἐπὶ
764 885 882 946 τοῦ

553 1000 585 1047 5
872 982 1110 1062 πρώτω
1153 982 1277 1060 γὰρ
1323 983 1423 1047 καὶ
1467 983 1684 1047 δαιτὸς
1730 981 2162 1049 ἀκουάζεςθον
2209 982 2385 1059 ἐμεῖο
2431 983 2519 1062 (Δ
2564 982 2719 1066 343)
3244 994 3289 1048 Β

614 1085 854 1150 λείπειν
914 1086 1065 1163 φαςὶ
1120 1086 1236 1163 τὴν
1293 1083 1437 1163 περί
1483 1084 1749 1168 ἐθίμως,
1800 1083 1900 1149 ἵν’
1958 1086 1996 1169 ᾖ
2043 1084 2222 1162 «περὶ
2274 1083 2488 1149 δαιτὸς
2533 1090 2781 1163 πρῶτοι
2825 1086 2983 1164 ἐμοῦ
3027 1105 3210 1163 μετα-

615 1186 1017 1267 λαμβάνετε».
1106 1186 1179 1251 Τί
1225 1185 1346 1251 οὖν
1393 1185 1473 1250 ἂν
1519 1185 1618 1266 εἴη
1660 1187 1737 1251 τὸ

923 1305 935 1317 ·
1325 1289 1434 1354 ςέο
1480 1289 1537 1352 δ’
1582 1287 1772 1353 ὀςτέα
1815 1289 1997 1354 πύςει
2042 1287 2292 1367 ἄρουρα
2336 1287 2428 1373 (Δ
2479 1287 2666 1373 174)·

870 1393 909 1471 ἦ
954 1393 1039 1471 μή
1082 1379 1175 1456 τις
1219 1395 1327 1456 ςεῦ
1371 1393 1539 1472 μῆλα
1585 1390 1635 1475 (ι
1678 1391 1866 1474 405);
1931 1434 1940 1441 ·

522 1508 581 1554 ιο
615 1496 654 1573 ἢ
701 1493 843 1559 οὐδ’
886 1494 1058 1560 ὅλως
1100 1497 1237 1558 τοῖς
1282 1493 1602 1558 τοιούτοις
1647 1493 2041 1559 ἐπιςτατέον.
2132 1494 2196 1558 αἱ
2238 1494 2365 1571 γὰρ
2406 1492 2678 1576 γενικαί,
2724 1494 2834 1559 ὅτε
2878 1494 2986 1559 ἐπὶ
3013 1497 3211 1572 κτῆμα

616 1597 964 1677 φέρονται,
1024 1597 1467 1675 ἰςοδυναμοῦςι
1521 1599 1660 1661 ταῖς
1714 1598 2057 1675 κτητικαῖς·
2115 1596 2214 1661 διὸ
2270 1596 2373 1661 καὶ
2427 1594 2777 1660 ἀκωλύτως
2805 1598 2912 1661 Ἴτιῑι
2955 1597 3208 1674 κτητικὰ
3244 1604 3285 1659 C

616 1698 706 1762 εἰς
750 1697 948 1765 αὐτὰς
993 1698 1358 1764 ἀναλύεται.
1446 1697 1527 1762 οὐ
1573 1701 1694 1778 μὴν
1740 1700 1821 1763 τὰ
1862 1698 2263 1778 Ζηνοδότεια
2304 1698 2667 1776 παράλογα,

871 1805 1098 1880 μνῆςαι
1141 1800 1385 1878 πατρὸς
1429 1802 1560 1866 ςεῖο
1605 1799 1687 1886 (Ω
1730 1799 1887 1885 486)

617 1903 721 1968 καὶ
1422 1919 1435 1927 ·

520 2014 583 2064 1⁶
786 2006 1030 2084 πατρὸς
1076 2005 1249 2084 ἐμεῖο
1294 2005 1504 2083 πατήρ
1548 2005 1633 2089 (Ξ
1683 2003 1823 2067 118.
1880 2025 1916 2068 τ
1966 2001 2143 2085 180)·
3218 2087 3224 2091 .

614 2115 707 2192 τῷ
761 2108 886 2187 γὰρ
938 2107 1116 2192 αὐτῷ
1175 2106 1463 2184 ἐνέχεται
1522 2106 1731 2192 λόγῳ·
1801 2106 2168 2185 προκριτέαι
2222 2106 2442 2184 μέντοι
2496 2106 2561 2171 αἱ
2615 2106 2889 2187 κτητικαὶ
2941 2108 3208 2189 γραφαί,

618 2210 834 2275 καθότι
877 2210 941 2274 αἱ
981 2209 1226 2286 γενικαὶ
1267 2212 1478 2287 κτῆςιν
1524 2212 1826 2288 δηλοῦςαι
1873 2208 2298 2288 ἐγκεκλιμέναι
2342 2209 2636 2274 θέλουςιν
2681 2207 2866 2285 εἶναι,
2910 2207 3208 2273 δοῦλός
3247 2222 3412 2275 138A

617 2332 783 2391 μου,
829 2311 1063 2377 οἶκος
1109 2310 1351 2389 ὕμων,
1396 2310 1461 2374 αἱ
1503 2311 1575 2375 δὲ
1619 2309 2169 2390 όρθοτονούμεναι
2215 2310 2311 2375 οὔ.
2403 2311 2595 2389 «Οὐχὶ
2638 2309 2760 2378 οὖν
2804 2311 2909 2375 καὶ
2949 2310 3027 2376 τὸ

1812 2412 1921 2477 ςέο
1966 2412 2023 2477 δ’
2068 2411 2258 2477 ὀςτέα
2300 2411 2480 2476 πύςει
2523 2411 2773 2492 ἄρουρα
2819 2412 2911 2494 (Δ
2960 2411 3111 2496 174)

522 2523 590 2570 20
626 2515 1094 2598 ὀρθοτονεῖται,
1139 2515 1241 2580 καὶ
1282 2515 1360 2580 τὸ
3009 2530 3016 2537 ·

1428 2615 1860 2685 ἀκουάζεςθον
1906 2616 2080 2694 ἐμεῖο
2126 2615 2216 2697 (Δ
2260 2613 2418 2700 343)

616 2721 721 2787 καὶ
1257 2734 1269 2745 ·

873 2821 940 2887 οἵ
981 2822 1055 2885 θ’
1097 2821 1363 2901 αἵματος
1406 2821 1472 2887 ἐξ
1517 2821 1668 2901 ἐμεῦ
1714 2819 1867 2886 εἰςίν
1915 2820 1992 2902 (Τ
2042 2819 2251 2904 105);»

619 2925 787 2988 Ἀλλ’
832 2922 1222 3001 ἀναγκαίως,
1266 2923 1306 3002 ἡ
1352 2925 1466 3002 μὲν
1512 2923 1655 3005 ςέο,
1706 2922 1804 2988 ὅτι
1849 2922 1922 2989 ἐν
1968 2922 2167 3005 ἀρχῇ,
2213 2921 2251 3000 ἡ
2298 2923 2371 2986 δὲ
2416 2921 2590 3000 ἐμεῖο
2634 2923 2736 2987 καὶ

516 3029 584 3078 25
1688 3027 1818 3090 ςεῖο
1862 3024 2024 3102 μέγα
2066 3017 2252 3090 κλέος
2295 3022 2371 3109 (π
2413 3023 2587 3108 241),

620 3128 779 3194 καθὸ
822 3134 916 3211 τῷ
959 3131 981 3194 ῑ
1023 3125 1521 3210 πλεονάζουςιν,
1565 3128 1606 3207 ἡ
1652 3128 1724 3192 δὲ
1769 3126 1951 3209 ἐμεῦ,
1997 3126 2095 3191 ὅτι
2139 3126 2544 3192 ςυντέτακται
2586 3127 2898 3206 προθέςει.
3243 3133 3288 3186 Β

790 3228 856 3294 Εἰ
898 3228 963 3294 αἱ
1006 3231 1285 3307 κτητικαὶ
1327 3228 1645 3294 οὐδέποτε
1688 3228 1793 3292 ἐπὶ
1835 3230 2094 3307 πρᾶγμα
2138 3229 2481 3310 φέρονται,
2529 3230 2729 3307 ςαφὲς
2774 3227 2871 3293 ὅτι
2918 3227 3007 3291 ὡς
3050 3229 3127 3293 τὸ

548 3402 559 3413 ,
1282 3329 1738 3408 ὀδυςςαμένοιο
1783 3333 1965 3395 τεοῖο
2012 3331 2092 3412 (Θ
2137 3330 2241 3394 37.
2288 3328 2442 3412 468)

620 3435 725 3498 ἐπὶ
782 3436 1040 3512 πρᾶγμα
1096 3432 1463 3514 φερόμενον
1509 3432 1938 3510 ὠλιγώρηται·
1991 3433 2146 3499 δέον
2199 3434 2324 3511 γὰρ
2366 3433 2622 3512 γενικὴν
2666 3430 3210 3514 παραλαμβάνειν,

757 3655 974 3706 Anava.
1057 3656 1088 3706 2
1132 3651 1327 3719 itaque
1370 3650 1426 3704 h.
1460 3650 1500 3705 1.
1546 3651 1683 3718 ἐμοῦ
1720 3650 2077 3720 seripserunt.
2117 3681 2180 3691 -
2217 3657 2248 3706 7
2283 3649 2425 3704 Aliis
2458 3650 2596 3706 locis
2628 3651 3007 3720 personalium
3041 3667 3209 3721 gene-

620 3736 727 3791 tivi
742 3778 756 3803 ,
802 3736 901 3804 qni
944 3751 1047 3806 pro
1092 3735 1417 3805 possessivis
1459 3735 1902 3802 substituuntur,
1945 3736 2132 3790 locum
2166 3735 2406 3801 habent3
2451 3737 2683 3791 minime
2727 3736 2902 3808 igitur
2935 3735 3211 3791 Zenodoti

620 3821 903 3892 seriphum
944 3820 1038 3879 hh.
1083 3820 1141 3874 n.
1187 3837 1291 3891 per
1324 3836 1382 3875 se
1418 3820 1727 3887 reicienda,
1775 3819 1876 3874 sed
1910 3820 2283 3889 praeferenda
2317 3822 2448 3875 sunt
2481 3819 2821 3891 possessiva,
2866 3820 3002 3889 quia
3041 3835 3210 3891 gene-

619 3905 728 3960 tavi
759 3904 1154 3976 personalium,
1190 3906 1291 3959 ubi
1312 3905 1721 3976 possessionem
1753 3906 2024 3972 indicant,
2058 3905 2347 3972 inclinata,
2384 3922 2497 3960 non
2522 3906 2824 3961 ori-hotone.
2858 3921 2976 3960 esse
3011 3903 3211 3960 solent.

620 4020 686 4029 —-
724 3994 789 4044 18
825 3989 1074 4056 Quacum
1120 3990 1249 4060 lege
1283 4006 1397 4044 non
1442 3992 1703 4062 pugnant
1745 3991 1787 4044 ii
1832 3990 1969 4057 loci,
2015 3992 2074 4044 in
2118 3990 2323 4059 quibus
2357 3990 2678 4060 personalia.
2709 3990 3019 4061 possessive
3056 4005 3209 4042 usur·

619 4076 757 4144 pata
798 4077 1015 4129 rectum
1060 4078 1257 4129 tonum
1301 4077 1557 4142 servant,
1606 4074 1755 4145 quod
1801 4078 1904 4131 aut
1944 4077 2006 4130 in
2048 4075 2210 4131 iniffio
2263 4077 2422 4139 sunt,
2477 4077 2578 4130 ant
2619 4091 2746 4130 cum
2796 4072 3210 4144 praepositione

621 4163 1044 4226 construuntur,
1089 4163 1188 4215 aut
1230 4159 1384 4230 quod
1426 4161 1449 4216 ἰ
1492 4160 1550 4214 in
1593 4162 1663 4215 iis
1706 4160 2003 4216 redundat.
2052 4193 2110 4201 —
2160 4168 2225 4216 27
2262 4160 2373 4216 Sed
2407 4161 2584 4215 habet
2615 4176 2748 4215 sane
2783 4157 3004 4229 aliquid
3037 4155 3209 4213 offen-

620 4244 791 4298 sionis
823 4251 977 4300 τεοῖο
1013 4262 1140 4300 oum
1176 4245 1351 4301 verbo
1387 4247 1786 4301 constructum.

757 4448 959 4506 D1son.
999 4466 1194 4508 sonm.
1264 4457 1313 4504 2.
1352 4466 1488 4519 εμευ
1524 4467 1656 4505 ειςιν
1689 4450 1749 4504 in
1786 4469 1892 4506 ras.
1930 4453 1974 4507 Α
2008 4455 2017 4517 Ι
2046 4459 2094 4506 3.
2131 4452 2227 4506 ἵνα
2263 4451 2338 4517 μὴ
2373 4450 2507 4519 δόξῃ
2544 4447 3008 4512 LFriedlaender,
3047 4447 3098 4502 ei
3132 4449 3208 4513 μὴ

619 4538 752 4607 δόξῃ
792 4536 912 4604 Ab,
950 4534 1328 4590 ‘scribendum
1364 4535 1563 4591 δόξειε’
1600 4536 1637 4589 b
1672 4536 1733 4589 in
1771 4552 1885 4591 var.
1921 4536 2052 4591 lect.
2116 4539 2125 4600 Ι
2189 4541 2238 4592 5.
2276 4537 2642 4591 ακουεζεςθον
2679 4534 2723 4588 Α
2771 4536 2782 4599 Ι
2828 4539 2878 4592 6.
2915 4549 3083 4600 φαςιν
3115 4532 3159 4586 Α
3196 4532 3204 4597 Ι

619 4629 669 4679 8.
698 4639 874 4679 ποιςει
906 4637 1008 4690 pro
1041 4622 1198 4677 πύςει
1223 4623 1266 4676 Α
1308 4623 1318 4689 Ι
1356 4626 1405 4676 9.
1438 4622 1475 4686 ἦ
1512 4623 1586 4688 μὴ
1612 4620 1917 4687 Homerus,
1951 4625 1987 4689 ἢ
2025 4624 2098 4688 μὴ
2123 4619 2188 4686 b,
2226 4636 2273 4675 ει
2298 4635 2374 4687 μη
2398 4618 2443 4672 Α
2483 4619 2492 4679 Ι
2530 4633 2585 4671 τι
2609 4633 2703 4672 ςευ
2730 4619 2773 4672 Α
2812 4620 2823 4686 Ι
2867 4622 2945 4671 12.
2979 4617 3047 4670 οὐ
3077 4615 3208 4684 μὴν]

623 4706 826 4761 ‘Immo
862 4707 1093 4774 οὔκουν,
1130 4706 1223 4760 vol
1260 4706 1329 4760 οὐ
1368 4708 1480 4773 μὴν
1515 4706 1680 4760 ἀλλά’
1718 4707 1754 4760 b
1790 4706 1849 4760 in
1888 4722 2003 4760 var.
2040 4704 2170 4760 leet.
2200 4705 2210 4770 1
2243 4708 2705 4772 16.,προκριταιοι
2730 4702 2774 4756 Α
2806 4703 2817 4771 Ι
2850 4707 2928 4757 17.
2967 4702 3209 4770 ἐγκεκλι-

622 4809 782 4861 μεναι
808 4793 880 4859 Α,
917 4793 1308 4859 ἐγκλινόμεναι
1330 4790 1368 4844 b
1397 4793 1412 4862 ι
1439 4797 1522 4845 21.
1545 4795 1915 4847 ακουεζεςθον
1939 4791 1984 4845 Α
2015 4791 2024 4852 Ι
2054 4795 2137 4847 23.
2162 4788 2317 4859 prius
2352 4804 2390 4842 α
2421 4786 2482 4840 in
2517 4802 2751 4854 αιματος
2786 4802 2856 4842 ex
2879 4804 2909 4842 ε
2932 4785 3069 4841 feeit
3091 4785 3169 4839 Aa
3196 4786 3205 4852 Ι

620 4881 703 4934 26.
738 4881 825 4947 τῷ
860 4877 883 4931 ἰ
916 4875 980 4944 b,
1017 4892 1086 4930 το
1122 4892 1141 4930 ι
1181 4877 1225 4931 Α
1265 4879 1275 4944 l
1314 4879 1419 4943 μευ
1450 4890 1555 4946 pro
1594 4892 1726 4940 εμευ
1764 4877 1808 4931 Α
1840 4879 1849 4940 Ι
1881 4875 2141 4943 προθέςει
2177 4873 2240 4940 b,
2280 4875 2569 4941 προςθεςει
2605 4872 2650 4926 Α
