3738 5530
787 370 913 435 128
988 370 1430 425 Commentarius
1459 369 1685 425 criticus
1714 371 1772 423 et
1799 369 2120 439 exegeticus
2148 369 2210 423 in
2236 368 2523 439 Apollonii
2551 368 2782 437 Dyscoli
2811 368 3020 438 scripta
3046 368 3277 423 minora.

783 540 1264 599 oblitterarentur.
1354 541 1565 613 Itaque
1608 541 1690 599 ad
1734 539 2131 613 desiynandas
2165 555 2457 613 persmws
2500 540 2649 598 nihil
2692 542 2997 612 supererat
3037 540 3174 600 nisi
3203 539 3375 597 initia.

795 629 988 689 Verba
1031 633 1247 698 autem,
1292 631 1358 689 in
1401 630 1611 703 qm'bus
1652 629 1855 688 nullus
1912 630 2063 688 inest
2105 645 2278 688 casus
2320 630 2442 688 nisi
2483 629 2895 696 nominativus,
2940 628 3089 687 nihil
3133 628 3380 687 obstabat

782 721 1092 793 quominus
1134 720 1216 778 ad
1256 719 1609 778 mdwamdas
1642 734 1935 792 personas
1979 720 2282 777 variarent
2329 720 2760 777 terminationes
2811 719 2956 792 104,
2979 720 3103 775 1—
3112 717 3210 775 16
3302 715 3376 775 Cf.

784 810 939 883 synt.
980 809 1083 883 96,
1105 810 1383 882 20—97,
1407 810 1460 867 7.
1544 807 1724 867 Prisc.
1763 806 1911 865 XIII
1948 808 2009 882 3,
2031 809 2267 882 21-4,
2288 809 2343 867 3.
2417 806 2592 866 XVII
2631 808 2713 866 53
2762 826 2818 883 p
2862 808 3008 880 140,
3030 806 3084 865 5.

964 899 1109 972 104,
1132 901 1167 957 7
1216 894 1319 957 καὶ
1365 893 1444 958 οὐ
1490 893 1813 971 διήλλαξε,
1872 891 2159 972 διάφορα
2203 890 2663 975 καθεετῶτα]
2668 915 2776 955 nec
2828 899 3029 955 tamen
3077 895 3381 955 effecerunt

782 990 852 1046 ut
885 989 1044 1099 inter
1079 1005 1141 1046 se
1178 989 1687 1046 commutarentur
1723 979 2093 1068 (participia,
2130 989 2482 1064 possessive,
2518 977 2808 1067 nomina),
2844 1004 2979 1044 cum
3024 987 3146 1044 sint
3180 1004 3380 1063 genere

780 1076 1054 1135 diversa.

962 1167 1108 1240 104,
1128 1168 1204 1225 11
1258 1162 1361 1225 καὶ
1404 1166 1483 1224 ad
1530 1162 1600 1226 ἐν
1646 1160 2016 1240 προεώποιε
2060 1165 2356 1241 pertinere
2402 1168 2680 1242 apparet3
2734 1183 2841 1224 nec
2892 1168 3097 1224 tamen
3143 1165 3380 1224 colloca-

776 1255 1003 1314 tionem
1046 1255 1359 1315 verborum
1402 1256 1787 1330 mutaverim3
1832 1254 1910 1314 ad
1954 1273 2120 1332 pron.
2160 1257 2264 1331 42,
2287 1254 2386 1314 25.

959 1347 1105 1419 104,
1129 1347 1209 1403 12
1258 1338 1698 1422 cuTxt'NecOm]
1746 1338 1957 1403 ‘Verbi
2010 1345 2203 1404 forms.
2247 1343 2430 1403 simili
2477 1348 2654 1405 antea
2699 1346 2806 1419 43,
2826 1345 2908 1403 33
2956 1361 3098 1402 usus
3145 1347 3235 1403 est
3277 1339 3376 1402 ἀν·

777 1430 1377 1508 τανακλανομένων.
1475 1433 1565 1494 Ac
1618 1435 1796 1510 plura
1838 1434 1955 1493 sibi
1998 1433 2276 1510 indulsit,
2336 1453 2489 1510 quse
2552 1435 2893 1493 inferiorem
2952 1435 3212 1510 arguant
3269 1434 3381 1491 iam

777 1522 1190 1601 degenerantis
1234 1524 1476 1602 linguae
1522 1517 1805 1583 aetatem'
1852 1543 1898 1583 e.
1939 1543 1992 1599 q.
2032 1542 2077 1583 s.
2123 1524 2162 1582 b
2208 1525 2273 1582 in
2316 1542 2441 1583 var.
2486 1524 2620 1583 lect.
2713 1523 2803 1583 De
2857 1523 2950 1582 his
2996 1522 3171 1582 rebus
3217 1541 3381 1601 agam

776 1613 839 1670 in
886 1617 1195 1673 comment.
1243 1613 1316 1672 de
1362 1612 1474 1689 Ap.
1523 1613 1962 1673 consuetudine.

960 1705 1105 1776 104,
1130 1704 1209 1762 13
1258 1699 1376 1776 τὴν
1424 1699 1494 1762 ἐκ
1537 1702 1654 1761 τοῦ
1700 1697 2081 1780 προεώπου]
2130 1699 2248 1776 τὴν
2295 1698 2366 1762 έν
2413 1703 2505 1783 τῷ
2551 1698 2878 1782 προεώπῳ
2919 1701 3201 1761 Hoersch.
3242 1702 3379 1776 376,

776 1791 907 1851 coll.
945 1812 1112 1868 pron.
1156 1794 1301 1868 104,
1327 1797 1357 1850 1
1409 1787 1754 1866 κινούμενα
1799 1788 1873 1851 ἐν
1910 1788 2296 1866 προεώποιε.
2361 1791 2438 1849 ib.
2478 1794 2625 1865 104,
2647 1793 2683 1851 6
2733 1787 2805 1851 ἐν
2850 1787 3023 1862 γένει
3070 1789 3173 1850 καὶ
3217 1786 3379 1850 πτώ·

778 1897 867 1941 εει
904 1878 1288 1955 κινούμεναι.
1344 1881 1421 1940 ib.
1456 1883 1699 1957 104,11
1747 1878 1818 1941 ἐν
1855 1876 2225 1956 προεώποιε
2273 1876 2621 1941 ἐκινοῦντο.
2677 1881 2754 1940 ib.
2790 1883 2936 1954 104,
2961 1881 3040 1939 15
3082 1876 3157 1940 τὸ
3205 1877 3382 1940 τέλος

777 1966 967 2030 ἐκίνει
1016 1966 1087 2031 ἐν
1133 1966 1519 2045 προεώποιε.
1601 1971 1751 2029 Mihi
1796 1970 2035 2046 quidem
2090 1970 2182 2030 his
2227 1970 2373 2030 locis
2418 1970 2570 2029 nihil
2616 1970 2772 2030 effici
2813 1970 3076 2043 videtui-3
3121 1966 3227 2029 διὰ
3271 1966 3381 2042 τὴν

778 2055 1107 2133 μετάθεειν
1151 2057 1269 2134 τὴν
1316 2055 1387 2119 ἐκ
1422 2059 1539 2120 τοῦ
1576 2056 1927 2134 προεώπου
1973 2062 2011 2118 1.
2041 2079 2089 2119 e.
2129 2054 2397 2136 ‘propter
2441 2063 2833 2120 mutationem
2877 2077 3031 2135 quae
3070 2078 3101 2117 e
3136 2077 3382 2136 persone

778 2141 893 2231 (=
923 2169 955 2208 e
999 2167 1286 2225 personae
1331 2142 1765 2231 vicissitudine)
1814 2144 2042 2208 oritur'.

964 2239 1043 2298 Ut
1074 2239 1495 2312 personalium,
1540 2241 1627 2297 ita
1667 2242 2135 2313 possessivorum
2181 2239 2452 2312 plurales
2496 2240 2812 2311 anatesque
2864 2239 3185 2312 complures
3242 2254 3383 2296 oom-

763 2328 1101 2401 plectwntur
1133 2345 1425 2402 personas
1433 2349 1457 2399 ;
1508 2329 1665 2388 velut
1694 2331 1932 2402 primae
1975 2345 2133 2402 pers.
2171 2331 2509 2402 possessiva
2542 2328 2817 2402 pluralia
2857 2331 3092 2401 praeter
3126 2329 3385 2401 primam

776 2421 952 2476 etiam
994 2419 1309 2477 secundam
1353 2418 1442 2476 vel
1489 2420 1662 2477 etiam
1706 2420 1936 2477 tertiam
1981 2420 2268 2477 continere
2302 2422 2557 2491 possunt
2603 2419 3051 2490 104‚17-—20.

952 2505 1245 2576 Quoniam
1288 2506 1427 2566 inde
1474 2526 1511 2566 a
1560 2510 1706 2582 101,
1727 2509 1763 2566 6
1813 2507 1888 2566 de
1932 2507 2279 2583 possessivis
2324 2509 2389 2565 in
2435 2507 2775 2566 universum
2821 2508 3022 2585 agitur
3056 2509 3118 2564 et
3151 2504 3208 2563 h.
3239 2524 3381 2580 quo-

774 2615 888 2672 que
934 2598 972 2654 l.
1019 2596 1091 2655 de
1138 2599 1401 2655 omnium
1456 2600 1921 2672 possessivorum
1965 2596 2189 2672 plurali
2233 2614 2423 2655 sermo
2470 2599 2585 2671 est,
2629 2596 2846 2654 mirum
2894 2597 2985 2654 est
3028 2596 3160 2671 Ap,
3215 2596 3385 2670 quasi

773 2686 847 2745 de
893 2705 1010 2745 uno
1056 2686 1284 2762 primae
1328 2704 1478 2762 pers.
1518 2687 1741 2763 plurali
1785 2689 1846 2745 et
1890 2685 2057 2745 duali
2101 2686 2400 2762 loquatur,
2446 2684 2638 2744 dicere
2686 2680 2750 2743 αἱ
2797 2682 3210 2758 πληθυντικαὶ
3254 2682 3385 2742 τῶν

773 2776 1097 2849 κτητικῶν,
1145 2771 1212 2836 αἵ
1246 2792 1316 2836 τε
1358 2772 1580 2848 δυϊκαί,
1620 2773 1692 2837 ἐν
1729 2772 2038 2850 ευλλήψει
2075 2775 2459 2836 καθεετῶεαι
2497 2771 2761 2850 πρώτου
2800 2772 2901 2834 καὶ
2941 2767 3055 2855 (sic
3092 2774 3213 2833 Ska
3239 2774 3270 2832 I
3304 2775 3385 2832 23

773 2869 931 2925 recte
976 2866 1214 2968 scripsit
1257 2884 1367 2942 pro
1411 2858 1483 2947 ἢ)
1528 2862 1834 2941 δευτέρου
1872 2862 1911 2939 ἢ
1950 2862 2052 2925 καὶ
2098 2860 2332 2939 τρίτου.
2423 2865 2581 2924 Nam
2626 2868 2697 2923 ut
2741 2867 2887 2923 satis
2932 2863 3211 2923 habuerit
3252 2862 3383 2921 11.1.

772 2956 950 3014 unius
977 2957 1204 3032 primae
1231 2972 1383 3031 pers.
1410 2957 1766 3015 mentionem
1796 2956 2009 3030 facere,
2046 2957 2190 3030 quia
2216 2953 2289 3014 de
2318 2955 2524 3014 eadem
2549 2972 2614 3013 re
2641 2955 2766 3013 iam
2792 2972 2973 3029 supra
3002 2945 3388 3056 (19,981111)

773 3045 1123 3120 disputavit,
1166 3042 1229 3102 id
1275 3046 1478 3103 tamen
1514 3044 1772 3120 quodam
1807 3044 1983 3104 modo
2021 3044 2474 3121 significandum
2521 3046 2676 3119 eretz,
2721 3045 2925 3118 itaque
2972 3043 3198 3102 conicio
3244 3043 3387 3101 scri·

771 3134 1031 3193 bendum
1076 3150 1199 3192 esse
1247 3127 1317 3192 ἐν
1365 3130 1671 3207 ευλλήψει
1718 3133 2130 3204 καθεετῶεαι,
2177 3128 2319 3211 <ὡε
2366 3129 2482 3212 al>
2526 3129 2792 3207 πρώτου
2838 3125 3110 3212 (εο11.ἐν
3157 3127 3382 3205 ευλλή-

773 3239 885 3296 ψει
921 3214 1277 3303 καθεετᾶει)
1315 3219 1415 3282 καὶ
1454 3218 1758 3297 δευτέρου
1794 3220 1833 3296 ἢ
1874 3239 1975 3282 και
2013 3218 2256 3327 τρίτου;
2299 3224 2371 3281 cf.
2410 3241 2576 3299 pron.
2613 3224 2817 3297 19,14
2858 3218 2932 3281 τὸ
2972 3217 3086 3305 μὲν
3124 3219 3388 3295 πρῶτον

774 3305 926 3393 (scil.
976 3307 1290 3384 εύλληψιν
1350 3304 1758 3392 ἀναδέχεται)
1816 3309 1855 3386 ἢ
1919 3309 2076 3387 μετὰ
2135 3308 2485 3387 δευτέρων,
2545 3308 2585 3384 ἢ
2647 3308 2904 3386 τρίτων,
2964 3307 3003 3383 ἢ
3066 3307 3167 3370 καὶ
3228 3305 3387 3383 μετὰ

772 3397 1096 3474 δευτέρων
1143 3396 1244 3459 καὶ
1290 3395 1540 3474 τρίτων.

957 3490 1208 3563 104,19
1259 3483 1654 3568 ἑδείχθηεαν]
1700 3510 1868 3567 pron.
1913 3493 2072 3565 19,9
2105 3509 2229 3567 sqq.

950 3570 1018 3659 δ)
1082 3576 1238 3647 Quid
1299 3578 1537 3639 intersit
1596 3582 1751 3639 inter
1812 3583 2056 3640 nomina
2116 3581 2450 3655 possessiva
2512 3583 2573 3639 et
2634 3582 2988 3656 pronomina
3049 3578 3388 3655 possessiva

779 3670 924 3743 104,
946 3667 1271 3742 21—105‚
1294 3669 1391 3725 22.

950 3757 1303 3816 Possessivis
1348 3760 1400 3816 et
1431 3761 1878 3832 pronominibus
1915 3765 1967 3819 et
2000 3761 2331 3819 nommibus
2374 3761 2516 3818 haee
2560 3761 2889 3818 communia
2933 3762 3098 3817 sunt:
3145 3756 3211 3831 a)
3246 3775 3390 3831 pos-

772 3865 997 3906 sessum
1039 3846 1391 3905 subauditur
1399 3868 1422 3919 ‚·
1466 3848 1527 3922 b)
1573 3851 1722 3909 inest
1766 3855 1817 3909 et
1849 3852 2209 3924 possessoris
2255 3853 2307 3908 et
2341 3852 2599 3923 possessi
2633 3866 2894 3923 persona
2904 3869 2926 3919 ‚·
2980 3847 3037 3919 e)
3078 3850 3145 3907 in
3190 3864 3392 3906 eorum

774 3939 962 3995 locum
1002 3937 1298 4008 yenetivus
1341 3943 1693 4010 possessoris
1749 3941 2022 4000 substitui
2066 3943 2268 4013 potest.
2361 3938 2481 3996 His
2526 3955 2660 3997 vero
2703 3939 2877 3997 rebus
2920 3939 3072 3995 inter
3116 3954 3179 3996 se
3221 3937 3390 4008 diffe-

771 4029 940 4085 runt:
986 4026 1051 4097 a)
1080 4029 1434 4097 pronomina
1469 4031 1766 4101 quemlibet
1791 4046 2202 4104 possessorem,
2239 4031 2482 4087 nomina
2516 4028 2808 4107 interdum
2844 4031 3060 4085 eertum
3095 4026 3390 4100 quendam

771 4115 1038 4173 indicant
1053 4136 1071 4181 ‚·
1137 4114 1198 4187 b)
1243 4117 1309 4173 in
1359 4120 1688 4178 nominibus
1740 4137 1966 4193 semper
2019 4120 2174 4177 duae
2226 4120 2427 4177 tertiae
2469 4135 2627 4191 pers.
2683 4119 2911 4185 imunt,
2975 4118 3042 4175 in
3085 4116 3389 4188 pronomi-

771 4205 947 4263 nibus
989 4219 1110 4261 non
1152 4206 1317 4275 item‚·
1374 4207 1431 4279 e)
1474 4209 1541 4266 in
1584 4211 1934 4282 possessivis
1987 4210 2063 4268 ab
2117 4208 2487 4282 appellativi-s
2540 4207 2846 4273 derivatis,
2906 4208 3043 4279 quot
3083 4207 3204 4263 sint
3244 4220 3391 4277 pos-

773 4310 1048 4359 sessores,
1102 4294 1421 4366 iynoratur,
1475 4315 1595 4357 non
1635 4300 1945 4373 iynoratur
1986 4300 2054 4357 im
2102 4298 2581 4371 pronominibus,
2625 4313 2731 4355 neo
2772 4298 2839 4354 in
2885 4297 2968 4354 eis
3016 4296 3390 4368 possessivis,

774 4400 923 4456 quae
966 4398 1008 4439 a
1050 4385 1377 4445 nominibus
1413 4390 1677 4462 propriis
1722 4389 2087 4447 descendmu.
2179 4385 2295 4445 Sed
2328 4389 2685 4460 pronomina
2733 4388 2785 4443 et
2818 4386 3155 4458 possessiva
3199 4402 3238 4442 a
3279 4399 3391 4440 no—

772 4471 1028 4531 minibus
1073 4477 1335 4546 propriis
1387 4477 1561 4535 ducta
1611 4479 1723 4536 hae
1774 4495 1841 4536 re
1893 4479 2045 4536 inter
2098 4495 2159 4534 se
2203 4477 2506 4549 differunt,
2563 4476 2716 4549 quod
2767 4474 3063 4532 insolitum
3118 4477 3202 4531 est
3252 4489 3393 4530 eum

774 4556 1174 4622 Αἰάντειοε
1218 4565 1342 4622 sim.
1390 4563 1634 4640 πατήρ
1681 4568 1982 4639 ooniwnyi,
2038 4583 2169 4623 oum
2216 4561 2393 4638 έμόε
2440 4566 2529 4623 vel
2574 4560 2698 4624 εόε
2745 4564 2915 4637 wlyo
2959 4558 3205 4636 πατήρ
3252 4578 3391 4619 eon·

774 4653 1035 4724 immam
1083 4653 1693 4730 104,21—105‚22.
1787 4652 1874 4712 of.
1923 4654 2100 4713 Prisc.
2149 4654 2265 4712 ΧΠ
2314 4657 2398 4713 20
2443 4674 2501 4730 p.
2543 4654 2689 4729 588,
2713 4656 2841 4712 9—
2890 4653 3037 4725 589,
3058 4653 3115 4709 e.
3199 4704 3203 4708 .

956 4740 1158 4815 105,2
1206 4740 1285 4805 οὐ
1341 4741 1523 4806 κοινὰ
1570 4740 1669 4823 δέ]
1728 4744 1909 4803 Prisc.
1958 4743 2074 4802 XII
2118 4764 2173 4820 p.
2216 4744 2466 4818 588,19
2525 4744 2738 4821 legisse
2792 4741 2984 4801 videri
3036 4737 3115 4800 οὐ
3162 4736 3392 4800 κοινὸν

775 4825 846 4886 δὲ
893 4834 1092 4890 monet
1135 4832 1411 4912 Egenolff
1441 4834 1471 4892 I
1511 4836 1668 4908 8413
1715 4829 1794 4893 οὐ
1840 4828 2046 4892 ταύτὰ
2091 4831 2163 4892 δὲ
2202 4832 2480 4893 Hoersch.
2514 4834 2662 4907 381,
2710 4832 2866 4908 quod
2910 4832 3039 4889 iure
3083 4828 3397 4906 improbat

775 4916 1050 4995 Egenolff
1086 4921 1174 4981 IV
1210 4925 1312 4984 49.

952 5013 1153 5089 105,3
1204 5013 1325 5073 Ska
1361 5013 1392 5071 I
1434 5014 1536 5087 23,
1582 5012 1652 5071 cl.
1691 5010 1872 5072 Prisc.
1910 5012 2028 5071 XII
2072 5033 2127 5090 p.
2169 5013 2317 5088 588,
2342 5014 2438 5072 19.
