3738 5530
637 351 681 414 4
812 349 1255 404 Commentarius
1284 348 1510 402 criticus
1539 351 1598 402 et
1625 348 1945 418 exegeticus
1974 348 2033 401 in
2062 346 2349 417 Apollonii
2377 346 2606 415 Dyscoli
2636 348 2849 417 scripta
2874 348 3108 403 minora.

818 520 876 592 3,
900 519 1176 577 12—15.
1251 517 1429 576 Prisc.
1476 516 1650 576 XVII
1691 518 1815 576 175
1876 512 2228 590 ‘sciendum,
2288 515 2445 593 quod
2506 519 2827 595 coniugata
2880 518 3251 594 pronomina,

639 627 791 685 quae
839 603 1073 679 εύζυγα
1116 607 1584 666 Aristarchus
1640 609 1843 681 vocat,
1908 609 2092 666 trium
2146 625 2533 684 personarum
2585 608 2895 683 primitiva
2948 624 3051 665 seu
3097 606 3250 665 deri-

639 698 844 757 vativa
889 699 1141 756 invicem
1186 715 1295 773 pro
1343 715 1404 755 se
1449 698 1593 772 poni
1638 715 1744 773 per
1789 697 2196 756 confusionem
2239 715 2627 773 personarum
2671 695 2806 755 ideo
2854 714 2959 756 nec
2999 695 3251 775 figurate

636 788 918 863 possunt,
982 786 1275 862 quomodo
1334 805 1442 844 nec
1501 784 1711 860 verba,
1776 788 1921 862 quia
1984 788 2103 845 tres
2164 787 2321 845 solas
2380 804 2551 845 voces
2612 787 2675 844 in
2733 786 2926 845 tribus
2984 787 3251 861 personis

639 870 898 936 habent’.
989 875 1165 933 XVII
1205 877 1287 934 60
1335 870 1562 951 ‘itaque
1606 874 1755 935 bene
1801 874 2038 935 dicebat
2082 875 2579 950 Aristarchus,
2636 875 2891 954 coniuga
2946 892 3070 934 esse
3120 894 3249 951 per-

639 969 798 1025 sonis
844 967 1214 1041 pronomina,
1261 983 1393 1023 cum
1439 965 1715 1024 similiter
1751 967 1817 1034 et
1846 968 2157 1024 coniuncte
2193 984 2298 1041 per
2335 983 2535 1025 omnes
2570 982 2854 1041 personas
2891 963 3254 1023 definiuntur

639 1056 735 1115 vel
781 1055 1285 1114 demonstratione
1331 1054 1425 1112 vel
1471 1055 1778 1128 relatione,
1823 1054 2007 1113 verba
2051 1072 2190 1113 vero
2236 1055 2572 1132 inconiuga,
2618 1074 2753 1113 cum
2788 1058 2852 1113 in
2887 1054 3085 1130 prima
3121 1054 3251 1129 qui-

639 1144 774 1204 dem
820 1147 880 1203 et
925 1144 1182 1203 secunda
1226 1161 1480 1220 persona
1524 1143 1838 1217 finiuntur,
1884 1146 1947 1203 in
1995 1145 2176 1202 tertia
2221 1162 2360 1203 vero
2407 1163 2551 1220 non,
2611 1146 2727 1203 nisi
2774 1146 3126 1221 praecipuus
3174 1145 3254 1202 sit

641 1233 717 1292 ad
765 1234 1026 1309 aliquem
1072 1253 1257 1291 unum
1301 1236 1602 1309 pertinens
1650 1237 1835 1306 actuS,
1882 1237 1951 1292 ut
1998 1227 2340 1292 ‘fulminat’.
2361 1228 2381 1257 ⁹

815 1322 946 1382 Hac
991 1325 1123 1381 tota
1167 1323 1230 1380 in
1277 1341 1340 1381 re
1377 1322 1748 1399 Apollonius,
1797 1323 1921 1382 sive
1969 1323 2125 1398 quod
2170 1325 2458 1382 memoria
2502 1342 2637 1381 eum
2682 1323 2896 1381 fefellit
2932 1323 3056 1380 sive
3093 1320 3253 1398 quod

638 1413 996 1472 sententiam
1041 1430 1212 1471 suam
1256 1413 1621 1487 retractavit,
1667 1430 1864 1471 secum
1911 1414 2038 1488 ipse
2083 1415 2330 1489 pugnat.
2421 1412 2579 1470 Nam
2623 1413 2883 1489 primum
2917 1411 3253 1470 Aristarchi

638 1501 1042 1561 definitionem
1089 1493 1382 1581 (definitio
1430 1503 1587 1560 enim
1632 1505 1740 1575 est,
1787 1520 1907 1561 non
1953 1494 2305 1582 appellatio)
2356 1501 2478 1560 alia
2514 1497 2819 1561 sententia
2845 1501 3075 1577 accepit
3107 1500 3164 1557 h.
3195 1501 3253 1575 1.,

639 1592 760 1651 alia
805 1591 870 1649 in
913 1589 1067 1650 libro
1114 1590 1186 1649 de
1233 1592 1446 1649 constr.
1489 1593 1633 1664 100,
1659 1593 1739 1650 19
1801 1590 1940 1651 πῶς
1996 1585 2115 1651 οὖν
2170 1587 2290 1651 οὐκ
2344 1586 2589 1665 εὐήθεις
2645 1586 2708 1652 οἱ
2761 1586 2907 1664 περὶ
2952 1584 3252 1665 Ἅβρωνα

640 1675 1159 1755 καταδραμόντες
1203 1674 1617 1754 Ἀριετάρχου
1666 1676 1755 1740 ὼε
1802 1675 1882 1740 οὐ
1929 1677 2210 1741 δεόντως
2257 1676 2553 1755 φαμένου
2600 1676 2761 1739 κατὰ
2798 1675 3112 1754 πρόεωπα
3149 1693 3251 1738 (υ-

636 1765 870 1841 ζύγουε
925 1765 1040 1829 τὰ(
1096 1764 1522 1843 ἀντωνυμίαε,
1579 1764 1761 1829 ‘meo
1809 1765 2026 1830 κοινὸε
2071 1765 2109 1829 ὁ
2157 1764 2312 1844 ὅροε
2357 1766 2460 1828 καὶ
2506 1764 2809 1844 ῥημάτων
2854 1766 2957 1828 καὶ
3004 1764 3251 1842 μᾶλλόν

637 1874 713 1930 γε
773 1855 988 1919 αὐτῶν
1029 1905 1040 1917 .
1083 1905 1095 1917 .
1136 1852 1170 1916 .’
1257 1853 1560 1918 Φαίνεται
1621 1854 1743 1933 γὰρ
1805 1852 1906 1918 ὅτι
1965 1854 2003 1918 ὁ
2064 1856 2179 1933 μὲν
2238 1854 2644 1933 Ἀρίεταρχοε
2706 1853 2784 1919 οὐ
2846 1854 2964 1932 τὴν
3020 1853 3253 1933 φωνὴν

637 1943 911 2023 ὡρίεατο
959 1947 1073 2020 τῆς
1119 1942 1536 2021 ἀντωνυμίαε,
1581 1941 1748 2007 ἀλλὰ
1795 1944 1872 2008 τὸ
1921 1942 1986 2008 ἐξ
2026 1943 2219 2022 αὐτῆς
2257 1942 2837 2023 παρυφιετάμενον.
2929 1947 3059 2006 Ηοο
3096 1949 3252 2006 οιιιιιι

637 2038 1006 2113 antonymici
1059 2037 1189 2096 loco
1245 2037 1335 2095 ita
1390 2055 1521 2096 eam
1574 2036 1872 2096 intellexit
1916 2039 1986 2096 ut
2030 2054 2212 2115 supra
2256 2036 2537 2096 diximus:
2592 2038 2971 2113 pronomina,
3030 2039 3252 2112 quippe

640 2146 792 2228 quae
838 2146 870 2185 e
917 2126 1163 2185 diversis
1219 2125 1503 2203 stirpibus
1558 2125 1940 2202 proveniant,
2002 2145 2120 2186 non
2177 2144 2319 2186 voce
2372 2128 2469 2185 vel
2526 2127 2722 2199 foma
2779 2128 2938 2185 inter
2996 2144 3056 2184 se
3117 2143 3251 2184 con·

637 2217 870 2292 sociari,
917 2216 1019 2274 sed
1062 2218 1125 2274 in
1172 2215 1247 2274 iis
1293 2215 1679 2294 coniugandis
1725 2216 1787 2275 id
1834 2236 2020 2275 unum
2067 2218 2290 2292 quaeri,
2336 2218 2531 2276 sintne
2574 2216 2803 2292 primae
2850 2235 2927 2274 an
2964 2213 3252 2274 secundae

639 2325 717 2365 an
761 2307 975 2364 tertiae
1021 2322 1327 2406 personae.
1417 2304 1492 2362 Ei
1545 2305 1733 2383 igitur
1787 2305 2182 2407 appellationi
2227 2306 2322 2365 vel
2366 2306 2567 2381 potius
2614 2304 2944 2364 definitioni
2988 2305 3102 2363 hoc
3146 2322 3250 2378 op-

636 2397 825 2471 ponit,
870 2394 1132 2464 eiusdem
1176 2394 1262 2453 rei
1306 2394 1600 2453 rationem
1644 2393 1851 2453 haberi
1906 2397 1969 2453 ιιι
2016 2396 2321 2454 verborum
2364 2394 2570 2455 formis
2615 2393 3022 2472 coniugandiS,
3068 2395 3248 2468 atque

642 2483 788 2543 adeo
833 2487 1052 2544 rectius
1098 2482 1278 2542 verba
1324 2480 1485 2543 κατὰ
1530 2479 1846 2558 πρόεωπα
1892 2479 2129 2555 (ύζυγα
2173 2484 2310 2557 dici,
2361 2486 2581 2561 quippe
2624 2485 2689 2542 in
2736 2482 2949 2560 quibus
2996 2477 3253 2553 ευζυγία

635 2573 746 2632 illa
800 2576 981 2633 etiam
1038 2573 1255 2633 clarius
1310 2576 1602 2649 appareat
1653 2573 1980 2632 formarum
2041 2568 2391 2651 ἀκολουθίᾳ
2454 2565 2625 2654 (nam
2680 2567 3060 2633 ἀκολουθεῖν
3105 2572 3162 2629 h.
3210 2572 3249 2629 l.

637 2663 710 2721 de
745 2662 953 2721 formis
992 2662 1402 2739 accipiendum
1429 2681 1554 2721 esse
1582 2665 1788 2740 negari
1815 2663 1917 2720 vix
1943 2655 2187 2744 potest).
2278 2663 2547 2721 Eandem
2575 2661 2934 2738 obloquendi
2959 2663 3253 2720 rationem

638 2743 820 2834 (quae
866 2772 1048 2830 quam
1092 2752 1172 2811 sit
1215 2751 1390 2810 nihili
1438 2752 1699 2812 ostendit
1746 2751 2114 2812 GFSchoem.
2167 2752 2311 2813 Red.
2355 2744 2509 2835 119)
2576 2755 2810 2813 secutus
2857 2754 2987 2812 erat
3030 2748 3254 2825 Habr0,

639 2861 813 2917 quem
858 2844 986 2920 ipse
1021 2841 1377 2917 Apollonius
1422 2842 1647 2901 refutat
1691 2840 1832 2901 libri
1878 2842 1950 2901 de
1997 2845 2211 2903 constr.
2259 2844 2388 2902 loco
2435 2860 2618 2919 supra
2662 2842 2863 2901 allato.
2954 2840 3051 2899 Ibi
3095 2843 3251 2899 enim

638 2931 747 2990 illa
789 2931 1123 2991 Aristarchi
1179 2930 1519 2991 definitione
1573 2951 1692 2991 non
1750 2931 1826 2990 ad
1881 2932 2162 3004 formam,
2228 2932 2328 2991 sed
2385 2931 2461 2990 ad
2504 2934 2793 2991 notionem
2835 2931 3252 3008 pronominum

638 3022 894 3096 spectari
948 3019 1342 3079 demonstrat:
1403 3040 1544 3079 nam
1599 3019 1914 3079 verborum
1965 3024 2190 3097 primas
2239 3021 2478 3098 quidem
2524 3020 2925 3097 secundasque
2969 3037 3251 3096 personas

638 3109 912 3169 definitas
959 3128 1108 3184 esse,
1167 3111 1376 3168 tertias
1421 3109 1787 3184 indefinitam
1844 3130 1965 3187 qua
2009 3131 2073 3170 re
2118 3110 2299 3171 verba
2345 3129 2470 3170 esse
2516 3105 2819 3182 ἀεύζυγα,
2866 3112 3075 3169 contra
3117 3128 3252 3186 pro-

638 3201 945 3258 nominum
992 3217 1194 3258 omnes
1239 3216 1521 3275 personas
1568 3217 1692 3258 esse
1739 3199 2031 3275 definitas,
2079 3220 2265 3276 eaque
2301 3201 2365 3259 in
2400 3220 2464 3259 re
2500 3218 2704 3259 eorum
2740 3194 3036 3270 ευζυγίαν
3073 3217 3251 3275 quam

637 3288 855 3347 dixerit
898 3287 1280 3347 Aristarchus
1325 3290 1583 3363 positam
1629 3305 1753 3348 esse
1802 3280 1904 3370 (cf.
1943 3289 2162 3350 Theod.
2202 3288 2362 3348 Gaza
2406 3309 2464 3366 p.
2506 3291 2631 3349 337
2682 3290 2770 3348 ed.
2806 3288 2989 3348 Basil.
3032 3279 3253 3369 1541).

635 3377 772 3436 Iure
828 3378 1016 3455 igitur
1068 3377 1398 3452 meritoque
1451 3378 1666 3436 miram
1722 3378 1893 3437 illam
1954 3379 2419 3438 inconstantiam
2486 3380 2956 3455 perstrinxerunt
3010 3376 3252 3437 Classen

638 3465 737 3524 Gr.
783 3486 868 3544 gr.
915 3465 1196 3543 primord.
1247 3468 1348 3525 82.
1424 3464 1791 3526 GFSchoem.
1829 3468 1973 3526 Bed.
2017 3470 2162 3527 119.
2255 3468 2569 3543 Steinthal,
2619 3466 3253 3545 Sprachwissenschaft

641 3556 796 3630 6633
860 3557 1132 3631 spurium
1186 3558 1386 3614 autem
1440 3575 1565 3616 esse
1623 3558 1796 3615 illum
1847 3557 1987 3615 libri
2041 3557 2114 3616 de
2167 3558 2515 3633 pronomine
2570 3558 2767 3617 locum
2820 3575 2940 3615 non
2995 3556 3249 3616 concedo

640 3644 1013 3704 Schmiedero
1065 3664 1233 3720 pron.
1283 3647 1350 3703 4:
1410 3665 1549 3704 nam
1603 3647 1785 3705 etiam
1839 3646 1975 3705 aliis
2028 3648 2091 3705 in
2137 3645 2311 3706 rebus
2357 3666 2478 3706 non
2524 3648 2858 3706 constitisse
2903 3645 3017 3706 sibi
3062 3646 3248 3721 Apol-

636 3734 862 3793 lonium
917 3733 1100 3810 probe
1156 3736 1398 3809 scimus,
1462 3734 1535 3793 cf.
1583 3733 1705 3794 Ska
1749 3734 1781 3793 I
1822 3738 1931 3811 173
1987 3736 2064 3794 ad
2108 3755 2275 3812 pron.
2326 3737 2383 3811 8,
2417 3738 2482 3811 73
2534 3738 2635 3810 13,
2666 3738 2733 3812 ὃς
2782 3737 2883 3811 52,
2914 3736 3152 3812 4—54,
3182 3737 3251 3811 33

641 3825 742 3899 66,
767 3826 874 3897 17;
921 3824 1069 3883 οοιιι.
1112 3825 1258 3899 237,
1290 3823 1353 3897 33
1401 3823 1586 3902 Uhlig
1622 3824 1684 3882 H
1723 3826 1823 3882 44.
1918 3824 2292 3885 RSchneider
2326 3824 2358 3883 I
2396 3827 2544 3884 473.
2619 3824 2683 3883 L.
2719 3827 2799 3883 14
2840 3823 3086 3898 μᾶλλον
3125 3820 3248 3898 γὰρ

636 3913 809 3971 —15
859 3907 1168 3987 εἰρήεεται
1213 3914 1444 3972 uncinis
1489 3914 1734 3972 inclusit
1777 3913 1982 3992 Lange
2027 3936 2143 3993 mg.

811 4005 872 4062 2.
927 4002 1051 4061 Nee
1083 4006 1231 4062 reete
1257 4003 1701 4076 Dionysodorus
1728 4003 2077 4063 Troezenius
2103 4006 2461 4078 pronomina
2487 4005 2637 4063 dixit
2671 3998 3250 4078 παρονομαείαε

634 4094 675 4151 i.
723 4108 768 4151 e.
813 4108 978 4151 voees
1021 4093 1319 4151 derivatas
1327 4113 1350 4163 ,·
1396 4093 1740 4151 derivantur
1785 4095 1939 4152 enim
1985 4095 2158 4153 etiam
2202 4095 2359 4153 aliae
2402 4110 2596 4165 voees‚·
2642 4094 2862 4153 accedit
2904 4093 3058 4167 quod
3100 4094 3253 4152 inter

627 4183 988 4255 pronomina
1038 4198 1159 4240 non
1212 4185 1409 4241 extant
1460 4181 1788 4241 derivativa
1833 4186 2072 4257 praeter
2106 4185 2476 4257 possessiva:
2522 4187 2709 4243 cetera
2755 4185 2908 4243 enim
2942 4184 3253 4256 primitiva

638 4274 779 4330 sunt
824 4270 884 4346 3,
903 4271 1179 4330 16-19,

815 4359 1226 4430 Quaerendum
1271 4362 1362 4419 est
1406 4361 1691 4436 primum,
1747 4360 1891 4436 quid
1939 4357 2384 4436 παρονομαεία
2438 4362 2756 4440 significet3
2812 4361 3050 4435 deinde,
3109 4359 3253 4436 quid

636 4450 708 4507 de
767 4449 1257 4525 interpretatione
1316 4449 1624 4525 Apollonii
1683 4452 1744 4507 et
1805 4450 1877 4509 de
1936 4451 2164 4510 tradita
2219 4452 2395 4510 huius
2457 4452 2572 4511 loci
2622 4452 2928 4527 ‘scriptura
2986 4451 3252 4510 statuen-

635 4539 778 4596 dum
823 4539 918 4598 sit.

814 4628 1031 4688 Lersch
1079 4627 1402 4704 Sprachph.
1442 4627 1504 4685 H
1542 4628 1625 4686 58
1676 4622 1792 4686 ‘bei
1829 4628 1963 4688 dem
2001 4647 2215 4689 nomen
2251 4624 2553 4689 stehende’
2590 4630 2685 4689 vel
2725 4626 2877 4689 ‘eine
2914 4628 3253 4705 Beziehung

636 4718 747 4774 auf
796 4716 902 4777 das
955 4712 1195 4776 nomen'
1251 4718 1692 4792 interpretatur.
1783 4717 1871 4776 At
1933 4719 2072 4778 talis
2129 4719 2453 4796 appellatio
2510 4738 2749 4796 prorsus
2807 4721 3014 4795 inepta
3072 4720 3253 4793 esset;

637 4826 776 4864 nam
821 4809 1178 4882 pronomina
1221 4825 1338 4865 non
1389 4807 1462 4864 ad
1503 4809 1753 4866 nomina
1797 4808 2151 4884 referuntur,
2202 4828 2355 4886 quae
2399 4808 2574 4867 rebus
2620 4809 2716 4868 vel
2761 4806 3097 4867 hominibus
3142 4810 3253 4865 im-

635 4898 943 4972 ponimus,
1002 4896 1104 4956 sed
1167 4895 1240 4954 ad
1302 4897 1463 4971 ipsas
1523 4914 1616 4955 res
1676 4896 2074 4974 hominesque.
2182 4898 2375 4957 Graef.
2422 4898 2453 4955 I
2501 4899 2628 4956 468
2689 4898 2998 4974 Apollonii
3056 4898 3252 4957 locum

639 4987 881 5043 omnino
927 5004 1044 5043 non
1091 4985 1412 5058 intellexit3
1459 4984 1606 5043 dicit
1651 4988 1832 5044 enim:
1882 4981 2255 5063 ‘Apollonios
2301 4987 2485 5062 Dysk.
2532 4988 2639 5046 hat
2683 4988 2884 5047 diesen
2919 4986 3252 5061 Ausdruck,
