3738 5530
695 357 823 423 188
897 357 1339 413 Commentarius
1367 358 1593 414 criticus
1622 360 1680 413 et
1705 359 2027 430 exegeticus
2054 359 2115 414 in
2142 358 2429 430 Apollonii
2457 359 2685 430 Dyscoli
2713 361 2925 431 scripta
2950 360 3186 416 minora.

874 530 906 587 1
919 529 1020 603 74,
1041 529 1078 588 3
1126 528 1504 605 Tryphonem
1560 522 1771 590 αὕτως
1815 528 1994 589 scribi
2048 529 2304 591 voluisse
2350 533 2628 607 apparet3
2681 530 2840 591 idem
2885 533 3121 591 tutatur
3164 532 3300 591 Ari-

691 617 960 677 starchus
1005 616 1284 677 adversus
1334 617 1715 693 Zenodotum,
1759 619 1830 678 cf.
1877 618 2063 679 Lehrs
2108 610 2322 680 Arist?
2372 620 2526 695 1523
2585 612 2791 701 (schol.
2831 621 2883 679 B
2929 621 3007 681 ad
3051 617 3103 681 Α
3146 622 3299 697 133;

690 705 803 765 AV
849 705 925 765 ad
971 705 1021 766 Σ
1062 707 1215 780 584;
1271 706 1376 766 ΑΡ
1411 706 1504 766 ΠΙ
1547 699 1797 789 125,4).
1890 708 1961 767 In
2007 706 2116 768 Ao
2154 708 2187 767 I
2234 711 2397 784 5,10
2445 729 2596 786 quae
2642 709 2970 786 disputatio
3015 712 3302 789 migravit

689 796 754 855 in
790 795 906 854 EM
944 797 1090 870 172,
1110 798 1188 855 41
1241 799 1302 855 et
1347 794 1452 855 EG
1491 798 1718 872 94,47,
1764 797 1841 856 ab
1888 792 2034 858 ἐτός
2080 800 2141 857 et
2177 796 2219 858 ἇ
2256 798 2576 875 derivatur,
2622 818 2803 875 quam
2844 800 3299 878 originationem

691 884 1032 945 dubitanter
1076 885 1415 946 Herodiano
1462 887 1732 964 assignat
1775 886 1959 947 Lentz
1994 887 2058 945 H
2097 888 2245 962 315,
2266 890 2544 949 22—30.
2620 887 2708 949 Cf.
2747 889 3078 949 Buttmann
3113 889 3296 950 Lexil.

689 974 720 1031 I
758 975 870 1049 343
915 972 1270 1035 GHermann
1307 993 1503 1051 opusc.
1539 975 1571 1034 I
1609 976 1755 1036 338.
1801 976 1896 1034 111
1936 978 2092 1053 19ος
2135 977 2319 1037 Lentz
2354 979 2419 1036 in
2453 977 2667 1038 Philol.
2706 978 2738 1036 Ι
2779 979 2935 1055 715;
2981 978 3054 1038 de
3080 978 3299 1039 Velsen

689 1063 930 1139 Trypho
979 1065 1089 1141 533
1135 1046 1236 1124 'La
1293 1064 1517 1141 soche,
1573 1065 1750 1141 Text,
1810 1066 2062 1126 Zeiohen
2120 1066 2245 1127 und
2305 1065 2579 1128 scholion
2637 1067 2740 1128 des
2781 1068 3044 1129 Venetus
3094 1070 3160 1144 93
3218 1068 3296 1128 id.

687 1152 742 1210 h.
783 1153 848 1212 Τ.
890 1155 1016 1214 209
1038 1173 1163 1231 sqq.

870 1244 1016 1318 174,
1036 1244 1073 1302 6
1122 1239 1224 1303 καὶ
1269 1239 1457 1323 αὐτό]
1506 1238 1726 1321 ‘ipsum
1772 1241 2050 1321 quoque’‚
2095 1247 2166 1304 ut
2209 1241 2333 1307 ἕως
2380 1245 2537 1322 quod
2580 1246 2897 1323 praecedit.

871 1333 1016 1408 174,
1039 1333 1075 1391 6
1137 1327 1541 1413 Ἡρακλείδῃ]
1600 1333 1979 1394 Heraclidem
2040 1334 2187 1394 dicit
2247 1335 2578 1410 Milesium,
2641 1337 2808 1396 cuius
2871 1336 3091 1396 librum
3152 1333 3298 1412 περὶ

687 1420 1023 1494 καθολικῆς
1067 1417 1430 1503 προςῳδίας
1474 1426 1898 1484 commemorat
1941 1426 2096 1501 synt.
2147 1425 2295 1499 332,
2318 1427 2416 1484 15.
2467 1426 2614 1501 334,
2637 1428 2747 1502 273
2807 1445 2877 1485 ex
2923 1427 3127 1487 eodem
3172 1428 3297 1487 sine

686 1508 866 1570 dubio
914 1512 1095 1571 etiam
1138 1511 1195 1569 h.
1234 1512 1272 1570 l.
1320 1511 1666 1589 desumptus
1711 1515 1815 1573 est.
1912 1512 1997 1573 Of.
2034 1511 2279 1590 LGohn‚
2329 1513 2420 1574 De
2464 1514 2779 1575 Heraclide
2824 1516 3055 1577 Milesio
3102 1536 3297 1595 gram·

685 1600 904 1660 matico
948 1602 1013 1659 in
1057 1600 1211 1660 Berl.
1252 1600 1419 1661 Stud.
1457 1601 1489 1660 I
1537 1602 1908 1679 603—718‚
1953 1622 2127 1664 seors.
2164 1603 2358 1664 Berol.
2402 1605 2606 1679 1884,
2651 1607 2714 1664 et
2758 1605 2929 1682 ffiye,
2975 1606 3065 1665 De
3110 1606 3298 1666 Hera-

687 1688 877 1749 clidae
921 1690 1140 1751 Milesii
1183 1689 1400 1750 studiis
1444 1690 1775 1751 Homericis
1819 1693 1886 1751 in
1930 1692 2125 1770 Leipz.
2165 1692 2330 1752 Stud.
2360 1692 2450 1752 VI
2488 1695 2569 1753 93
2591 1712 2717 1771 sqq.

868 1781 1014 1855 174,
1037 1783 1071 1839 7
1122 1780 1279 1857 quod
1320 1778 1790 1840 GFSchoemann
1825 1783 2139 1859 proposuit
2176 1779 2266 1859 (H
2306 1785 2387 1842 14
2410 1809 2494 1831 ==
2515 1796 2711 1860 opusc.
2741 1783 2830 1843 IV
2870 1776 3046 1867 259),
3091 1803 3299 1844 vereor

685 1884 776 1926 ne'
804 1886 924 1928 non
970 1870 1287 1929 conveniat
1329 1889 1465 1930 cum
1499 1869 1613 1947 Ap.
1652 1871 2103 1946 consuetudine3
2150 1873 2275 1948 qui,
2321 1874 2611 1949 quantum
2655 1874 2916 1949 memini,
2962 1869 3125 1934 κατὰ
3162 1870 3295 1934 ςτέ-

686 1972 861 2030 ρηςιν
916 1958 1012 2017 vel
1067 1953 1137 2018 ἐν
1194 1955 1472 2034 ςτερήςει
1526 1953 1688 2020 εἶναι
1743 1962 1850 2020 aut
1905 1979 2037 2020 cum
2091 1963 2366 2039 genetivo
2412 1963 2538 2022 eius
2584 1965 2745 2023 vocis
2793 1964 3100 2041 coniungit
3146 1982 3297 2040 quae

684 2049 954 2125 negatur,
1001 2049 1108 2106 aut
1152 2067 1285 2108 cum
1328 2049 1422 2108 his
1468 2045 1585 2123 τὴν
1627 2044 1732 2109 διὰ
1776 2048 1895 2110 τοῦ
1942 2047 2007 2122 fi,
2053 2053 2124 2110 ut
2169 2050 2300 2112 adv.
2344 2053 2489 2126 144,
2512 2054 2592 2111 17
2640 2047 2802 2112 κατὰ
2848 2048 3130 2126 ςτέρηςιν
3177 2047 3297 2113 οὖν

686 2131 803 2209 τὴν
851 2131 956 2196 διὰ
1000 2135 1118 2196 τοῦ
1165 2134 1207 2196 a
1254 2132 1502 2208 ἐγίνετο
1550 2131 1754 2210 ἄνιος;
1801 2139 1874 2198 cf.
1907 2139 1986 2198 ib.
2021 2141 2167 2215 137,
2187 2141 2243 2198 4;
2288 2142 2433 2216 194,
2456 2142 2567 2217 293
2613 2144 2762 2201 coni.
2797 2143 3075 2217 231,10;
3121 2142 3300 2202 aliter

685 2228 1094 2302 comparatum
1155 2229 1245 2287 est
1304 2229 1458 2303 synt.
1510 2228 1611 2302 56,
1636 2229 1715 2287 23
1776 2224 1857 2288 τὰ
1920 2224 1991 2290 ἐν
2052 2226 2328 2304 ςτερήςει
2390 2227 2722 2305 λεγόμενα.
2785 2263 2860 2272 --
2918 2229 3296 2307 Συναλοιφή

620 2338 633 2358 ·
686 2313 1019 2390 ξκρᾶςις,
1066 2315 1137 2374 cf.
1175 2315 1318 2375 Lob.
1355 2315 1470 2375 ΕΠ.
1509 2316 1540 2375 I
1587 2318 1731 2378 315.
1786 2350 1861 2359 -
1915 2314 2235 2397 Μενέλας]
2282 2319 2424 2380 Ahr.
2464 2319 2626 2378 diall.
2666 2320 2726 2379 Π
2778 2321 2979 2380 199ῐι.
3020 2322 3076 2380 8.

860 2401 1163 2465 Adverbia
1216 2423 1365 2479 quae
1416 2408 1483 2465 in
1537 2403 1670 2480 ῐυΤς
1723 2409 1997 2468 desinunt
2049 2411 2326 2482 quoniam
2369 2428 2410 2468 a
2452 2410 2854 2469 numeramus
2906 2412 2993 2470 ita
3037 2411 3299 2472 derivari

681 2493 878 2563 solent,
923 2497 992 2553 ut
1031 2490 1129 2555 κ-ιέ
1161 2496 1229 2554 in
1263 2491 1394 2568 5115?
1432 2499 1707 2564 transeat,
1752 2515 1995 2557 numero
2028 2498 2392 2572 syllabarum
2431 2500 2774 2572 adaequato,
2820 2502 3121 2573 quaeritur
3156 2502 3298 2574 quid

682 2584 761 2641 sit
794 2584 947 2656 quod
982 2583 1212 2659 διχῶς
1253 2582 1528 2659 τριχῶς
1563 2603 1689 2645 una
1714 2586 1944 2662 syllaba
1970 2604 2133 2646 voces
2169 2583 2281 2649 δίς
2317 2584 2475 2663 τρίς
2512 2592 2799 2663 swerent.
2859 2585 3051 2663 Atque
3074 2593 3299 2664 poteris

681 2688 826 2731 sam
877 2673 1090 2743 dicere,
1147 2672 1374 2747 διχῶς
1422 2692 1491 2734 ex
1535 2669 1795 2736 δυάκις
1847 2676 2074 2749 factm
2127 2693 2275 2736 esse:
2330 2678 2434 2737 sed
2486 2678 2712 2751 formae
2762 2695 2882 2737 mm
2935 2681 3294 2739 conveniunt.

680 2761 954 2823 Praestat
985 2764 1165 2838 ἱρέων
1199 2764 1285 2824 sic
1317 2768 1584 2835 mamere,
1631 2765 1886 2826 vocalem
1913 2762 1990 2845 (ἰ)
2022 2770 2466 2842 primitivarum
2500 2786 2705 2828 vocum
2741 2764 2865 2846 (δίς
2900 2763 3063 2846 τρίς)
3098 2787 3295 2829 ser-va-

569 2923 576 2928 ·
682 2854 804 2911 tam
840 2868 975 2922 esse,
1011 2871 1086 2913 ne
1120 2855 1300 2928 stirps
1324 2870 1577 2928 prorsus
1612 2855 2035 2916 oblitteraretur
2083 2859 2230 2931 174,
2253 2859 2527 2917 12-32,
2578 2856 2664 2916 Of.
2684 2858 2823 2917 Her.
2844 2857 2877 2916 I
2902 2858 3050 2934 513,
3073 2862 3148 2918 11
3166 2877 3294 2935 sqq.

864 2944 1012 3017 174,
1034 2944 1115 3002 12
1165 2942 1286 3002 ska
1320 2943 1385 3002 H
1425 2945 1524 3003 27.
1607 2944 1860 3005 Dronkii
1909 2946 2379 3006 emendationem
2423 2946 2641 3023 probat
2685 2947 2965 3027 Egenolff
2996 2947 3029 3006 I
3067 2949 3211 3008 839.

864 3032 1010 3106 174,
1035 3032 1113 3091 18
1165 3028 1304 3111 Καὶ]
1355 3026 1484 3094 Κᾶν
1528 3033 1741 3094 Matth.
1780 3035 1812 3093 Ι
1861 3037 1974 3110 74,
2018 3056 2071 3095 v.
2113 3038 2422 3097 comment.
2460 3036 2534 3096 de
2578 3035 2692 3113 Ap.
2733 3040 2990 3097 consuet.

866 3122 1010 3196 174,
1031 3123 1107 3180 21
1159 3115 1441 3201 <τοῦτο>
1485 3124 1875 3200 superfluum3
1926 3119 2246 3199 ἐμποδίζει
2276 3152 2360 3174 =
2388 3125 2812 3203 impedimento
2860 3130 2978 3201 est,
3022 3128 3093 3187 ut
3137 3130 3292 3204 synt.

688 3210 833 3286 136,
854 3210 891 3270 3
941 3206 1021 3269 τὰ
1066 3204 1493 3285 ἐμποδίζοντα
1513 3238 1597 3261 =
1616 3213 2057 3290 impedimenta.

865 3300 1113 3373 174‚27
1161 3300 1299 3360 Her.
1337 3300 1400 3360 H
1447 3303 1596 3377 486,
1615 3304 1863 3378 4-13;
1906 3302 2050 3363 Lob.
2090 3303 2204 3363 En.
2240 3304 2273 3363 I
2311 3306 2458 3365 449.
2497 3305 2642 3364 463.

864 3390 1011 3463 174,
1032 3388 1305 3449 2812012.
1345 3389 1421 3449 ad
1464 3391 1685 3468 th.
1728 3392 1885 3467 5513
1928 3393 2044 3452 En.
2081 3394 2114 3453 1
2163 3394 2306 3453 281.

855 3477 1008 3536 Sunt
1051 3480 1153 3552 qui
1196 3480 1455 3540 scribant
1495 3475 1789 3555 ἡςύχῶς
1837 3486 1891 3542 et
1930 3477 2192 3563 ἡςύχῃ,
2241 3487 2383 3556 quia
2427 3484 2574 3543 talia
2618 3484 2899 3545 adverbia
2942 3486 3008 3544 iu
3051 3482 3142 3545 ffi‘c'
3190 3477 3292 3568 (ab

679 3566 989 3627 adjectivis
1047 3569 1112 3626 in
1163 3566 1238 3628 οἳ
1293 3561 1589 3651 derivata)
1652 3588 1783 3631 oum
1833 3573 2114 3647 ymetivis
2173 3564 2383 3655 (plur.)
2444 3577 2681 3633 accentu
2739 3577 3040 3634 convenire
3097 3576 3292 3635 solent.

678 3656 910 3716 Emm
963 3658 1299 3733 analoyiam
1350 3663 1671 3733 sequuntur
1714 3662 1997 3721 adverbia
2045 3664 2281 3736 qemina
2324 3665 2391 3721 in
2434 3660 2491 3743 ᾖ.
2588 3662 2808 3724 Contra
2852 3666 2954 3737 qui
2996 3659 3292 3738 ἡςυχῶς

677 3741 914 3825 ἡςυχῇ
960 3748 1137 3807 scribi
1179 3748 1350 3817 volet,
1404 3749 1470 3808 id
1512 3751 1645 3822 fieri
1689 3750 1853 3824 dicct,
1896 3754 1963 3810 ut
2003 3751 2112 3811 illa
2157 3769 2288 3812 cum
2332 3754 2530 3811 ceteris
2572 3755 2639 3812 iu
2683 3749 2773 3812 ὤὶ
2820 3756 2873 3812 et
2912 3754 2953 3833 ῇ
3001 3755 3294 3814 adverbiis

679 3836 1078 3910 adaequentur
1127 3837 1525 3911 175‚1—24.
1609 3838 1749 3898 Her.
1786 3839 1819 3898 1
1864 3841 2224 3914 489,1-4.
2272 3843 2423 3917 490,
2445 3842 2546 3902 23.
2596 3843 2863 3918 513‚12.

864 3925 1009 4000 175,
1029 3927 1067 3985 8
1116 3925 1395 3987 Schaefer
1441 3927 1515 3987 ad
1562 3926 1734 4006 Greg.
1777 3926 1906 3989 Gor.
1941 3929 2118 3988 214*.

860 4015 1110 4091 175,12
1158 4015 1301 4075 ΑΜ.
1339 4017 1504 4076 dian.
1540 4016 1603 4076 11
1651 4018 1875 4094 34‚19.

861 4103 1111 4179 1⁷5,19
1156 4099 1353 4184 ἵεαμι]
1400 4105 1539 4165 Her.
1577 4106 1640 4165 Π
1687 4108 1834 4182 843,
1856 4109 2134 4168 30—31.
2219 4108 2223 4111 ’

861 4193 1107 4268 175,21
1157 4188 1322 4273 ἴςας]
1367 4195 1507 4256 Her.
1547 4196 1579 4254 I
1625 4197 1774 4272 470,
1796 4199 1896 4257 20.

864 4282 1010 4358 175,
1033 4284 1113 4342 22
1161 4279 1427 4362 κωλύοι]
1475 4284 1729 4346 κωλῦον
1772 4285 1987 4346 Mat-th.
2024 4287 2057 4346 I
2097 4289 2207 4363 743
2250 4309 2304 4347 v.
2344 4290 2652 4348 comment.
2691 4288 2763 4347 de
2799 4288 2912 4366 Ap.
2952 4279 3294 4373 consuetff}

859 4367 1407 4446 Νουνεχόντως
1449 4374 1601 4434 ἱααιά
1636 4375 1963 4435 Menandri
2005 4381 2292 4447 notamus,
2339 4379 2492 4452 quod
2538 4381 2588 4437 ei
2633 4377 2870 4438 casuale
2905 4397 2946 4438 a
2986 4397 3096 4453 quo
3140 4379 3293 4440 den·-

677 4464 879 4520 vatwm
921 4462 1001 4520 cit
1031 4466 1270 4535 praesto
1313 4480 1434 4522 non
1479 4467 1573 4523 est.
1646 4464 1762 4524 Sed
1803 4468 2043 4540 saepius
2085 4469 2156 4540 fit
2196 4471 2264 4526 ut
2307 4485 2336 4526 e
2384 4467 2617 4527 duabus
2659 4468 2894 4528 vocibus
2936 4487 3062 4528 una
3111 4469 3291 4528 ooale-

675 4553 832 4622 scat;
866 4552 953 4609 ita
981 4568 1050 4609 ex
1084 4550 1272 4611 νοῦν
1308 4556 1360 4611 et
1396 4547 1593 4626 ἔχων
1623 4572 1810 4613 unum
1837 4553 2370 4630 νουνεχόντως
2407 4560 2597 4617 ortum
2624 4558 3289 4634 est175‚25-176,6.

680 4638 765 4699 cf.
814 4641 967 4716 synt.
1019 4640 1166 4715 303,
1196 4641 1477 4718 6—3o4‚
1509 4634 1697 4725 25·);
1753 4643 1894 4703 Her.
1932 4644 1965 4703 1
2012 4646 2159 4720 514,
2191 4648 2300 4721 123
2359 4645 2501 4706 Lob.
2547 4645 2624 4705 ad
2676 4646 2897 4723 th.
2949 4648 3093 4709 599.
3144 4648 3288 4708 604.

853 4791 905 4860 ¹⁸)
944 4793 1086 4860 synt.
1128 4796 1249 4859 303,
1273 4799 1338 4847 13
1375 4795 1442 4849 τὸ
1478 4796 1586 4863 γὰρ
1622 4796 1759 4850 Διὸς
1805 4797 1971 4864 κόρος
2015 4799 2469 4865 παροξυνόμενον
2508 4800 2607 4866 μὲν
2645 4798 2989 4868 (addendum
3035 4798 3123 4853 est
3158 4798 3293 4872 (καὶ

677 4863 1077 4935 ὀξυνόμενον),
1114 4879 1248 4919 nam
1282 4868 1319 4933 ἡ
1360 4869 1501 4933 μονὴ
1539 4872 1642 4921 τοῦ
1679 4868 1849 4921 τόνου
1889 4870 1924 4935 ή
1964 4869 2088 4923 καθ’
2115 4870 2344 4924 ἕκαςτον
2382 4872 2575 4939 μόριον
2601 4870 2893 4940 premitur)
2931 4874 3039 4938 τὴν
3065 4874 3293 4938 γενικὴν

677 4936 789 5000 ἔχει
826 4933 936 5003 ίὸίᾳ
971 4938 1300 5003 νοουμένην.
1375 4936 1588 4992 Eadem
1626 4937 1697 4991 de
1733 4954 1905 4992 causa
1941 4945 2061 5005 304,
2083 4945 2116 4993 4
2161 4938 2308 4994 inter
2354 4944 2495 4996 κατὰ
2538 4945 2646 5009 τὴν
2691 4943 2871 5011 ἀρχὴν
2915 4944 2975 4996 et
3019 4945 3148 5010 ἔχον
3182 4945 3292 5011 τὴν

677 5006 862 5060 ὀξεῖαν
897 5005 1253 5062 inserendum
1288 5009 1377 5062 est
1410 5008 1606 5082 (δὶς),
1645 5008 1711 5063 cl
1743 5014 1864 5076 304,
1887 5015 1935 5064 5.
