3738 5530
588 326 708 391 182
1493 326 1675 378 ΠΕΡΙ
1710 323 2268 379 ΕΠΙΡΡΗΜΑΤῼΝ.

1601 447 1645 485 p,
1674 435 1764 485 594,
1794 436 1842 476 14
1869 456 1916 464 —
1944 435 2035 481 596,
2065 434 2114 475 18
2140 434 2171 473 b

584 528 794 597 εἶναι
859 536 1033 611 φῶς
1097 531 1287 607 ἐςτι,
1362 531 1488 595 διὰ
1550 529 1987 595 Διονύςιον
2059 527 2550 605 παρεγένετο
2608 526 3174 602 Ἀπολλώνιος,
3233 541 3282 581 1⁵

584 633 665 696 ἑκ
707 636 842 711 τῆς
888 632 1273 717 ῥᾳθυμίας
1317 630 1391 696 αἱ
1434 632 1693 696 κακίαι
1737 631 2141 713 γίνονται,
2199 631 2290 695 ὡς
2334 630 2388 695 εἰ
2446 629 2631 695 ἕνεκα
2683 632 2795 707 τῆς
2852 626 3176 711 ῥᾳθυμίας.

582 735 644 800 τί
694 734 815 798 οὖν
887 735 1091 815 βίαιον
1146 734 1221 797 τὸ
1278 734 1378 796 καὶ
1434 733 1780 810 ςύνδεςμον
1835 734 2218 811 προθετικὴν
2285 732 2556 810 δύναμιν
2626 730 3039 809 ἀποτελέςαις
3099 765 3174 775 -

585 837 749 915 πρὸς
778 835 892 919 ιοἷς
937 834 1092 899 οὐδὲ
1137 834 1416 900 πάντοτε
1463 834 1796 913 ςυμπλέκει
1853 834 1892 898 6
1949 835 2020 899 δέ
2065 824 2468 914 ςύνδεςμος,
2501 831 3061 912 παραλαμβάνεται
3106 831 3178 894 δὲ

518 951 549 997 5
587 937 687 1001 καὶ
731 937 875 1001 κατ’
922 935 1226 1017 ἔμφαςιν,
1276 936 1462 1001 οὐδὲ
1507 935 1837 1015 ἑλάληςέ
1885 955 2041 1018 μοι,
3231 949 3281 988 20

1600 1037 1752 1102 οὐδ’
1796 1036 2104 1116 ἐλεαίρεις

893 1122 1093 1187 παῖδά
1135 1143 1205 1187 τε
1254 1122 1337 1204 (Ζ
1378 1121 1554 1203 407).

584 1224 749 1302 τάχα
804 1225 876 1288 δὲ
918 1226 1022 1288 καὶ
1065 1224 1356 1300 εὐλόγως
1402 1224 1610 1289 οὕτως
1666 1223 2040 1304 ἀνθυπήχθη
2098 1223 2240 1289 ἀντὶ
2283 1226 2547 1301 τοπικῆς
2594 1222 2912 1302 ςημαςίας.
2968 1257 3043 1267 -
3105 1222 3179 1285 τὸ

587 1326 659 1391 δὲ
692 1326 1255 1408 ςυνεκτικώτατον,
1287 1325 1385 1391 ὅτι
1416 1326 1752 1406 ἐμιμήςατο
1784 1327 2051 1403 τοπικὴν
2079 1326 2497 1404 παραγωγήν,
2531 1325 2699 1401 λέγω
2730 1326 2848 1403 τὴν
2880 1321 3183 1399 οἴκαδε,
3237 1338 3289 1378 2⁵

493 1437 556 1486 10
592 1426 915 1505 ἄγραδε·
964 1429 1068 1492 καὶ
1096 1428 1414 1505 ἐντεῦθεν,
1462 1428 1541 1492 οὐ
1574 1428 1857 1492 ςυνδὲων
1890 1426 1961 1492 ἐν
2006 1434 2098 1511 τῷ
2145 1425 2371 1492 οἶκον
2417 1427 2525 1503 δέ,
2571 1425 2844 1504 ἠκούετο
2884 1429 3182 1489 τοπικῶς.

589 1564 673 1575 —-
717 1528 1104 1607 Προςτεθείη
1165 1530 1232 1593 δ’
1277 1530 1358 1596 ἂν
1406 1529 1497 1594 ἔτι
1542 1531 1645 1595 καὶ
1685 1532 1901 1593 τοῦτο.
1979 1526 2157 1607 εἴπερ
2200 1530 2278 1594 τὸ
2334 1529 2526 1608 μέρος
2567 1531 2685 1592 τοῦ
2741 1527 2944 1603 λόγου
2994 1526 3184 1591 ἀνθυ-

589 1631 979 1709 πήλλακται,
1027 1632 1225 1712 ςαφὲς
1270 1631 1366 1695 ὅτι
1412 1631 1512 1695 καὶ
1557 1630 1595 1695 6
1640 1630 1878 1713 τόπος,
1926 1632 2095 1708 λέγω
2140 1630 2178 1695 6
2224 1630 2384 1695 κατὰ
2427 1633 2543 1710 τὴν
2589 1628 2813 1709 ἀρχήν.
2871 1633 3067 1695 τοῦτο
3113 1628 3185 1691 δέ

591 1752 770 1812 φημι,
820 1731 961 1796 ἐπεὶ
1006 1732 1156 1796 οὔτε
1202 1733 1240 1797 6
1287 1732 1410 1797 καί
1454 1732 1797 1811 ςύνδεςμος
1837 1733 2110 1798 ἐδύνατο
2141 1733 2756 1813 παραλαμβάνεςθαι,
2804 1730 2957 1796 οὔτε
2988 1728 3187 1794 ἄλλος
3236 1743 3288 1785 ³0

588 1854 683 1898 τις
727 1840 861 1898 τῶν
908 1838 1364 1911 προτακτικῶν.
1424 1833 1579 1899 ἀλλ’
1610 1834 1763 1899 οὐδὲ
1807 1840 1943 1899 τῶν
1986 1834 2449 1915 ὑποτακτικῶν,
2496 1832 2596 1897 ὅτι
2638 1835 2719 1912 μὴ
2751 1833 2955 1913 μόνον
2988 1830 3185 1896 αὐτὸς

492 1945 554 1993 15
591 1934 629 1999 6
674 1934 778 2017 δέ,
827 1935 917 1999 ὡς
964 1934 1165 2017 ἔφην,
1212 1936 1599 2015 μιμούμενος
1642 1939 1758 2015 τὴν
1804 1936 2074 2014 τοπικὴν
2119 1936 2544 2014 παραγωγήν,
2591 1933 2924 2015 μετάβαςίν
2966 1954 3035 1998 τε
3064 1936 3183 1997 τοῦ

591 2037 961 2115 πράγματος
994 2037 1337 2116 ςημαίνων.
1399 2037 1499 2100 διὸ
1531 2039 1633 2102 καὶ
1677 2042 1929 2118 ςτιγμῆς
1974 2035 2174 2102 αἴτιός
2218 2037 2343 2101 ἐςτι
2389 2038 2489 2101 καὶ
2532 2036 2940 2102 αὐτοτελείας
2980 2055 3182 2113 παρα·
3221 2048 3320 2097 595

591 2138 904 2202 ςτατικός·
979 2140 1193 2218 ςτιγμὴ
1260 2138 1383 2216 γὰρ
1440 2142 1609 2203 πᾶςα
1668 2124 1924 2219 ςημεῑον
1983 2138 2401 2204 αὐτοτελείας.
2492 2138 2530 2202 6
2597 2138 2665 2202 τέ
2722 2138 2841 2204 οὐκ
2907 2137 3182 2203 ἐδύνατο
3265 2176 3278 2191 ·

591 2239 1216 2322 παραλαμβάνεςθαι,
1262 2240 1399 2304 ἐπεὶ
1445 2240 1563 2304 οὐκ
1607 2240 2022 2306 αὐτοτέλειαν
2067 2246 2277 2306 ποιῶν
2323 2240 2545 2320 ἕτερον
2577 2240 2777 2316 λόγον
2813 2239 3038 2323 ἀπῄτει
3081 2238 3184 2303 ἐπὶ

590 2345 707 2406 τοῦ
754 2340 935 2405 οὔτε
983 2345 1173 2421 τιμῶ
1219 2362 1300 2406 ςε
1345 2340 1535 2406 οὔτε
1583 2345 1795 2407 λαλῶ
1844 2362 1983 2407 ςοι.
2038 2379 2111 2389 -
2175 2342 2346 2407 Κατὰ
2389 2342 2660 2408 τούτους
2714 2343 2793 2420 δὴ
2839 2341 2991 2406 τοὺς
3039 2340 3185 2419 τρό-
3238 2365 3264 2406 5

490 2451 557 2500 20
593 2462 760 2507 πους
800 2440 977 2522 οἶμαι
1020 2441 1381 2519 ἀναγκαίως
1425 2444 1541 2508 τὸν
1589 2444 1660 2508 δέ
1707 2443 2055 2521 ςύνδεςμον
2102 2446 2621 2523 παραληφθῆναι.
2903 2498 2922 2515 χ

763 2545 954 2608 Ἀλλὰ
1012 2548 1152 2609 πῶς
1211 2546 1285 2609 τὸ
1345 2544 1553 2625 ὄνομα
1606 2545 1686 2609 οὐ
1744 2545 2016 2610 κλίνεται
2069 2545 2144 2609 τὸ
2203 2546 2360 2624 μετὰ
2411 2549 2526 2610 τοῦ
2582 2545 2654 2609 δέ
2668 2566 2682 2621 ;
2752 2544 2894 2608 Ὅτι
2961 2543 3185 2627 ἑκάςτῃ

593 2647 827 2711 πτώςει
871 2647 1032 2735 κατὰ
1076 2646 1421 2725 παράθεςιν
1467 2653 1815 2727 προςιοῦςα
1866 2646 1905 2725 ἡ
1952 2647 2248 2726 πρόθεςις
2301 2646 2471 2711 ἴδιον
2526 2646 2659 2726 ἔχει
2703 2646 3183 2726 ςημαινόμενον.

593 2748 884 2831 διαφέρει
940 2752 1103 2823 γοῦν
1158 2749 1233 2813 τὸ
1294 2748 1395 2815 δι’
1451 2748 1993 2814 Ἀπολλωνίου
2046 2753 2165 2814 τοῦ
2225 2748 2326 2814 δι’
2383 2747 2954 2831 Ἀπολλώνιον,
3017 2747 3056 2830 ᾗ
3111 2747 3186 2812 τὸ
3242 2775 3291 2814 ιο

595 2851 711 2930 μἐν
758 2850 1191 2927 αἰτιολογικὸν
1237 2851 1555 2928 ἀκούεται,
1601 2852 1639 2915 ὃ
1686 2852 1758 2916 δὲ
1802 2851 2103 2917 τοιοῦτόν
2142 2873 2221 2933 τι,
2264 2851 2694 2927 γινώςκοντος
2725 2848 3184 2914 Ἀπολλωνίου.

491 2962 558 3009 25
595 2951 677 3032 ἦν
710 2951 831 3018 οὖν
863 2955 1089 3032 τοπικὴ
1122 2955 1323 3032 ςχέςις
1367 2953 1437 3019 ἐν
1468 2957 1562 3036 τῷ
1605 2951 1835 3018 οἷκον
1877 2954 1993 3029 δέ,
2038 2952 2078 3031 ἥ
2120 2972 2213 3016 τις
2243 2951 2587 3030 αἰτιατικὴν
2619 2957 2859 3016 πτῶςιν
2908 2951 3189 3015 ἀπαιτεῖ·

597 3054 750 3119 ὅθεν
798 3052 876 3118 οὐ
922 3054 1232 3135 κλίνεται,
1274 3054 1384 3120 ἵνα
1427 3055 1508 3134 μὴ
1553 3053 1630 3119 τὸ
1677 3054 2142 3135 ςημαινόμενον
2188 3060 2421 3138 φθαρῇ.

766 3156 899 3220 Διά
942 3157 1000 3220 τί
1045 3155 1289 3234 ἄρθρον
1335 3157 1416 3221 οὐ
1461 3156 1963 3235 προςλαμβάνει;
2009 3155 2152 3220 Ὅτι
2194 3156 2276 3220 τὰ
2320 3156 2629 3233 πτωτικά,
2672 3157 2940 3234 τοπικὴν
2986 3154 3187 3234 ςχέςιν

599 3255 986 3336 ςημαίνοντα
1031 3257 1099 3322 ἐκ
1144 3259 1525 3335 προθέςεως,
1572 3257 1653 3322 οὐ
1698 3258 2006 3323 δύνανται
2051 3257 2397 3337 παράθεςιν
2427 3254 2671 3336 ἄρθρου
2700 3256 3189 3335 παραδέξαςθαι,
3243 3282 3294 3322 15

598 3357 652 3422 εἰ
699 3360 781 3437 μὴ
826 3359 1200 3438 προςτεθείη
1245 3360 1284 3439 ἡ
1315 3359 1627 3439 πρόθεςις.
1695 3357 1773 3423 οὔ
1818 3379 2033 3440 φαμεν
2076 3362 2211 3437 τῆς
2256 3358 2553 3437 Λὲςβου
2597 3356 3187 3438 παρεγενόμην,

498 3469 565 3517 3ο
601 3459 810 3523 οὕτως
866 3461 971 3542 δέ,
1048 3460 1133 3525 ἐκ
1187 3464 1322 3539 τῆς
1378 3462 1676 3542 Λὲςβου
1731 3460 2317 3541 παρεγενόμην·
2383 3460 2484 3524 καὶ
2535 3459 2625 3524 ἔτι
2681 3459 2760 3523 οὔ
2817 3479 3030 3540 φαμεν
3088 3466 3190 3544 τῷ

731 3596 950 3651 Anava.
1019 3600 1052 3648 4
1089 3591 1330 3648 Omnino
1367 3598 1428 3651 δέ
1466 3594 1783 3650 coniunctio
1819 3594 2138 3662 complures
2172 3594 2430 3649 notiones
2464 3592 2663 3661 habet,
2698 3623 2765 3633 -
2800 3599 2833 3647 9
2870 3595 2930 3647 et
2950 3593 3189 3647 localem

596 3679 943 3747 potestatem
981 3696 1017 3734 a
1051 3668 1405 3747 syllabae-iffi
1442 3681 1818 3750 paragogicae
1854 3678 2225 3733 similitudine
2250 3678 2487 3748 accepit.
2512 3710 2574 3721 —
2614 3685 2676 3733 13
2700 3677 2817 3732 Nec
2851 3678 3040 3746 potuit
3074 3677 3192 3732 ulla

595 3761 710 3815 alia
760 3764 1080 3819 coniunctio
1126 3766 1354 3833 praeter
1397 3767 1459 3820 δέ
1503 3762 1648 3818 hano
1694 3764 1809 3818 vim
1858 3765 2133 3832 accipere.
2177 3795 2243 3804 -
2287 3769 2350 3817 21
2401 3764 2539 3818 Cum
2592 3779 2704 3817 uno
2757 3762 3074 3817 accusativo
3127 3764 3189 3817 δέ

596 3846 740 3900 illud
786 3849 1152 3915 construitur,
1197 3850 1357 3918 quia,
1413 3850 1480 3903 ut
1523 3849 1734 3903 certam
1782 3847 2033 3916 aliquam
2080 3848 2196 3901 vim
2241 3848 2476 3915 habeat,
2532 3865 2657 3901 cum
2709 3864 2822 3903 uno
2877 3848 3189 3916 eodemque

595 3948 729 3986 casu
765 3935 1127 3986 construatur
1158 3949 1384 3988 necesse
1419 3935 1521 3988 est.
1551 3963 1613 3973 -
1642 3937 1708 3987 28
1732 3932 2022 3987 Articulus
2046 3948 2154 3986 non
2183 3932 2529 4001 admittitur,
2569 3948 2700 3987 nam
2725 3933 2957 3987 nomina
2989 3932 3192 3986 localia

596 4016 895 4070 articulum
933 4034 1047 4072 non
1083 4020 1376 4072 assumunt
1408 4019 1516 4072 nisi
1554 4019 1726 4073 antea
1760 4017 1986 4072 adiecta
2020 4017 2453 4087 praepositione.

731 4135 911 4190 Drscn.
950 4154 1143 4190 scnnvr.
1214 4139 1602 4205 6..ελαιαιρεις
1640 4141 1684 4193 Α
1750 4143 1759 4202 Ι
1827 4143 1906 4191 12.
1943 4137 2125 4192 τόπος
2161 4136 2197 4190 b
2233 4136 2291 4189 in
2329 4153 2445 4190 var.
2482 4137 2609 4191 lect.
2647 4134 2900 4204 KLehrs‚
2937 4139 3108 4192 τόνος
3143 4137 3187 4191 Α

593 4222 653 4274 et
686 4220 722 4274 b
758 4221 817 4273 in
852 4222 1013 4275 textu
1044 4224 1053 4288 Ι
1088 4228 1166 4275 13.
1191 4222 1456 4291 ἐδύνατο]
1483 4221 1581 4276 fol.
1613 4228 1707 4277 140
1732 4241 1781 4276 v.
1814 4224 1825 4290 1
1854 4222 2383 4290 παραλαμβάνεςθαι
2409 4219 2804 4288 RSkrzeozka,
2840 4223 2976 4277 κατ’
3008 4222 3190 4290 ἀρχὴν

594 4306 963 4370 λαμβάνεςθαι
1003 4308 1092 4359 Ab
1158 4307 1165 4371 Ι
1235 4311 1314 4360 14.
1361 4323 1538 4372 μονον
1584 4306 1643 4360 in
1680 4307 1724 4361 Α
1773 4323 1893 4360 esse
1941 4306 2078 4360 satis
2127 4306 2274 4360 clare
2322 4305 2475 4359 cerni
2522 4309 2734 4375 potest,
2783 4305 3032 4360 ‘videtur
3068 4320 3189 4359 esse

593 4389 791 4456 μόνον’
830 4389 872 4442 L
908 4390 965 4443 in
1002 4405 1197 4460 marg„
1234 4392 1406 4457 μόνος
1445 4390 1626 4445 edidit
1658 4390 1723 4456 b,
1762 4391 1956 4459 qui-in
1992 4407 2111 4444 var.
2149 4390 2277 4446 lect.
2313 4392 2508 4445 auctor
2547 4392 2635 4444 est
2666 4390 2726 4444 in
2763 4393 2805 4446 Α
2844 4389 2960 4460 legi
2996 4407 3137 4456 μονο
3179 4390 3186 4457 Ι

596 4480 673 4533 18.
721 4480 903 4530 ποιῶν
939 4473 1321 4541 RSchneider,
1369 4479 1630 4531 ἀπαιτῶν
1677 4476 1797 4543 Ab,
1844 4476 2150 4530 ἀποτελῶν
2194 4474 2231 4527 b
2277 4477 2335 4528 in
2383 4493 2503 4529 var,
2550 4475 2678 4530 lect.
2724 4473 3187 4540 LFriedlaender,

592 4560 954 4627 παριςτάνων
980 4559 1425 4615 GFSohoemann
1450 4563 1457 4630 Ι
1485 4568 1562 4618 19.
1588 4562 1656 4626 δὴ
1684 4561 1746 4625 b,
1772 4561 1833 4614 δε
1859 4561 1904 4613 Α
1931 4562 1938 4628 Ι
1962 4566 2043 4616 24.
2071 4562 2104 4614 ὁ
2131 4560 2191 4613 δὲ
2215 4560 2251 4613 b
2280 4561 2725 4628 Ιγιγνωςκοντος
2751 4563 2795 4615 Α
2821 4563 2828 4629 Ι
2851 4566 2932 4615 25.
2962 4559 3189 4614 οἶκόνδε

591 4645 628 4698 b
653 4645 660 4713 Ι
685 4651 766 4701 30.
792 4649 897 4712 τῆς
921 4646 1132 4710 Λέςβου
1158 4645 1211 4712 b,
1236 4662 1341 4714 της
1367 4663 1429 4701 εκ
1456 4647 1541 4714 (εκ
1567 4660 1740 4714 supra
1762 4644 1864 4698 lin.
1891 4646 1981 4713 Α“)
2006 4644 2197 4710 Λεςβο·
2221 4643 2280 4697 in
2305 4644 2416 4699 fine
2443 4661 2638 4700 versus
2659 4647 2700 4699 Α
2727 4647 2734 4714 1
2759 4644 3185 4714 παρεγενόμην·

594 4731 684 4783 καὶ
721 4731 803 4782 ἔτι
842 4731 909 4782 οὔ
948 4746 1137 4796 φαμεν
1174 4731 1243 4796 b,
1278 4732 2768 4797 παρεγενομενομενοςηνκαιετιεκτηςλεςβουουφαμεν
2794 4730 2868 4797 Α,
2906 4728 2942 4783 b
2979 4729 3036 4781 in
3073 4744 3189 4781 var.

593 4813 720 4872 lect.
762 4812 906 4867 nihil
939 4812 1047 4866 nisi
1085 4831 1150 4869 εκ
1185 4831 1289 4886 της
1325 4818 1537 4882 Λεςβου
1572 4813 1722 4869 inter
1755 4815 1839 4868 ἔτι
1876 4813 1937 4870 et
1972 4814 2040 4868 οὐ
2078 4813 2386 4882 repetitum
2425 4816 2683 4868 enotavit
