3738 5530
634 374 753 440 162
1546 377 1725 433 ΠΕΡΙ
1762 377 2315 433 ΕΠΙΡΡΗΜΑΤΩΝ.

1656 501 1702 538 p.
1729 490 1820 540 ⁵72,
1848 491 1874 529 4
1899 510 1948 518 —
1974 489 2065 538 574,
2097 492 2144 530 10
2171 491 2199 529 b

625 582 1050 661 ἐπιρρήματος
1095 582 1583 660 ςυνδιηλλάχθαι
1623 587 1716 666 τῷ
1762 582 2191 667 πρωτοτύπῳ.
2268 572 2523 663 off-scip
2576 584 2851 650 πιθανὸν
2905 585 3083 665 παρὰ
3136 585 3212 650 τὸ
3269 604 3296 645 s

624 684 857 762 Ἕλλην
902 685 977 748 τὸ
1024 684 1351 766 ἑλληνιςτί,
1397 686 1643 762 μᾶλλον
1689 684 1761 748 δὲ
1803 685 1981 762 παρὰ
2024 685 2098 747 τὸ
2144 683 2480 763 ἑλληνίζω·
2528 687 2704 764 παρὰ
2743 689 2907 762 γοῦν
2939 688 3013 751 τὸ
3045 688 3216 771 Θρᾷξ

622 784 850 862 πάλιν,
907 785 1231 866 διάφορον
1277 787 1434 849 κατὰ
1477 787 1594 864 τὴν
1638 785 1977 864 κατάληξιν
2023 783 2135 867 ὄν,
2192 785 2309 850 οὐκ
2360 787 2440 851 ἂν
2485 788 2560 851 τὸ
2605 786 2765 853 αὐτὸ
2812 792 3216 867 παρακολου-

624 888 848 965 θήςειε,
894 888 1198 970 θρᾳκιςτί,
1243 887 1420 965 παρὰ
1465 887 1535 950 δὲ
1579 887 1655 950 τὸ
1700 888 1997 971 θρᾳκίζω,
2041 890 2152 964 τῆς
2197 886 2392 965 αὐτῆς
2436 887 2630 954 πάλιν
2675 889 2990 969 ἐχόμενον
3036 896 3213 958 ςυζυ-

555 1007 588 1061 5
624 989 776 1065 γίας.
867 989 1076 1053 οὕτως
1130 988 1261 1067 ἔχει
1316 991 1493 1067 παρὰ
1545 989 1620 1052 τὸ
1677 987 1927 1067 δωρίζω
1991 989 2245 1067 δωριςτί
2311 990 2413 1053 καὶ
2474 990 2770 1074 αἰολιςτί,
2816 994 3215 1076 ιβαρβαριςτί,
3271 1011 3320 1049 ¹0

622 1089 892 1172 μηδιςτί,
959 1089 1219 1172 ςυριςτί,
1288 1090 1568 1155 ςκυθιςτί.
1652 1091 1753 1154 καὶ
1818 1088 1956 1154 ἐπεὶ
2021 1090 2188 1156 ἅπαξ
2240 1092 2316 1156 τὸ
2386 1089 2539 1158 ἰάζω
2595 1093 2909 1172 ςυνεκόπη
2975 1094 3043 1158 ἐκ
3098 1100 3215 1159 τοῦ

623 1190 886 1270 ἰωνίζω,
943 1190 1023 1271 ἦν
1068 1193 1171 1256 καὶ
1221 1191 1297 1255 τὸ
1354 1191 1549 1257 ςυνὸν
1608 1190 1920 1270 ἐπίρρημα
1980 1193 2481 1272 ςυμμετειληφὸς
2535 1196 2652 1257 τοῦ
2709 1195 2987 1275 πάθους,
3046 1194 3214 1261 ἰαςτί.

622 1294 726 1357 καὶ
779 1294 980 1372 ςαφὲς
1036 1292 1134 1357 ὅτι
1178 1293 1372 1357 πάλιν
1415 1293 1492 1357 τὸ
1550 1291 1784 1358 ἰωνιςτί
1827 1298 1918 1376 τῷ
1976 1293 2206 1359 ἰωνίζω
2266 1294 2624 1371 παρέκειτο.
2672 1331 2754 1341 -
2812 1297 3080 1361 Τούτοις
3138 1299 3213 1376 δὴ

623 1395 953 1473 ἐπιςτήςας
1009 1394 1047 1459 ὁ
1091 1393 1376 1474 Τρύφων
1434 1394 1635 1474 ἐζήτει
1692 1395 1837 1473 περὶ
1892 1399 2009 1458 τοῦ
2065 1394 2450 1476 μεγαλωςτί,
2505 1394 2752 1474 ἱερωςτί
2808 1399 2984 1476 παρὰ
3039 1398 3215 1463 Ἀνα-
3269 1415 3318 1453 1⁵

523 1512 588 1561 ιο
621 1495 909 1578 κρέοντι,
966 1497 1071 1560 καὶ
1125 1495 1215 1559 ἔτι
1260 1500 1374 1560 τοῦ
1419 1496 1595 1574 παρὰ
1640 1496 1997 1574 Ἀθηναίοις
2046 1496 2303 1579 νεωςτί,
2360 1494 2523 1574 ὅπερ
2580 1497 2700 1561 οὐκ
2755 1498 3084 1565 ἀπιθάνως
3138 1505 3213 1582 τῇ

622 1599 798 1676 παρὰ
852 1597 1208 1676 Ἀθηναίοις
1263 1597 1514 1675 ςυνήθει
1567 1596 1891 1663 ἐπεκτάςει
1947 1597 2212 1663 ἐξέτεινε
2269 1599 2342 1663 τὸ
2391 1600 2448 1662 ῖ.
2540 1597 2711 1663 «ἔδει
2777 1600 2973 1678 γάρ»,
3044 1622 3215 1684 φηςι,

624 1700 843 1778 «παρὰ
885 1700 960 1764 τὸ
1005 1698 1321 1779 μεγαλίζω
1382 1699 1731 1781 μεγαλιςτί,
1786 1700 2056 1766 νεανίζω
2101 1700 2399 1764 νεανιςτί’
2461 1700 2561 1764 καὶ
2604 1703 2806 1778 δῆλον
2852 1701 2949 1765 ὅτι
2993 1704 3095 1766 καὶ
3139 1704 3214 1766 τὸ

620 1800 835 1879 ἱρωςτί
888 1801 1064 1879 παρά
1116 1821 1174 1864 τι
1228 1807 1360 1867 τῶν
1419 1799 1505 1866 εἰς
1571 1788 1681 1865 ffu-
1721 1801 2055 1879 ληγόντων
2125 1799 2490 1880 ῥημάτων».
2553 1837 2625 1847 -
2695 1802 2875 1881 Πρὸς
2944 1804 3022 1869 ὃν
3089 1806 3212 1869 ἔςτι
3266 1821 3318 1859 2⁰

622 1902 856 1983 φάναι,
923 1902 1021 1967 ὅτι
1074 1902 1384 1967 πολλάκις
1437 1902 1538 1967 καὶ
1593 1902 1662 1966 ἐκ
1728 1903 2068 1982 διαφόρων
2123 1906 2334 1980 μερῶν
2392 1902 2593 1978 λόγου
2648 1902 2711 1967 αἱ
2773 1905 2958 1969 αὐταὶ
3011 1927 3213 1984 παρα-

529 2022 587 2069 15
621 2005 825 2081 γωγαὶ
866 2003 1169 2082 γίνονται.
1234 2005 1406 2083 παρὰ
1450 2003 1618 2083 ῥῆμα
1658 2004 1734 2067 τὸ
1780 2003 1937 2068 αἰτῶ
1982 2004 2220 2079 γίνεται
2265 2003 2340 2067 τὸ
2385 2003 2617 2086 αἰτίζω,
2661 2006 2761 2068 καί
2805 2007 2964 2084 παρ’
3005 2007 3215 2086 ὄνομα

618 2107 696 2169 τὸ
755 2106 1071 2187 βάρβαρος
1125 2105 1201 2169 τὸ
1261 2105 1642 2186 βαρβαρίζω·
1708 2105 1834 2169 ἔςτι
1891 2105 1964 2169 δὲ
2020 2103 2216 2186 (ὅτε)
2272 2106 2373 2169 καὶ
2426 2105 2588 2184 παρ’
2640 2105 3064 2190 ἐπιρρήματα,
3124 2109 3213 2175 ὡς

619 2207 750 2272 αἰαί
792 2207 1007 2274 αἰάζω.
1044 2243 1126 2254 -
1172 2207 1366 2273 οὐδὲν
1413 2205 1534 2273 οὖν
1579 2206 1810 2272 κωλύει
1856 2208 1957 2271 καὶ
2000 2207 2078 2271 τὰ
2121 2208 2715 2286 προκατειλημμένα
2755 2210 2835 2273 τὰ
2877 2211 2993 2288 μὲν
3038 2213 3215 2290 παρὰ
3265 2226 3318 2265 2⁵

622 2308 789 2388 ῥῆμα
833 2308 1029 2393 εἶναι,
1087 2310 1165 2374 τὰ
1221 2310 1293 2374 δὲ
1338 2308 1428 2373 ὥς
1486 2309 1852 2387 ἠλογημένα
1908 2308 2040 2372 ἀπὸ
2087 2308 2529 2387 ἐπιρρημάτων
2574 2313 2892 2389 παρῆχθαι
2946 2317 3082 2377 τῶν
3128 2313 3214 2379 εἰς
3281 2296 3300 2313 ”

621 2416 711 2477 ῶῖ
767 2411 1305 2493 περατουμένων,
1365 2408 1528 2476 ὥςτε
1583 2409 1655 2475 ἐν
1709 2410 2041 2489 προςθέςει
2096 2412 2213 2474 τοῦ
2269 2414 2329 2473 ἦ
2383 2410 2855 2489 ἀποτελεῖςθαι,
2923 2414 3213 2491 μεγάλω(

518 2529 585 2577 20
620 2512 1002 2596 μεγαλωςτί,
1049 2513 1213 2578 νέως
1258 2512 1507 2588 νεωςτί,
1553 2511 1744 2590 ἱερῶς
1786 2510 2058 2590 ἱερωςτί.

791 2615 1142 2693 Ἐδείξαμεν
1199 2613 1268 2678 ἐν
1312 2616 1450 2677 τοῖς
1494 2613 1640 2692 περὶ
1681 2617 1799 2677 τοῦ
1854 2611 2102 2691 ἀέκητι,
2163 2612 2253 2676 ὡς
2304 2614 2385 2677 τὰ
2435 2613 2518 2691 μὴ
2577 2611 3028 2681 ὑποπίπτοντα
3085 2615 3214 2682 ὑπὸ
3266 2633 3319 2673 ³0

617 2717 807 2783 τόνδε
873 2715 990 2783 τὸν
1059 2716 1259 2792 λόγον
1321 2714 1534 2780 πίπτει
1598 2714 1726 2780 ὑπὸ
1794 2717 2056 2794 βαρεῖαν
2120 2714 2329 2793 τάςιν,
2396 2713 2567 2793 αὖθι,
2634 2712 2753 2796 ἶφι.
2850 2719 2954 2784 διὰ
3017 2722 3213 2784 τοῦτο

617 2820 914 2898 εὐμαρῶς
953 2819 1035 2883 τὰ
1076 2821 1342 2883 τοιαῦτα
1385 2818 1485 2883 καί
1528 2817 1645 2898 τ<ὸ
1688 2816 1725 2879 ἶ
1770 2816 2199 2898 ἀποβάλλει>,
2244 2816 2577 2891 πολλάκις,
2636 2818 2935 2896 τετράκις.
3018 2822 3095 2885 τὸ
3142 2822 3215 2887 δὲ

619 2921 715 2986 δίς
767 2920 868 2984 καὶ
921 2922 997 2984 τὸ
1051 2920 1185 2998 τρίς
1241 2919 1453 2983 οὐκέτι
1510 2916 1988 3000 <ἀ>π<οβάλλει
2043 2918 2149 2982 διὰ
2203 2918 2322 2998 τὸ)
2390 2918 2478 2983 εἰς
2535 2918 2749 2985 ὀξεῖαν
2807 2921 3213 3000 προάγεςθαι.

517 3039 584 3089 25
621 3022 809 3089 ἕνεκα
851 3022 1088 3086 τούτου
1133 3042 1238 3099 μοι
1281 3024 1458 3084 δοκεῖ
1500 3021 1603 3085 καὶ
1646 3019 1721 3084 τὸ
1768 3019 1982 3099 χωρίς,
2030 3017 2367 3099 ἀποβαλὸν
2405 3021 2483 3084 τὸ
2524 3023 2558 3084 Ε
2587 3020 2669 3086 οὐ
2710 3021 3013 3104 δεόντως,
3060 3024 3211 3088 ἀνα·
3250 3036 3353 3086 573

528 3111 535 3116 ’
621 3124 833 3200 λόγως
879 3122 1258 3204 βεβαρύνθαι
1303 3122 1373 3188 ἐν
1415 3127 1507 3204 τῷ

875 3229 1033 3304 χῶρι
1078 3224 1527 3303 διατμήγουςιν
1572 3220 1849 3304 (Gallim.
1897 3221 1977 3285 fr.
2024 3221 2108 3285 48
2154 3219 2558 3307 Schneider)-

620 3313 1084 3406 ἀναλογώτερά
1124 3345 1194 3389 τε
1238 3327 1318 3389 τὰ
1360 3327 1625 3389 τοιαῦτα
1668 3322 1766 3402 εἴη
1812 3323 1883 3389 ἐν
1937 3324 2159 3409 βαρείᾳ
2202 3324 2405 3407 τάςει,
2458 3325 2593 3408 ᾗχι,
2648 3326 2845 3405 ναίχι,
2904 3330 3022 3392 τοῦ
3062 3326 3211 3406 ὀὐχί
3264 3350 3292 3389 5

619 3427 1000 3494 ὀξυνθέντος

517 3547 583 3595 3ο
2335 3527 2480 3605 οὐχὶ
2523 3529 2717 3607 μεθίει
2763 3530 2847 3609 (O
2894 3529 3080 3613 716)-

618 3632 834 3715 τούτῳ
878 3632 1003 3710 γὰρ
1047 3637 1141 3714 τῷ
1189 3631 1365 3713 λόγῳ
1411 3630 1512 3694 καί
1555 3649 1723 3695 τινες
1769 3629 2144 3705 ἀνέγνωςαν
2191 3629 2265 3694 τὸ

758 3883 974 3936 Anava.
1057 3888 1088 3936 8
1137 3849 1425 3946 Quaedam
1470 3880 1542 3934 ab
1588 3879 1871 3934 adverbiis
1916 3880 2174 3935 derivata
2219 3897 2339 3935 esse
2386 3879 2665 3935 videntur.
2704 3913 2768 3921 —
2806 3888 2867 3937 21
2908 3881 2968 3935 In
3006 3885 3029 3937 ῑ
3062 3884 3204 3937 desi-

620 3967 819 4022 nentia
853 3983 1000 4036 quae
1037 3966 1147 4020 alio
1184 3965 1354 4021 modo
1389 3967 1516 4019 orta.
1549 3967 1696 4031 sunt,
1722 3965 1947 4035 gravari
1983 3965 2193 4029 solen&
2230 3965 2512 4033 barytona
2545 3966 2603 4018 in
2641 3973 2688 4020 ἰῖ
2723 3966 2889 4021 facile
2915 3969 3208 4021 transeunt

621 4053 679 4106 in
718 4052 996 4119 barytona
1027 4068 1131 4120 per
1164 4052 1187 4105 ῑ
1218 4050 1554 4115 terminata,
1592 4048 1818 4104 abiecta
1852 4054 1911 4114 ’ἐς
1952 4052 2197 4119 oxytona
2229 4050 2287 4103 in
2325 4055 2373 4105 ἶς’
2406 4066 2520 4103 non
2552 4050 2707 4105 item.

754 4271 939 4326 stcn..
990 4290 1187 4330 sempr.
1258 4277 1306 4325 1.
1344 4276 1615 4328 πειθανον
1660 4272 1704 4325 Α
1746 4273 1755 4338 Ι
1794 4278 1837 4324 2.
1887 4288 2029 4337 γουν
2072 4288 2158 4324 τω
2204 4273 2248 4325 Α
2297 4273 2306 4337 1
2358 4273 2507 4342 Θρᾷξ
2541 4270 2925 4337 RSchneider,
2967 4273 3115 4341 Θρᾲξ
3150 4272 3204 4336 b,

617 4359 749 4425 δραξ
787 4360 830 4411 Α
869 4359 878 4425 Ι
917 4363 965 4411 4.
1003 4359 1253 4424 δρακιςτι
1290 4358 1350 4410 et
1382 4359 1623 4424 δρακιζω
1660 4359 1704 4411 Α
1748 4359 1755 4423 Ι
1795 4362 1841 4409 9.
1881 4361 2106 4420 ἰἐρωςτι
2144 4357 2188 4409 Α
2225 4354 2464 4422 FJBaat,
2501 4356 2694 4424 ἱρωςτί
2731 4356 2766 4410 b
2807 4359 2817 4424 Ι
2858 4362 2936 4411 10.
2971 4359 3114 4424 ὅπερ
3150 4358 3204 4421 b,

618 4458 795 4509 ουπερ
821 4443 865 4496 Α
897 4442 908 4510 Ι
948 4445 1269 4497 απειθανως
1294 4444 1338 4496 Α
1370 4443 1382 4509 Ι
1414 4448 1492 4496 13.
1530 4438 1723 4508 ἱρωςτί
1749 4440 1860 4505 ΑΙ),
1898 4439 2119 4506 ίερωςτί
2144 4438 2367 4507 GUhlig
2404 4443 2414 4507 Ι
2458 4445 2534 4497 16.
2563 4442 2662 4495 ὅτε
2687 4441 2817 4494 add.
2845 4440 2881 4494 b
2913 4443 2922 4507 1
2967 4446 3046 4499 17.
3070 4457 3205 4507 προ-

619 4527 1032 4594 κατειλημμένα
1056 4526 1172 4593 Ab,
1211 4524 1292 4579 ‘R
1334 4525 1869 4593 προκατειλεγμένα’
1899 4523 1933 4576 b
1965 4523 2024 4576 in
2049 4539 2165 4582 var.
2204 4523 2331 4577 lect.
2361 4525 2371 4591 1
2405 4530 2483 4579 18.
2520 4532 2641 4582 τῶν
2677 4525 2731 4592 b,
2768 4526 2826 4578 in
2862 4528 2909 4580 A
2947 4531 3070 4580 erat
3093 4543 3207 4579 απο

616 4629 754 4677 των,
792 4611 890 4665 sed
915 4628 1030 4668 απο
1066 4611 1321 4666 deletum
1359 4609 1472 4663 alio
1508 4610 1707 4663 atram.
1743 4615 1751 4669 Ι
1783 4614 1863 4662 19.
1890 4614 1944 4662 τἿ
1968 4609 2012 4662 Α
2040 4609 2100 4661 et
2135 4608 2191 4671 b,
2229 4609 2325 4675 qui
2361 4609 2418 4662 in
2445 4626 2556 4668 var.
2582 4611 2710 4664 lect.
2735 4626 2846 4664 non
2870 4611 3023 4664 recte
3049 4609 3204 4675 dicit,

618 4695 869 4750 Bastium
895 4704 1045 4750 ‘cum
1071 4694 1282 4749 codice'
1307 4696 1331 4749 ῐ
1354 4693 1636 4762 scripsisse
1668 4697 1677 4760 1
1707 4698 1787 4747 22.
1812 4692 1960 4762 αὖθι]
1986 4691 2081 4751 fol.
2098 4698 2255 4747 139ν.
2287 4696 2296 4760 Ι
2327 4699 2408 4750 23.
2435 4693 2697 4748 lacunam
2722 4694 2870 4763 expl.
2891 4693 3170 4748 GDronke
3196 4697 3201 4760 ξ

616 4785 699 4832 24.
732 4781 924 4834 οὐκέτι
957 4780 1388 4849 <ἀ>π<οβάλλει
1423 4779 1511 4833 διὰ
1544 4779 1656 4846 τὸ)
1695 4776 1991 4840 GDronke,
2028 4778 2218 4832 οὐκέτι
2253 4779 2326 4832 ἐπ
2364 4821 2377 4834 .
2418 4818 2430 4831 .
2468 4817 2482 4831 .
2518 4794 2586 4831 ex
2623 4779 2669 4830 A
2713 4778 2967 4833 enotavit
3000 4779 3059 4844 b,
3105 4779 3206 4832 sed

616 4863 849 4919 dubium
886 4880 956 4917 an
992 4864 1165 4917 falsus
1199 4864 1275 4917 sit
1309 4880 1383 4918 επ
1417 4861 1613 4933 legens
1643 4865 1652 4931 Ι
1683 4868 1764 4917 28.
1799 4879 1864 4918 τε
1901 4861 1957 4926 b,
1993 4864 2053 4916 δε
2093 4864 2134 4916 Α
2173 4864 2291 4930 129.
2328 4865 2661 4917 οξυνθεντος
2689 4864 2751 4929 Α,
2789 4865 3130 4930 ὁξυνομένου
3170 4862 3205 4917 b
