3738 5530
645 366 1086 422 Commentarius
1114 367 1342 421 criticus
1370 368 1429 421 et
1456 366 1776 436 exegeticus
1803 366 1862 420 in
1893 366 2179 436 Apollonii
2207 365 2436 436 Dyscoli
2465 366 2675 439 scripta
2704 367 2935 422 minora.
3065 367 3106 430 3

500 528 882 582 Redetheilen.
958 527 1150 583 Berlin
1190 533 1343 582 1862.
1384 560 1451 570 —-
1490 528 1790 583 GSchoem.
1829 527 1855 581 1
1885 554 1952 574 ==
1982 528 2167 599 Georg
2204 528 2569 596 Schoemann‚
2608 527 2808 583 Philol.
2839 529 3116 599 Anzeiger

499 617 574 671 IX
610 635 664 687 p.
695 622 959 672 543—48.
1053 617 1353 672 GSchoem.
1393 617 1444 672 H
1473 644 1540 664 =
1570 618 1673 684 id.,
1727 616 2138 672 commentatio
2176 618 2248 672 de
2285 616 2516 672 Zenobii
2553 619 2953 674 commentario
2990 618 3115 673 rhe-

499 707 694 761 matici
731 706 1110 776 Apolloniani.
1184 706 1405 776 Danzig
1444 712 1577 761 1881
1621 707 1869 778 (Progr.).
1945 706 2246 761 GSchoem.
2276 706 2353 759 111
2382 733 2447 752 =
2478 706 2571 772 id.,
2608 707 2693 762 De
2721 708 2829 762 ΕΜ
2862 708 3116 763 fontibus

499 797 564 851 Π.
638 796 857 867 Danzig
898 801 1034 851 1887
1084 796 1334 866 (Progr.).
1392 828 1458 837 -
1517 795 1633 849 Ska
1667 796 1694 850 I
1721 823 1788 843 =
1819 795 2298 862 RFLSkrzeczka‚
2356 796 2786 851 Observationes
2832 798 2892 852 in
2929 797 3115 868 Apoll.

500 885 664 955 Dysc.
703 885 911 940 librum
948 886 1021 941 de
1056 885 1399 955 pronomine.
1473 884 1779 954 Koeuigsb.
1821 890 1960 941 1847
1999 886 2247 956 (Progr.).
2339 884 2455 939 Ska
2488 885 2541 939 Π
2569 912 2635 934 =
2664 886 2759 953 id.,
2797 885 2903 940 Die
2940 887 3117 941 Lehre

502 975 601 1029 des
629 975 733 1044 Ap.
764 974 929 1045 Dysc.
969 991 1075 1029 von
1114 975 1223 1029 den
1254 974 1640 1029 Redetheilen.
1716 975 1987 1045 Konigsb.
2022 979 2160 1029 1858
2199 975 2447 1045 (Px-ogr).
2523 973 2638 1029 ska
2673 975 2750 1029 ΠΙ
2777 1002 2844 1022 =
2879 976 2974 1043 id.,
3011 975 3118 1031 Die

500 1064 678 1118 Lehre
715 1065 813 1119 des
851 1065 955 1134 Ap.
995 1063 1159 1134 Dysc.
1209 1080 1335 1118 vom
1370 1063 1633 1119 Verbum.
1708 1064 1748 1118 1.
1789 1063 1969 1119 Theil.
2062 1063 2332 1134 Konigsb.
2371 1069 2508 1118 1866
2548 1064 2796 1135 (Progr.).
2889 1064 3007 1120 Ska
3040 1065 3119 1120 IV

501 1180 568 1200 =
597 1153 692 1222 id.,
731 1153 836 1208 Die
873 1155 1051 1209 Lehre
1088 1154 1188 1208 des
1215 1154 1319 1225 Ap.
1350 1152 1514 1223 Dysc.
1551 1170 1676 1208 vom
1703 1153 1967 1208 Verbum.
2025 1154 2089 1207 Π.
2120 1153 2301 1207 Theil.
2375 1152 2647 1222 Konigsb.
2689 1158 2826 1208 1858
2866 1155 3114 1226 (Progr.).

503 1241 620 1296 Ska
655 1242 706 1296 V
733 1270 801 1289 =
830 1242 925 1309 id.,
963 1242 1070 1298 Die
1106 1243 1286 1298 Lehre
1323 1243 1422 1297 des
1459 1242 1565 1314 Ap.
1603 1242 1769 1312 Dysc.
1809 1259 1936 1297 vom
1974 1241 2233 1298 Verbum.
2299 1242 2391 1297 ΠΙ.
2422 1242 2602 1297 Theil.
2676 1242 2948 1313 Konigsb.
2981 1249 3114 1298 1861

501 1329 748 1400 (Progr.).
825 1331 942 1386 Ska
968 1331 1045 1386 VI
1064 1359 1130 1379 =
1152 1333 1246 1397 id.,
1285 1331 1391 1386 Die
1419 1332 1597 1387 Lehre
1626 1333 1725 1387 des
1751 1333 1857 1402 Ap.
1890 1332 2054 1401 Dysc.
2086 1348 2211 1386 vom
2229 1330 2477 1387 Verbum
2515 1330 2799 1402 (Schluss).
2846 1333 3116 1404 Konigsb.

505 1425 641 1474 1869
688 1419 936 1492 (Progr.).
1030 1420 1146 1475 Ska
1180 1420 1285 1476 VII
1313 1447 1380 1468 =
1409 1422 1515 1488 id.,
1573 1420 1757 1475 Ueber
1801 1421 1897 1476 die
1940 1424 2109 1491 τέχνη
2156 1425 2505 1490 γραμματικὴ
2555 1422 2654 1476 des
2700 1421 2806 1492 Ap.
2852 1421 2936 1476 Fl.
2979 1427 3114 1477 1871

500 1527 553 1580 p.
586 1514 849 1564 690-36.
934 1508 1088 1565 Suid.
1119 1538 1187 1557 =
1218 1509 1427 1565 Suidae
1463 1510 1706 1565 Lexicon
1754 1511 1839 1564 ed.
1881 1510 2286 1581 GBernhardy‚
2334 1517 2367 1565 2
2403 1510 2531 1565 voll.
2615 1510 2778 1566 Halis
2818 1516 3116 1566 1842—52.

505 1629 570 1639 —
609 1598 817 1653 Theod.
858 1597 1051 1654 Choer.
1098 1599 1251 1668 Hilg.
1283 1627 1350 1647 ===
1379 1599 1682 1655 Theodosii
1727 1600 2096 1655 Alexandrini
2146 1616 2388 1656 canones
2404 1643 2416 1666 ‚
2474 1600 2703 1671 Georgii
2750 1599 3119 1655 Choerobosci

503 1687 733 1742 scholia.
825 1687 955 1744 Rec.
1002 1688 1319 1758 AHilgard‚
1370 1695 1402 1743 2
1449 1689 1576 1743 voll.
1670 1688 1898 1760 Lipsiae
1946 1695 2099 1745 1894.
2163 1723 2224 1730 -
2284 1689 2460 1759 Uhlig
2494 1689 2521 1742 I
2549 1717 2617 1736 =
2648 1689 3120 1744 Emendationum

501 1776 1006 1848 Apollonianarum
1053 1778 1350 1848 specimen.
1444 1777 1556 1833 Scr.
1597 1778 1835 1850 GUhlig.
1928 1779 2108 1834 Berol.
2152 1785 2290 1834 1862
2336 1778 2540 1849 (Dies).
2637 1778 2811 1850 Uhlig
2846 1777 2897 1832 H
2926 1805 2993 1825 =
3021 1778 3117 1846 id.,

501 1866 640 1922 Εἶεν.
698 1866 777 1920 Zu
812 1868 917 1937 Ap.
957 1867 1120 1936 Dysc.
1211 1867 1375 1922 mua.
1415 1867 1542 1922 XIX
1580 1870 1760 1939 (1864)
1797 1886 1852 1938 p.
1885 1874 2111 1925 33-48.
2203 1868 2376 1938 Uhlig
2411 1868 2489 1923 ΠΙ
2518 1895 2584 1915 =
2614 1868 2718 1934 id.,
2776 1867 2883 1922 Die
2927 1870 3118 1936 τέχναι

501 1960 867 2024 γραμματικαί
913 1957 1012 2011 des
1049 1956 1154 2027 Ap.
1202 1958 1320 2012 und
1365 1956 1677 2023 Herodian,
1729 1957 1894 2012 MRh.
1936 1958 2087 2013 XXV
2126 1955 2309 2029 (18⁷0)
2352 1976 2408 2028 p.
2439 1963 2666 2013 66-74,
2739 1990 2790 1996 --
2850 1956 3120 2011 Wacker-

502 2044 670 2114 nagel
705 2044 862 2114 path.
894 2072 960 2091 =
991 2044 1108 2100 Jac.
1148 2045 1588 2115 Wackernagel,
1634 2045 1719 2099 De
1753 2047 2120 2118 pathologiae
2166 2049 2416 2102 veterum
2466 2046 2663 2101 initiis.
2756 2046 2922 2101 Basel
2963 2052 3118 2102 1876.

505 2133 624 2199 Quo
660 2134 826 2188 modo
861 2134 1024 2189 uncis
1059 2153 1194 2190 usus
1231 2135 1354 2201 sim,
1392 2134 1453 2190 in
1488 2135 1842 2205 praefatione
1878 2136 2015 2192 fasc.
2054 2137 2080 2190 Ι
2114 2155 2170 2208 p.
2202 2136 2328 2192 XIII
2365 2136 2524 2208 dixi}

1492 2421 1543 2491 1.
1614 2422 1706 2490 De
1749 2425 2140 2509 pronomine.

681 2588 757 2650 A.
831 2592 926 2651 De
971 2593 1317 2665 pronomine
1368 2594 1639 2652 wniverse
1681 2591 2028 2667 'disputatur
2082 2588 2285 2676 (nep)
2330 2590 2460 2667 τῆ(
2507 2586 2843 2669 ἐννοίας)
2885 2609 2949 2665 p.
2989 2592 3048 2660 3,
3078 2592 3120 2648 3

679 2770 737 2829 1.
818 2771 1122 2845 Praefatio
1168 2773 1228 2841 3,
1257 2773 1445 2841 3—9,
1468 2776 1560 2832 10.

683 2860 779 2920 De
822 2863 1172 2935 pronomine
1222 2864 1309 2921 ita
1361 2863 1783 2937 disputandum
1838 2865 1971 2931 erit,
2030 2866 2098 2921 at
2151 2862 2301 2921 nihil
2356 2878 2539 2935 neque
2598 2861 2883 2921 redundet
2938 2878 3124 2937 neque

506 2950 675 3019 absit,
723 2954 776 3009 et
817 2954 884 3009 ut
928 2967 999 3010 ea
1042 2968 1192 3025 quae
1236 2952 1312 3010 ab
1358 2952 1497 3011 abiis
1542 2953 1707 3026 lonyo
1752 2952 2060 3011 verborum
2104 2951 2325 3011 ambita
2369 2951 2527 3011 dicta
2570 2955 2724 3020 sunt,
2772 2950 2933 3009 brevi
2973 2968 3121 3009 oom-

496 3040 957 3113 prehendanmr,
1002 3040 1172 3099 nulla
1217 3043 1412 3100 tamon
1455 3058 1519 3099 re
1560 3042 1896 3100 necessaria
1939 3042 2155 3100 omissa
2204 3040 2263 3115 3,
2292 3040 2481 3099 3—8.

690 3128 1052 3189 ordiendum
1096 3132 1291 3189 autem
1327 3134 1411 3189 est
1444 3132 1520 3190 ab
1556 3130 1960 3204 appellatione,
2007 3131 2080 3189 de
2113 3148 2233 3203 qua
2268 3131 2551 3190 dissensio
2589 3134 2684 3189 est.
2753 3129 3124 3204 Quamquam

505 3234 626 3277 non
679 3235 876 3278 omnes
919 3220 1180 3279 omnim
1221 3221 1536 3279 sententias
1578 3237 1687 3279 nos
1723 3223 2185 3294 pertractaturos
2231 3236 2351 3278 esse
2394 3221 2731 3293 recipimus,
2792 3219 2895 3279 sed
2938 3236 3116 3293 prae-

507 3309 1005 3367 stantissimorum
1046 3308 1346 3368 hominum
1392 3309 1452 3383 3,
1474 3310 1709 3368 9-11,

687 3400 746 3456 1.
828 3394 1210 3458 Aristarchus
1263 3399 1412 3457 disat
1453 3401 1811 3473 pronomina
1865 3416 1987 3458 esse
2052 3393 2236 3458 ‘voces
2280 3399 2552 3471 personis
2597 3389 2897 3471 ooniuyas'
2964 3388 3122 3477 (‘des

511 3486 669 3545 mota
717 3487 822 3562 qui
869 3504 931 3546 se
974 3488 1247 3547 tiennent
1289 3506 1367 3548 ou
1413 3506 1476 3548 se
1522 3487 1982 3566 correspondent
2024 3506 2137 3565 par
2179 3481 2351 3546 l'idee
2397 3486 2499 3546 des
2535 3479 2879 3562 personnes’
2926 3484 3125 3563 Egger

508 3575 817 3636 Annuaire
865 3576 937 3635 de
983 3576 1207 3636 l'assoc.
1254 3595 1407 3653 pour
1452 3576 1725 3638 l'encour.
1772 3576 1874 3637 des
1922 3572 2125 3637 studes
2171 3594 2452 3655 grecques
2493 3576 2661 3635 1877
2701 3595 2757 3652 p.
2801 3567 2959 3657 139)
3005 3575 3044 3633 i.
3075 3593 3121 3633 e.

508 3666 864 3741 pronomina
927 3665 1248 3725 secundum
1310 3685 1625 3743 personam
1690 3667 2044 3739 consociari,
2108 3686 2225 3725 non
2289 3665 2609 3725 secundum
2672 3682 2876 3724 vocem
2892 3710 2907 3740 ,
2972 3683 3124 3740 quae

512 3772 690 3831 saepe
725 3756 790 3813 in
828 3755 1031 3814 eadem
1069 3773 1322 3833 persona
1359 3775 1391 3815 e
1427 3755 1677 3816 diversis
1712 3755 2013 3816 radicibus
2050 3755 2377 3832 proveniat.
2471 3756 2609 3814 Non
2643 3758 2818 3813 reete.-
2863 3771 2931 3812 ea
2970 3756 3124 3812 enim

510 3844 771 3916 definibio
816 3847 1008 3919 aptior
1053 3849 1136 3905 est
1177 3846 1348 3905 verbo
1397 3846 1754 3919 3,12-15.

693 3934 752 4007 3,
777 3935 856 3992 13
914 3929 1040 4005 καί,
1098 3936 1264 3994 cuius
1318 3934 1450 3993 loco
1504 3951 1579 4005 γε
1629 3935 1808 3994 scribi
1854 3935 1987 3993 vult
2030 3932 2216 4012 Uhlig
2270 3925 2363 4013 (in
2409 3934 2625 3992 litteris
2673 3933 2749 3992 ad
2794 3950 2888 3991 me
2936 3931 3121 4006 datis;

512 4023 650 4081 ante
695 4020 944 4096 μᾶλλον
987 4023 1324 4100 ponendum
1370 4041 1496 4084 esse
1541 4028 1849 4085 censuerat
1894 4023 1955 4083 Π
1994 4016 2107 4105 45)
2154 4023 2302 4082 mihi
2347 4022 2701 4082 servandum
2736 4022 2991 4097 videtur,
3035 4020 3126 4079 ita

513 4110 753 4188 quidem
812 4116 881 4171 ut
943 4130 1078 4171 cum
1133 4109 1210 4172 τὸ
1270 4109 1352 4187 μὴ
1414 4108 1583 4174 ἴδιον
1643 4108 1804 4174 εἶναι
1864 4114 2288 4191 coniungatur:
2350 4107 2469 4172 ‘cui
2528 4104 2626 4192 (ut
2684 4112 2806 4171 alia
2862 4102 3124 4191 taceam)

512 4202 696 4260 etiam
742 4201 854 4260 hoc
899 4204 1119 4279 opponi
1164 4197 1401 4278 potest'.

692 4291 750 4367 3,
775 4292 854 4349 13
912 4289 1143 4351 Codicis
1199 4292 1557 4369 scripturam
1611 4286 1753 4353 ἰδοὺ
1809 4287 1932 4366 γὰρ
1979 4288 2082 4351 καὶ
2127 4287 2208 4350 τὰ
2255 4285 2505 4366 ῥήματα
2548 4309 2749 4350 veram
2795 4308 2920 4350 esse
2964 4292 3125 4349 recte

509 4382 745 4440 monuit
788 4380 828 4438 J
831 4380 1161 4459 Guttentag
1214 4373 1308 4461 (in
1353 4382 1571 4441 litteris
1619 4382 1694 4441 ad
1739 4399 1833 4439 me
1880 4376 2092 4461 datis):
2141 4375 2299 4440 ‘vide
2344 4379 2520 4439 modo
2566 4382 2746 4439 etiam
2791 4374 2996 4440 verba'
3052 4379 3121 4438 cl.

512 4488 682 4546 pron.
731 4471 791 4543 4,
813 4472 913 4529 24.
966 4473 1065 4544 11,
1087 4470 1144 4529 3.
1195 4471 1298 4545 33,
1319 4471 1375 4530 3.
1427 4472 1652 4546 51‚2e.

697 4560 755 4633 3,
779 4561 860 4618 14
908 4553 1358 4637 ‘corrigendum
1403 4561 1500 4620 vel
1547 4558 1793 4636 μᾶλλον
1822 4555 1895 4620 δέ
1941 4560 2035 4619 vel
2079 4559 2235 4635 quod
2273 4563 2365 4618 est
2400 4562 2557 4635 synt.
2597 4562 2701 4633 90,
2722 4560 2804 4618 30
2854 4553 2988 4636 [84,
3012 4552 3122 4637 19]

514 4650 575 4707 et
624 4650 772 4723 105,
797 4650 874 4708 29
928 4642 1104 4726 [100‚
1128 4644 1239 4728 22]
1301 4647 1403 4709 καὶ
1448 4646 1698 4724 μᾶλλόν
1744 4644 1867 4721 γε’;
1925 4646 2028 4708 καὶ
2075 4644 2321 4722 μᾶλλόν
2368 4663 2443 4719 γε
2488 4648 2897 4726 comprobavit
2942 4647 3127 4725 Uhlig

514 4737 576 4795 II
620 4757 679 4813 p.
719 4739 821 4796 45.
921 4736 1143 4796 Verum
1197 4738 1348 4797 nihil
1408 4738 1761 4799 mutandum
1817 4757 1943 4798 esse
2003 4737 2262 4797 ostendit
2316 4735 2441 4796 Ska
2485 4737 2516 4795 I
2572 4757 2627 4814 p.
2670 4740 2737 4812 23
2799 4757 2937 4796 nam
3001 4732 3125 4812 γάρ

514 4828 986 4887 coniunctionem
1039 4845 1215 4904 saepe
1270 4827 1346 4886 ad
1404 4831 1759 4888 sententiam
1814 4828 2020 4887 durius
2068 4829 2345 4886 omissam
2390 4827 2599 4885 referri
2654 4818 2848 4907 (cuius
2893 4829 3125 4904 generis

515 4917 783 4992 exempla
846 4916 922 4975 ad
982 4919 1082 4991 14,
1107 4917 1188 4976 13
1254 4910 1579 5000 congessi);
1643 4919 1845 4994 itaque
1905 4916 2087 4976 verba
2149 4917 2257 4975 illa
2318 4918 2403 4975 sic
2467 4916 2914 4992 interpretanda
2977 4934 3125 4977 esse:

514 5000 720 5082 ‘idque
764 5008 890 5065 iure
937 5005 1220 5065 diximus:
1268 5004 1515 5080 μᾶλλον
1560 5003 1682 5082 γὰρ
1730 5001 1886 5067 κτλ.’

2632 5105 2696 5158 l·
