3738 5530
665 325 751 390 92
839 324 1282 381 Commentarius
1313 324 1542 380 criticus
1570 326 1631 380 et
1657 323 1978 395 exegeticus
2005 323 2067 379 in
2093 322 2383 396 Apollonii
2410 323 2639 394 Dyscoli
2668 324 2881 396 scripta
2909 325 3141 382 minora.

666 492 891 571 ἐμέθεν
939 491 1118 557 ςέθεν
1167 491 1312 557 ἕθεν
1359 491 1399 556 ὁ
1436 490 1832 570 Ἡρωδιανὸς
1881 489 1951 555 ἐκ
1995 493 2114 556 τοῦ
2161 488 2272 569 ἐμέ
2318 489 2385 555 ςέ
2422 489 2455 555 ἕ
2492 490 2595 554 καὶ
2630 490 2767 556 κατ’
2805 490 3136 558 ἐπέκταςιν
3172 497 3287 572 τῆς

663 584 776 646 θὲν
832 577 1074 667 (Arcsd.
1119 587 1397 660 179,18;
1456 584 1636 645 Prisc.
1674 585 1822 645 XIII
1863 586 1902 644 5
1948 605 2005 662 p.
2048 575 2258 665 3,12).
2360 582 2624 653 Quocum
2688 586 2912 663 placito
2966 607 3085 647 non
3149 607 3285 648 con-

663 676 913 736 veniunt
964 675 1108 735 haec
1163 674 1301 734 Her.
1349 675 1379 733 I
1417 676 1565 749 474,
1590 676 1669 734 16
1730 670 1794 734 αἱ
1848 672 1923 735 δὲ
1970 668 2041 735 ἐκ
2086 669 2338 735 τούτων
2405 666 2557 755 (scil.
2608 670 2765 749 ἐμοῦ
2813 675 2927 738 ςοῦ
2975 668 3083 757 οὗ)
3148 677 3283 737 δια-

664 763 940 826 λυθεῖςαι
996 760 1034 838 ἢ
1091 758 1518 826 πλεονάςαςαι
1572 765 1665 843 τῷ
1711 762 1734 824 i
1777 760 1817 838 ἢ
1867 760 2029 825 κατὰ
2083 759 2316 838 φωνὴν
2370 763 2789 839 παραχθεῖςαι
2847 761 2937 826 εἰς
2996 764 3109 827 θέν
3153 763 3284 842 πρὸ

665 853 808 929 μιᾶς
855 850 1069 929 ἔχουςι
1115 850 1231 914 τὸν
1278 849 1493 925 τόνον,
1543 848 1694 928 ἐμέο
1742 848 1920 929 ἐμεῖο
1967 848 2209 928 ἐμέθεν.
2300 852 2445 913 Lob.
2493 853 2609 912 ΕΠ.
2648 855 2680 914 I
2719 855 2877 930 3193
2922 856 2985 915 H
3025 857 3169 915 245.

842 962 944 1036 66,
968 961 1049 1020 15
1097 956 1447 1037 παράδοςις
1494 964 1746 1036 servavi,
1791 962 2077 1040 neglectis
2114 960 2152 1019 b
2191 962 2571 1022 coniecturis:
2618 961 2916 1040 significat
2961 964 3117 1022 enim
3154 965 3283 1041 pla-

661 1052 782 1110 cita.
827 1053 1147 1111 memoriae
1192 1051 1448 1128 prodita,
1495 1054 1565 1111 ut
1601 1054 1756 1128 synt.
1798 1052 1855 1126 3,
1879 1053 1915 1109 2
1966 1046 2070 1110 Ἐν
2107 1050 2246 1111 ταῖς
2284 1046 2801 1125 προεκδοθείςαις
2836 1047 2986 1126 ἡμῖν
3025 1051 3283 1127 (χολαῖς

662 1136 700 1214 ἡ
749 1137 895 1215 περὶ
959 1136 1073 1201 τὰς
1134 1136 1362 1217 φωνὰς
1426 1136 1871 1216 παράδοςις,
1938 1137 2149 1202 καθὼς
2213 1135 2441 1221 ἀπῄτει
2489 1136 2528 1199 ὁ
2574 1137 2721 1215 περὶ
2786 1137 3001 1202 αὐτῶν
3067 1138 3281 1214 λόγος,

660 1225 1067 1292 κατείλεκται.
1152 1232 1300 1291 coni.
1353 1232 1498 1306 213,
1523 1232 1559 1290 9
1609 1225 1888 1291 (τωικάς
1943 1226 2437 1306 παρειςφέρουςι
2503 1225 2720 1301 δόξας,
2787 1225 2881 1292 ὧν
2935 1227 2976 1305 ἡ
3038 1228 3281 1306 παρά-

660 1319 866 1380 δοςις
904 1315 1025 1380 οὐκ
1062 1314 1229 1392 ἄγαν
1267 1317 1578 1396 χρειώδης
1616 1316 1779 1394 πρὸς
1815 1316 1934 1393 τὴν
1973 1313 2062 1381 εἰς
2099 1317 2535 1395 γραμματικὴν
2574 1315 3024 1382 ςυντείνουςαν
3057 1337 3279 1396 τεχνο-

660 1405 904 1480 λογίαν.
960 1410 1037 1469 ib.
1072 1411 1218 1485 213,
1243 1413 1322 1470 19
1372 1406 1475 1470 καὶ
1513 1404 1701 1470 ἕνεκά
1738 1425 1814 1481 γε
1850 1408 1983 1470 τῶν
2020 1405 2339 1471 τοιούτων
2376 1425 2524 1485 παρ
2538 1405 2880 1471 αδόςεων
2919 1405 3283 1482 ἀναγκαίως

660 1494 749 1559 εἰς
796 1495 1094 1574 ςχολικὴν
1142 1494 1487 1575 ἀντιβολὴν
1534 1495 1935 1574 κατέςτημεν.
2029 1498 2115 1559 Of.
2165 1499 2365 1559 adnot.
2412 1498 2487 1558 ad
2533 1519 2698 1576 pron.
2741 1500 2842 1574 94,
2868 1502 2967 1559 16.

840 1608 1046 1680 66,16
1095 1606 1133 1665 b
1181 1611 1416 1668 secutus
1463 1626 1620 1683 sum,
1686 1609 1828 1684 quia
1874 1607 2015 1684 Ap„
2079 1606 2183 1666 ubi
2239 1606 2310 1666 de
2365 1606 2571 1666 eadem
2616 1627 2681 1666 re
2728 1611 2907 1685 atque
2952 1607 3006 1666 11.
3046 1609 3083 1667 1.
3134 1609 3280 1686 agit,

658 1691 1029 1776 καθίςταμαι
1084 1696 1265 1757 verbo
1321 1697 1539 1772 utitur,
1603 1699 1674 1756 ut
1718 1699 1873 1774 synt.
1924 1698 2027 1772 48,
2052 1699 2132 1755 14
2191 1690 2344 1757 οὔτε
2390 1692 2567 1771 παρὰ
2612 1693 2687 1757 τὸ
2736 1691 3102 1758 ἀκόλουθόν
3147 1698 3280 1757 τῶν

658 1785 905 1861 φωνῶν
962 1780 1111 1847 οὔτε
1170 1783 1292 1861 μὴν
1352 1782 1530 1862 παρὰ
1576 1783 1652 1846 τὸ
1700 1781 2148 1847 ἀνακόλουθον
2194 1781 2276 1846 τὰ
2320 1785 2437 1846 τοῦ
2485 1781 2688 1858 λόγου
2735 1782 3279 1861 καταςτήςεται

659 1871 833 1950 μέρη,
872 1871 960 1937 ὡς
1000 1874 1071 1936 δέ
1109 1872 1439 1950 πρόκειται
1477 1871 1547 1936 ἐκ
1582 1875 1695 1950 τῆς
1732 1871 2186 1951 παρεπομένης
2224 1869 2557 1949 ἰδιότητος.
2624 1875 2702 1935 ib.
2730 1877 2874 1951 109,
2896 1879 2935 1935 4
2975 1873 3076 1936 καὶ
3116 1873 3279 1936 αὐτὰ

657 1962 1200 2040 καταςτήςεται
1250 1960 1338 2026 εἰς
1383 1961 1502 2026 τὸν
1546 1960 1714 2026 ἴδιον
1760 1962 2077 2041 μεριςμόν.

837 2074 940 2149 66,
964 2075 1043 2131 17
1094 2068 1283 2143 ‘Quae
1329 2074 1402 2132 de
1449 2067 1631 2135 οἶκον
1679 2069 1752 2133 δέ
1797 2073 1945 2133 dicit
1988 2072 2186 2150 Apoll.
2235 2093 2354 2134 non
2400 2073 2780 2133 consentiunt
2814 2093 2947 2133 cum
2986 2073 3079 2148 iis,
3127 2095 3280 2151 quae

654 2161 727 2221 de
780 2162 909 2222 adv.
963 2164 1108 2238 180,
1135 2165 1212 2222 13
1244 2181 1371 2240 sqq.
1432 2157 1577 2245 (vid.
1625 2162 1810 2223 Lehrs
1858 2185 1913 2239 q.
1954 2181 1999 2222 e.
2049 2164 2135 2222 40
2164 2153 2280 2244 sq.)
2341 2162 2413 2222 de
2474 2183 2545 2222 ea
2603 2183 2668 2222 re
2726 2165 3034 2240 praecipit.
3130 2161 3279 2224 Cum

654 2254 812 2311 enim
857 2252 964 2312 illo
1012 2253 1140 2313 loco
1180 2252 1296 2313 duo
1339 2271 1463 2314 esse
1501 2252 1793 2313 vocabula.
1828 2252 2007 2327 dicat,
2054 2272 2207 2329 quae
2243 2255 2545 2312 notionem
2585 2252 2825 2329 quidem
2863 2252 3277 2313 adverbionun

653 2340 944 2416 habeant,
1000 2342 1102 2402 sed
1157 2343 1410 2402 formam
1467 2341 1735 2402 adverbii
1792 2362 1911 2402 non
1965 2342 2251 2401 habeant:
2311 2342 2384 2401 de
2429 2362 2595 2418 pron.
2645 2341 2682 2400 l.
2722 2343 2759 2400 1.
2799 2345 2862 2401 in
2911 2344 3033 2402 alia
3078 2346 3280 2403 omnia

654 2431 934 2507 discedit3
981 2434 1071 2491 ait
1114 2435 1297 2492 enim:
1345 2428 1421 2493 τὸ
1469 2426 1650 2493 οἶκον
1698 2427 1770 2492 δέ
1809 2479 1822 2491 .
1864 2479 1876 2491 .
1915 2428 1992 2492 τὸ
2041 2426 2201 2491 αὐτὸ
2238 2427 2424 2492 τέλος
2465 2427 2745 2506 ἐφύλαξε
2782 2430 2894 2505 τῆς
2934 2427 3277 2506 αἰτιατικῆς

655 2513 874 2600 (genet.
923 2541 1041 2582 11011
1089 2524 1180 2582 est
1225 2513 1694 2603 sollicitandus),
1759 2515 1901 2582 ἀλλ’
1949 2515 2028 2582 οὐ
2083 2516 2161 2581 τὸ
2218 2516 2378 2581 αὐτὸ
2435 2516 2627 2595 μέρος
2683 2517 2903 2593 λόγου.
2996 2520 3164 2591 Quod
3219 2522 3277 2582 ‘si

653 2610 837 2671 Lehrs
884 2610 920 2669 l.
960 2610 999 2669 1.
1045 2610 1463 2672 difficultatem
1509 2631 1663 2688 quae
1710 2613 1801 2670 est
1843 2614 1911 2670 in
1955 2609 2048 2670 his
2095 2609 2291 2669 verbis
2337 2608 2600 2669 nondum
2647 2628 2708 2671 se
2755 2629 3064 2688 superasse
3111 2612 3276 2687 dicit,

652 2720 747 2760 me
810 2700 1076 2778 profecto
1139 2721 1258 2761 non
1323 2700 1630 2761 dedecebit
1691 2699 1851 2760 idem
1908 2699 1980 2759 de
2034 2719 2129 2759 me
2183 2699 2476 2777 profiteri:
2541 2701 2657 2760 nisi
2714 2701 2870 2760 forte
2917 2700 3275 2778 Apollonius

655 2811 835 2868 quam
883 2792 943 2849 in
991 2791 1145 2852 libro
1192 2791 1264 2852 de
1310 2811 1476 2869 pron.
1525 2792 1598 2852 de
1642 2791 1736 2851 his
1782 2792 2098 2869 proposuit
2142 2792 2515 2865 sententiam,
2563 2810 2693 2851 eam
2739 2793 2803 2851 in
2848 2792 3274 2853 recentioribus

654 2881 824 2941 libris
869 2876 1243 2942 retractavit'
1292 2880 1415 2941 ska
1459 2881 1489 2939 I
1534 2883 1629 2940 17.
1721 2880 1891 2940 Idem
1937 2882 1991 2940 ei
2038 2882 2220 2940 etiam
2268 2880 2403 2941 aliis
2444 2882 2504 2939 in
2541 2880 2717 2940 rebus
2755 2880 3035 2942 accidisse
3071 2885 3274 2942 monui

654 2971 728 3030 ad
776 2991 941 3048 pron.
989 2973 1045 3046 3,
1070 2971 1346 3031 12-15,
1440 2971 1658 3030 Totum
1705 2971 1901 3030 locum
1943 2973 2022 3030 17
2063 2966 2138 3030 τὸ
2178 2964 2359 3030 οἶκον
2395 3001 2483 3012 -
2525 2971 2605 3029 18
2655 2966 2846 3045 μέρος
2894 2967 3096 3043 λόγου
3134 2974 3276 3031 eicit

652 3060 865 3120 Matth.
904 3060 967 3120 H
1007 3061 1152 3121 635.
1228 3060 1508 3121 Hoersch.
1550 3061 1679 3120 380
1717 3060 1880 3120 delet
1912 3058 1951 3118 1.
1997 3063 2077 3120 17
2119 3054 2278 3120 αὐτὸ
2318 3063 2457 3119 ante
2485 3055 2697 3131 τέλος;
2745 3060 2847 3121 sed
2883 3080 2957 3120 ne
2993 3061 3271 3138 hoc-qui-

652 3149 787 3210 dem
814 3149 1192 3226 crediderim3
1227 3170 1367 3210 nam
1398 3145 1593 3211 αὐτός
1619 3149 1675 3208 h.
1696 3150 1735 3207 1.
1764 3170 1883 3210 non
1922 3150 2116 3227 magis
2141 3148 2439 3209 redundat
2467 3169 2645 3226 quam
2679 3143 2843 3211 ἴδιος
2871 3169 3038 3227 pron.
3062 3151 3163 3226 32,
3187 3153 3268 3211 13

653 3234 733 3299 τά
778 3256 848 3300 τε
898 3236 1310 3314 ςυντιθέμενα
1353 3239 1487 3300 τῶν
1534 3235 1771 3300 λέξεων
1818 3235 1895 3299 τὸ
1938 3232 2109 3300 ἴδιον
2157 3235 2621 3313 ςημαινόμενον
2669 3234 2990 3315 φυλάςςει.

834 3348 1040 3422 66,25
1090 3348 1161 3406 cf.
1210 3346 1341 3407 adv.
1397 3348 1541 3421 185,
1565 3347 1664 3405 25.

835 3437 936 3511 66,
959 3438 1041 3496 28
1089 3438 1160 3497 cf.
1192 3436 1322 3496 adv.
1360 3437 1626 3512 185‚31.
1679 3438 1948 3512 195‚12.
2000 3438 2147 3512 208,
2170 3437 2283 3512 233
2328 3434 2436 3496 ΑΟ
2473 3436 2505 3495 I
2536 3438 2817 3513 216‚11;
2871 3437 3050 3498 schol.
3090 3437 3269 3497 ABL

833 3617 993 3690 67,6
1044 3612 1123 3676 οὐ
1170 3611 1294 3689 γὰρ
1338 3649 1414 3659 -
1455 3619 1489 3675 7
1532 3612 2016 3691 ςημαινομένοις
2063 3610 2163 3694 δέ]
2211 3619 2365 3693 synt.
2406 3618 2510 3691 47,
2535 3618 2814 3692 28-48,
2837 3619 2892 3676 9.
2938 3619 3202 3692 109,18.

833 3706 995 3781 67,9
1044 3705 1115 3764 cf.
1164 3705 1295 3766 adv.
1348 3707 1617 3781 186,13.

831 3796 1215 3870 67‚20—22
1264 3795 1409 3854 haec
1454 3798 1516 3855 et
1560 3795 1703 3855 olim
1751 3788 1809 3876 (Ι
1847 3786 2008 3876 474)
2065 3796 2272 3871 spuria
2330 3814 2455 3855 esse
2501 3796 2777 3856 contendi
2823 3798 2885 3856 et
2930 3816 3085 3857 nunc
3130 3816 3264 3857 con-

648 3883 844 3944 tendo.
937 3884 1073 3944 Non
1120 3886 1278 3945 enim
1325 3905 1394 3945 ea
1432 3888 1524 3945 est
1557 3884 1865 3962 Apollonii
1903 3884 2266 3944 consuetudo
2302 3887 2373 3945 ut
2410 3885 2663 3945 aliorum
2699 3890 3067 3964 argumenta,
3116 3907 3265 3963 quae

650 3993 1013 4051 quamquam
1067 3975 1256 4051 ipsius
1312 3977 1640 4034 sententiae
1686 3974 2089 4035 defendendae
2133 3976 2492 4050 inserviunt,
2546 3977 2748 4035 tamen
2793 3995 2900 4052 per
2954 3994 3016 4035 se
3060 3977 3265 4054 inepta

649 4066 806 4138 sunt,
850 4065 915 4123 in
961 4067 1224 4124 extrema
1270 4063 1674 4141 disputatione
1710 4067 2044 4142 proponat3
2089 4064 2379 4124 eiusmodi
2415 4066 2572 4124 enim
2610 4067 2962 4143 argumenta
3008 4068 3261 4143 primum

647 4155 936 4229 refutare,
1000 4152 1212 4214 deinde
1270 4174 1420 4230 quae
1474 4156 1667 4233 magis
1724 4156 1868 4230 apta
1923 4157 2064 4214 sunt
2116 4155 2326 4215 afferre
2382 4155 2548 4215 solet.
2642 4153 2810 4224 Quod
2856 4156 3000 4215 fecit
3043 4156 3147 4216 ubi
3192 4156 3263 4215 de

649 4243 855 4304 eadem
899 4263 964 4304 re
1012 4246 1142 4322 agit
1186 4243 1318 4303 adv.
1371 4246 1517 4319 185,
1539 4246 1576 4303 9
1607 4261 1693 4319 sq.
1799 4243 2099 4304 Insulsum
2160 4246 2350 4323 igitur
2411 4243 2563 4303 fflud
2628 4246 3042 4322 argumentum
3107 4244 3262 4322 quod

650 4333 784 4392 adv.
830 4334 868 4391 1.
908 4352 952 4394 s.
990 4352 1034 4395 s.
1081 4335 1311 4409 reiecit,
1375 4352 1510 4395 cum
1564 4332 1808 4411 quidam
1851 4333 1908 4392 h.
1947 4333 1984 4392 l.
2034 4336 2317 4395 omissum
2361 4334 2616 4407 videret,
2682 4352 2751 4393 ex
2807 4334 2959 4395 libro
3005 4335 3079 4395 de
3130 4335 3261 4395 adv.

647 4425 888 4483 invexit.

826 4511 916 4572 De
962 4514 1304 4589 compositis
1351 4505 1475 4594 (vel
1520 4503 1840 4592 reflexivis)
1892 4514 1994 4587 67,
2017 4514 2296 4588 23-74,
2321 4514 2376 4571 9.
2456 4511 2610 4582 Quid
2648 4515 2889 4574 intersit
2922 4516 3081 4575 inter
3115 4514 3260 4575 obli-

649 4620 797 4677 quos
844 4620 1012 4662 casus
1058 4603 1461 4679 personalium
1506 4604 1568 4662 et
1609 4602 2021 4662 reflexivorum
2074 4603 2479 4679 67,23--69,
2505 4605 2602 4662 17.

828 4707 928 4768 Ad
973 4713 1184 4770 ceteros
1227 4710 1484 4784 obliquos
1529 4725 1702 4769 casus
1745 4712 1895 4770 actio
1941 4711 2019 4770 ab
2062 4711 2188 4770 alia
2222 4727 2483 4785 persona
2528 4713 2755 4779 transit,
2802 4713 2889 4771 ita
2933 4713 3164 4785 quidem
3197 4716 3263 4771 ut

647 4798 963 4857 subiectum
1016 4790 1420 4881 (plerumque)
1475 4801 1646 4860 verbo
1689 4802 1861 4870 insit;
1916 4818 1957 4859 a
1992 4817 2253 4874 persona
2297 4805 2493 4860 autem
2534 4803 2796 4873 refieaeivi
2838 4803 2989 4862 actio
3036 4805 3088 4860 et
3120 4821 3261 4876 pro-

648 4889 929 4959 ficiscitur
984 4892 1036 4946 et
1086 4890 1238 4947 redit
1289 4891 1371 4949 ad
1426 4890 1698 4961 eandem,-
1762 4893 2026 4964 exceptus
2081 4894 2162 4949 est
2209 4893 2535 4964 yenativus:
2596 4891 2651 4949 is
2709 4892 2861 4951 enim
2907 4883 3263 4972 (possessive

649 4967 907 5056 positus)
963 4978 1141 5036 simul
1193 4979 1275 5037 ad
1328 4979 1512 5038 aliam
1546 4995 1866 5053 personam
1912 4970 2063 5060 (scil.
2111 4972 2394 5060 possessi)
2440 4982 2722 5054 pertinet,
2779 4983 2875 5041 cui
2918 4982 3265 5057 adiumqitur
