3738 5530
709 349 783 411 16
1644 355 1825 404 ΠΕΡΙ
1861 352 2362 406 ΑΝΤΩΝΤΜΙΑΣ.

1580 454 2459 511 p.1s‹s7s)C4-21(281)133b'

871 555 1090 620 «Ἀλλὰ
1136 555 1234 618 καὶ
1265 557 1344 619 τὰ
1389 555 1508 619 δύο
1554 553 1759 634 ἄρθρα
1802 554 2250 635 ὡμολόγηςεν,
2297 555 2395 619 ὅτι
2442 555 2541 619 καὶ
2586 558 2697 633 τῆς
2742 555 3145 636 ἀντωνυμίας
3177 557 3300 622 ἑςτὶ

699 656 772 719 τὸ
804 655 1095 734 ἄρθρον.»
1174 658 1283 720 Καὶ
1312 660 1508 720 τοῦτο
1541 657 1977 740 εὐαπόλυτον,
2020 657 2150 733 εἴγε
2181 657 2506 735 ἀπειράκις
2538 659 2695 721 κατὰ
2726 662 2868 737 μιᾶς
2899 657 3145 723 εὐθείας
3177 659 3296 723 δύο

699 756 904 837 ἄρθρα
947 759 1527 838 παραλαμβάνεται.
1575 761 1786 838 φαμὲν
1830 763 1994 833 γοῦν
2026 758 2065 821 6
2106 760 2398 824 δοῦλος
2431 758 2469 822 6
2497 763 2640 822 τοῦ
2671 760 3209 838 Ἀριςτάρχου,
3256 758 3294 823 6

697 862 881 924 παῖς
913 859 950 923 6
982 865 1121 924 τοῦ
1155 861 1560 941 βαςιλέως,
1608 861 1710 923 καὶ
1754 863 1955 938 δῆλον
2004 860 2095 925 ὡς
2134 860 2349 942 [κατὰ]
2382 864 2494 938 τῆς
2526 861 2773 925 εὐθείας
2803 862 2882 924 τὰ
2912 861 3032 925 δύο
3063 861 3296 939 ἄρθρα·
3335 883 3397 930 19
3423 875 3475 928 A

629 984 660 1030 5
695 959 734 1037 ἡ
759 961 881 1038 γάρ
908 964 1119 1040 γενικὴ
1152 962 1432 1042 ἀπέλαβε
1463 964 1537 1025 τὸ
1570 961 1754 1025 ἴδιον.
1801 960 1880 1039 ἦν
1914 964 1984 1025 δὲ
2015 962 2090 1025 τὸ
2113 962 2227 1041 μὲν
2253 962 2397 1025 κατ’
2429 961 2633 1041 ἀρχὴν
2658 962 3004 1041 ἀναφορὰν
3030 966 3290 1040 δηλοῦν,

696 1062 773 1125 τὸ
820 1065 888 1127 δὲ
922 1062 1063 1140 ἑξῆς
1095 1062 1185 1126 ὼς
1231 1063 1352 1141 οὐχ
1399 1061 1437 1126 6
1469 1062 1690 1127 ἄλλου.
1740 1100 1816 1108 —-
1865 1062 2082 1141 ἀμέλει
2127 1064 2200 1138 γέ
2243 1081 2357 1127 τοι·
2390 1064 2543 1139 ἔςτι,
2589 1063 3157 1143 μεταλαμβάνοντα
3188 1064 3294 1127 ἐπὶ

698 1164 914 1242 τρίτου
933 1165 1288 1244 προςώπου
1313 1166 1568 1243 γενικὴν
1591 1168 1860 1241 πτῶςιν,
1890 1164 2090 1243 φάναι
2123 1163 2161 1228 6
2194 1166 2438 1243 πατὴρ
2470 1164 2509 1227 6
2540 1165 2880 1255 ἐκείνου,
2912 1164 2951 1227 6
2982 1166 3220 1243 φίλος
3251 1164 3288 1228 6

696 1267 1022 1344 τούτου,
1055 1271 1171 1330 τοῦ
1205 1268 1304 1330 «6»
1336 1267 1531 1331 πάλιν
1564 1265 2061 1345 ἀναφερομένου
2088 1266 2191 1329 ἐπὶ
2209 1268 2285 1331 τὸ
2314 1265 2382 1330 «ὁ
2401 1267 2660 1344 πατήρ».
2710 1268 2911 1331 πόθεν
2930 1268 3053 1344 γὰρ
3076 1265 3168 1330 ἔτι
3190 1265 3293 1330 ἐπὶ

695 1367 770 1430 τὸ
803 1366 1050 1432 ἐκείνου
1082 1370 1182 1432 καὶ
1212 1369 1482 1450 τούτου,
1528 1366 1659 1443 εἴγε
1692 1369 1795 1431 καὶ
1826 1367 2213 1445 ἀςύναρθροι
2243 1369 2347 1432 καὶ
2377 1368 2535 1431 κατὰ
2562 1371 2814 1444 γενικῆς
2846 1369 3177 1437 πτώςεως;
3211 1404 3290 1415 -

597 1492 658 1538 ιο
692 1470 858 1545 πρὸς
888 1468 1143 1534 τούτοις
1189 1468 1470 1547 ἐδείχθη,
1519 1468 1608 1532 ῶς
1652 1469 1733 1532 τὰ
1776 1468 1984 1547 ἄρθρα
2028 1468 2392 1549 ἀποφεύγει
2429 1469 2542 1532 τὰς
2573 1469 2813 1535 δείξεις.
2891 1471 3032 1532 πῶς
3065 1467 3188 1547 οὖν
3220 1469 3290 1533 ἐν

692 1576 784 1651 τῷ
832 1570 1014 1635 ἐντὸς
1046 1571 1400 1653 προςώπῳ,
1447 1574 1732 1652 δεικτικῷ
1775 1569 1945 1645 ὄντι,
1993 1569 2155 1649 ὅπερ
2198 1570 2391 1647 ἐςτίν,
2436 1571 2526 1634 ὡς
2565 1570 2965 1648 προείρηται,
3009 1570 3047 1647 ἡ
3081 1570 3286 1634 ἀντω-
3325 1584 3369 1636 Β

694 1670 899 1747 νυμία,
932 1670 1173 1749 ἄρθρον
1205 1671 1297 1735 ἔτι
1326 1671 1831 1753 προςελεύςεται,
1864 1671 1973 1735 ὅτε
2006 1672 2161 1735 οὐδὲ
2192 1678 2282 1753 τῶ
2316 1671 2497 1735 ἐκτὸς
2524 1671 3016 1754 ὑπακουομένῳ,
3051 1670 3158 1735 ὅτε
3183 1671 3290 1734 ἐπὶ

694 1774 948 1837 δείξεως
981 1774 1384 1852 λαμβάνεται,
1430 1773 1612 1852 ἐμὸς
1660 1771 1735 1836 εἷ
1778 1772 2047 1851 φίλος,
2092 1775 2479 1850 ἡμέτερος
2521 1773 2898 1850 ὑπάρχεις
2943 1771 3283 1852 οἰκέτηςς

868 1875 999 1953 Χρὴ
1031 1874 1156 1952 ἀρα
1189 1878 1439 1957 καλεῖν,
1486 1873 1770 1951 καθάπερ
1816 1875 1917 1936 καὶ
1963 1874 1999 1937 ὁ
2031 1873 2347 1953 Τρύφων,
2397 1876 2866 1952 πρωτοτύπους
2898 1876 3014 1954 τήν
3046 1895 3115 1939 τε
3147 1875 3280 1950 ἐγώ

600 1998 660 2043 15
697 1977 798 2039 καὶ
842 1976 954 2039 τὰς
1001 1975 1433 2052 ὑπολοίπους,
1492 1975 1590 2039 ὅτι
1636 1973 1753 2037 οὐκ
1797 1974 1920 2037 ἀπ’
1966 1973 2210 2039 ἄλλων·
2259 1976 2686 2053 παραγωγοὺς
2731 1977 2801 2040 δὲ
2848 1979 2950 2040 καὶ
2995 1978 3281 2055 κτητικὰς

691 2079 807 2157 τὴν
873 2077 1180 2156 ἡμέτερος
1248 2077 1346 2140 καὶ
1405 2076 1743 2153 νωίτερος,
1807 2076 1905 2139 ὅτι
1970 2076 2101 2140 ἀπὸ
2154 2083 2284 2141 τῶν
2346 2077 2794 2154 πρωτοτύπων
2850 2079 2965 2156 τὴν
3032 2078 3279 2152 γένεςιν
3317 2089 3358 2145 G

692 2179 932 2256 ἔχουςι,
989 2178 1199 2256 κτῆςίν
1255 2198 1321 2241 τε
1369 2178 1702 2259 δηλοῦςιν,
1759 2177 1892 2241 ἀπὸ
1938 2182 2206 2252 γενικῶν
2253 2176 2693 2255 παραγόμεναι
2749 2179 2849 2242 καὶ
2892 2179 2981 2243 εἰς
3024 2180 3282 2257 γενικὴν

689 2281 1352 2359 μεταλαμβανόμεναι,
1401 2277 1684 2355 καθάπερ
1730 2280 1832 2342 καὶ
1877 2280 1955 2342 τὰ
2000 2279 2254 2356 κτητικὰ
2295 2283 2430 2343 τῶν
2476 2278 2836 2356 ὀνομάτων.

860 2382 996 2459 Οὐχ
1054 2380 1224 2456 ὑγιές
1279 2399 1346 2444 τε
1394 2380 1636 2462 λέγειν,
1695 2379 1792 2443 ὅτι
1848 2381 1929 2444 τὰ
1984 2378 2186 2458 ἄρθρα
2243 2380 2323 2443 οὐ
2368 2382 2766 2458 προςτίθεται
2812 2385 2950 2446 ταῖς
2996 2382 3280 2447 ἀντωνυ-

586 2503 652 2551 20
688 2484 885 2565 μίαις,
933 2483 1029 2546 ὅτι
1074 2482 1145 2545 ἐν
1189 2484 1327 2544 τοῖς
1371 2481 1617 2556 γένεςιν
1663 2480 2030 2545 ἀδιάςτολοί
2074 2481 2223 2546 εἰςιν
2268 2482 2367 2564 (ἐκ
2409 2484 2532 2561 γὰρ
2574 2485 2690 2547 τοῦ
2736 2483 3033 2547 ἐναντίου
3063 2482 3281 2564 ἐχρῆν,

683 2583 793 2649 ἵνα
839 2586 1138 2666 διαςταλῇ
1195 2584 1272 2647 τὸ
1317 2584 1543 2663 γένος,
1602 2585 1735 2646 ταῖς
1782 2603 1848 2646 τε
1893 2584 1969 2646 τὸ
2015 2584 2204 2658 γένος
2255 2585 2764 2648 διαςτελλούςαις
2815 2583 2944 2648 ἔδει
2998 2586 3078 2662 μὴ
3119 2604 3278 2661 προ-

690 2684 1057 2769 ςτίθεςθαι)·
1106 2686 1335 2763 ἀρκετὴ
1367 2686 1489 2762 γὰρ
1519 2684 1557 2761 ἡ
1590 2687 1807 2759 δεῖξις,
1854 2688 2136 2761 δηλοῦςα
2165 2685 2240 2749 τὸ
2283 2686 2491 2760 γένος.
2537 2721 2618 2731 -
2661 2687 2825 2762 πρὸς
2856 2684 3107 2749 τούτοις
3140 2685 3282 2748 ἰδοὺ
3318 2706 3384 2754 20
3409 2702 3459 2753 A

686 2790 877 2863 γένος
903 2789 1183 2865 ςημαίνει
1217 2788 1254 2865 ἡ
1286 2787 1529 2851 ἐκεῖνος
1559 2788 1658 2850 καὶ
1690 2785 1914 2864 οὗτος,
1963 2788 2065 2850 καὶ
2108 2787 2349 2865 ἄρθρον
2395 2786 2513 2850 οὐκ
2557 2787 2977 2863 ἐπιδέχονται.
3010 2821 3094 2833 —
3125 2786 3279 2850 οὐδὲ

685 2890 809 2967 γὰρ
870 2888 1057 2952 ἕνεκα
1112 2891 1446 2965 διαςτολῆς
1502 2888 2086 2966 παραλαμβάνεται,
2147 2889 2286 2952 ἐπεὶ
2340 2888 2495 2952 οὐδὲ
2539 2888 2703 2952 αὐτὰ
2746 2888 3123 2970 διαςτέλλει,
3178 2908 3277 2951 ςυ-

586 3013 655 3060 25
694 2991 1090 3069 νεμπεςόντα
1146 2994 1285 3054 τοῖς
1339 2991 1572 3065 γένεςι·
1627 2990 1703 3053 τὸ
1758 2991 1883 3066 γὰρ
1936 2992 2094 3053 τῶν
2140 2987 2381 3067 ἄρθρον
2444 2994 2577 3053 τῶν
2634 2993 2827 3067 τριῶν
2892 2993 3106 3064 γενῶν
3151 2987 3278 3053 ἐςτι

684 3093 1180 3171 παραςτατικόν,
1239 3093 1314 3156 τό
1371 3112 1439 3156 τε
1494 3096 1629 3155 τοῦ
1687 3090 2025 3168 ἀρρενικὸν
2082 3092 2184 3153 καὶ
2239 3089 2604 3168 οὐδέτερον.
2691 3090 2782 3155 ὡς
2833 3089 3083 3169 ἐδείχθη
3129 3089 3271 3172 οὖν,

684 3194 1053 3272 ἀναφορικὰ
1096 3192 1256 3257 ὄντα
1298 3194 1410 3257 τὰς
1456 3193 1774 3258 ςυντάξεις
1818 3192 2195 3271 ἀποφεύγει.

820 3479 1035 3531 Ancvx.
1114 3485 1137 3531 1
1178 3478 1375 3548 Neque
1413 3479 1724 3547 quidquam
1761 3494 1830 3532 ex
1867 3495 1937 3532 ea
1969 3496 2032 3533 re
2069 3476 2340 3542 efficitur,
2379 3478 2532 3548 quod
2568 3479 2714 3534 alter
2748 3478 3016 3533 articulus
3040 3479 3274 3546 nomini,

685 3564 828 3617 alter
863 3563 1171 3630 possessivo
1207 3565 1601 3632 praeponitur3
1638 3580 1771 3617 nam
1807 3563 2128 3632 saepissime
2166 3565 2277 3616 duo
2312 3564 2535 3617 articuli
2569 3565 2641 3617 acl
2667 3582 2840 3618 unum
2867 3564 3276 3618 nominativum

683 3648 986 3715 pertinent.
1070 3646 1315 3712 Quorum
1352 3648 1504 3716 prior
1541 3647 1913 3715 anaphoram,
1958 3648 2237 3717 posterior
2281 3664 2401 3702 rem
2447 3665 2558 3702 non
2606 3649 2749 3702 alius
2785 3666 2903 3702 esse
2940 3648 3170 3702 indicat.
3213 3679 3274 3687 -

688 3740 747 3786 19
768 3731 978 3785 Verum
998 3747 1110 3785 non
1130 3734 1241 3797 est,
1272 3731 1570 3785 articulum
1589 3732 2014 3800 pronominibus
2034 3732 2465 3801 (personalibus)
2484 3733 2612 3786 ideo
2638 3749 2747 3785 non
2771 3732 2929 3798 addi,
2965 3734 3117 3802 quod
3137 3733 3277 3787 haec

680 3835 860 3886 genus
903 3832 1015 3869 non
1061 3815 1414 3884 distinguant
1516 3817 1656 3869 Nam
1707 3817 1966 3870 crederes
2014 3816 2227 3885 potine,
2276 3821 2342 3870 ut
2373 3833 2584 3884 genera
2620 3817 3094 3884 discernerentur,
3144 3819 3277 3871 arti·

679 3902 869 3955 culum
905 3900 1306 3969 apponendum
1343 3917 1479 3954 esse.
1549 3900 1659 3955 Sed
1696 3903 1923 3954 omnino
1960 3901 2181 3955 articuli
2217 3918 2328 3955 non
2364 3904 2674 3969 ponuntur,
2712 3903 2776 3954 ut
2809 3918 2988 3971 genus
3023 3902 3273 3970 patefiat.

690 4061 777 4069 -ω-

818 4157 996 4210 D1scn.
1046 4174 1239 4211 scium.
1320 4162 1366 4211 1.
1416 4172 1503 4211 οτι
1562 4173 1649 4208 και
1695 4156 1769 4222 Α,
1817 4158 1904 4210 ὅτι
1952 4156 1988 4209 b
2055 4160 2062 4218 Ι
2127 4164 2174 4211 3.
2222 4161 2364 4222 γοῦν
2417 4156 2480 4221 b,
2527 4173 2631 4211 ουν
2675 4157 2718 4211 Α
2784 4159 2793 4223 Ι
2868 4162 2915 4209 4.
2962 4157 3105 4210 κατὰ
3142 4157 3278 4210 eicit

678 4239 1038 4295 RSchneider
1100 4247 1109 4303 Ι
1179 4248 1228 4296 5.
1268 4243 1551 4305 απελαβεν
1576 4241 1619 4295 Α
1686 4245 1696 4308 Ι
1766 4246 1813 4296 6.
1853 4257 2003 4295 εςτιν
2039 4243 2082 4295 Α
2150 4247 2158 4305 Ι
2230 4247 2395 4296 7-8.
2432 4243 2464 4295 6
2500 4243 2710 4295 τούτου
2748 4241 2803 4308 b,
2846 4259 2878 4294 ο
2915 4243 3133 4297 εκὲἰνόύ
3173 4245 3216 4297 Α
3263 4244 3269 4310 Ι

678 4334 728 4386 8.
771 4329 853 4381 ἔτι
896 4324 1284 4390 RSkrzeczka‚
1333 4328 1421 4378 ὅτι
1468 4325 1589 4391 Ab,
1634 4326 1704 4378 τὸ
1751 4326 1783 4379 ὅ
1831 4323 2109 4378 GDronke
2185 4333 2194 4387 Ι
2268 4331 2316 4378 9.
2350 4330 2683 4392 αςυναρθροι
2720 4326 2791 4392 Α,
2836 4329 3133 4395 εύναρθροι
3170 4328 3204 4381 b
3262 4330 3269 4396 Ι

684 4419 759 4465 10.
807 4413 1023 4478 εδειχθη
1071 4411 1150 4476 Α,
1206 4410 1508 4476 ἀπεδείχθη
1557 4410 1593 4463 b
1664 4415 1671 4474 Ι
1737 4416 1813 4463 14.
1860 4409 1977 4476 Χρὴ
2023 4411 2130 4476 ἄρα
2176 4440 2239 4448 -
2288 4415 2368 4466 18.
2413 4411 2717 4476 ὀνομάτων
2761 4410 2892 4463 hinc
2929 4411 3184 4466 tollenda
3218 4413 3279 4465 et

677 4512 732 4562 p.
797 4502 878 4560 17,
920 4510 965 4549 1⁰1
1018 4495 1148 4563 post
1196 4494 1329 4557 ἐμὸς
1383 4500 1512 4548 παῖς
1568 4493 1867 4548 inserenda
1922 4510 2042 4547 esse
2097 4494 2291 4547 censet
2342 4492 2723 4556 RSchneider;
2779 4497 2910 4563 post
2959 4498 3274 4563 ἀποφεύγει

676 4579 714 4632 1.
754 4586 817 4632 27
857 4578 1099 4632 collocat
1133 4577 1395 4647 GUhligl
1432 4586 1509 4634 17.
1556 4596 1772 4646 εχουςιν
1810 4580 1855 4632 Α
1889 4584 1898 4641 1
1939 4586 2019 4631 21.
2055 4579 2516 4648 διαςτελλούςαις]
2554 4579 2644 4632 sol.
2689 4586 2784 4632 150
2819 4597 2870 4633 v,
2919 4584 2927 4647 Ι
2976 4588 3056 4634 24.
3098 4597 3274 4648 παρα·

675 4664 1014 4731 λαμβάνεται
1039 4663 1134 4716 Ab
1156 4703 1170 4728 ‚
1208 4666 1740 4731 παραλαμβανονται
1772 4662 1825 4715 in
1856 4665 1896 4716 Α
1937 4677 2056 4716 esse
2093 4662 2387 4716 contendit
2421 4663 2457 4716 b
2492 4663 2551 4716 in
2586 4680 2701 4721 var.
2737 4664 2865 4718 lect.
2897 4669 2907 4729 Ι
2938 4671 3020 4719 25.
3056 4682 3274 4731 γενεςιν

677 4753 721 4804 Α
759 4755 941 4814 Ιεςτιν
977 4751 1020 4803 Α
1063 4752 1073 4817 Ι
1114 4755 1196 4803 26.
1233 4750 1531 4817 ἀρρενικὸν
1571 4747 1630 4801 et
1663 4749 1970 4814 οὐδέτερον
2006 4747 2042 4800 b
2078 4748 2135 4799 in
2172 4764 2288 4800 var.
2327 4746 2472 4814 lect„
2510 4749 2825 4815 ἀρρενικῶν
2861 4753 2921 4803 et
2954 4752 3273 4817 οὐδετέρων

677 4837 720 4889 Α
745 4834 780 4886 b
817 4832 875 4887 in
912 4836 1073 4887 textu
