3738 5530
603 332 1048 389 Commentarius
1077 332 1303 388 criticus
1333 335 1392 388 et
1420 332 1740 405 exegeticus
1766 333 1826 387 in
1855 334 2141 404 Apollonii
2172 334 2398 405 Dyscoli
2428 336 2640 407 scripta
2665 337 2899 392 minora.
2990 340 3076 403 95

459 524 589 562 cum
637 504 817 563 verbo
862 507 1075 564 tertiae
1121 521 1406 582 personae
1452 506 1715 564 construi
1760 507 1978 581 potest,
2027 507 2268 565 nomina
2314 510 2506 566 autem
2552 509 2613 565 et
2656 526 2888 584 semper
2933 512 3076 568 sunt

458 597 673 653 tertiae
727 613 1040 670 personae,
1088 596 1148 653 et
1193 593 1295 653 ubi
1340 593 1606 654 subiecta
1652 598 1811 670 sunt,
1856 598 1924 653 ut
1966 596 2128 654 verbi
2163 613 2422 670 persona
2467 614 2598 656 cum
2641 599 2904 671 ipsorum
2937 616 3075 672 per-

457 700 603 742 sona
649 687 965 753 conveniat,
1015 687 1338 757 eoeposczmt.
1416 684 1612 760 Quare
1647 684 1783 743 talis
1820 687 2163 744 const-ruceio
2201 679 2352 768 (scil.
2394 681 2673 760 ἐμαυτοῦ
2708 689 3075 764 pronominis

356 830 369 847 ,
460 794 595 832 cum
639 776 1011 834 nominativo
1057 776 1331 849 nominiS,
1380 769 1659 848 ἐμαυτοῦ
1704 765 1885 855 παῖς)
1935 792 2055 835 esse
2096 791 2218 835 non
2250 779 2472 850 potest,-
2513 793 2656 835 noem
2697 778 2936 836 verbum
2979 796 3075 836 nc-

458 882 567 937 que
621 880 752 922 cum
804 866 1150 923 nominativi
1192 879 1479 937 persona,
1534 866 1573 922 i.
1614 882 1659 923 e.
1708 866 1917 939 tertia,
1982 867 2286 924 convenire
2337 869 2527 940 potest
2570 861 2879 943 (ἐμαυτοῦ
2923 867 3074 928 παῑς

460 949 746 1030 ἔτυψεν),
805 955 1024 1031 quippe
1080 971 1214 1012 cum
1267 952 1611 1013 reflexivum
1665 955 1923 1030 primam
1978 954 2143 1014 verbi
2198 972 2511 1032 personam
2557 954 2670 1015 sibi
2716 957 3077 1034 expostulet3

456 1060 640 1117 neque
685 1060 816 1102 cum
862 1038 1195 1117 ἐμαυτοῦ
1236 1045 1485 1117 yenetivi
1519 1059 1796 1117 persona,
1842 1046 1882 1102 i.
1922 1062 1968 1101 e.
2016 1046 2212 1120 prima
2263 1040 2573 1122 (ἐμαυτοῦ
2619 1044 2769 1106 παῖς
2796 1040 3074 1123 ’ἔτυψα),

459 1152 592 1191 cum
646 1132 976 1193 subiectum
1031 1134 1113 1192 sit
1164 1134 1392 1192 tertiae.
1483 1133 1676 1193 Potest
1727 1136 1924 1193 autem
1967 1150 2099 1192 cum
2157 1130 2486 1208 ἐμαυτοῦ
2531 1137 2928 1194 nominativus
2972 1156 3075 1195 no-

459 1225 635 1281 minis
684 1225 958 1291 construi,
1004 1222 1108 1282 ubi
1151 1224 1390 1282 verbum
1433 1223 1861 1282 substantivum
1907 1214 2099 1304 (εἶναι
2146 1215 2305 1305 sim.)
2352 1225 2571 1284 accedit
2617 1226 2719 1301 69,
2742 1226 2977 1284 6-17,

637 1311 1010 1390 Superfiuam
1064 1312 1217 1371 hanc
1271 1312 1736 1389 disputationem
1781 1332 1813 1371 e
1868 1315 2022 1389 synt.
2075 1314 2221 1388 173,
2247 1316 2525 1388 1-174,
2549 1315 2628 1373 18
2650 1306 2712 1396 *)
2759 1314 3074 1375 illustravi.

460 1400 642 1461 Vides
686 1401 989 1483 1ο,ε.11;οι·ε,
1034 1404 1160 1462 eius
1204 1404 1377 1479 parte
1422 1401 1831 1479 praedicatum
1876 1420 2010 1461 cum
2055 1402 2319 1463 subiecto
2365 1403 2664 1463 confundi.

635 1487 1028 1566 Ἐμαυτοῦ,
1094 1494 1164 1551 ut
1226 1494 1423 1552 cetera
1485 1493 1842 1569 composita,
1904 1494 2261 1552 nonnnatico
2326 1498 2497 1553 earet.
2592 1493 2759 1569 Quod
2810 1495 2981 1554 semel
3037 1513 3078 1552 a

458 1582 704 1641 Platone
757 1584 968 1642 comico
1022 1582 1315 1641 adhibitus
1375 1585 1479 1650 est,
1544 1583 1609 1641 id
1653 1582 1918 1641 licentiae
1951 1584 2212 1656 poeticae
2258 1583 2641 1643 tribumdwm.
2735 1581 2930 1643 Causa
2974 1603 3079 1643 cur

459 1672 612 1731 desit
658 1674 1059 1731 nominativus
1104 1670 1251 1730 haec
1288 1673 1392 1731 est.
1470 1670 1675 1731 Omnis
1718 1672 1984 1745 obliquus
2020 1689 2211 1742 casm,
2248 1673 2351 1732 ubi
2388 1690 2521 1733 cum
2552 1675 2910 1733 nominativo
2948 1691 3077 1733 con-

457 1764 721 1831 struitur,
779 1763 1003 1821 indieat
1046 1763 1404 1835 affectionem
1452 1753 1574 1842 (vel
1622 1753 1944 1842 actionem)
1992 1763 2067 1821 ab
2115 1762 2301 1822 altera
2336 1778 2596 1837 persona
2643 1754 2950 1845 (subiecti)
2997 1765 3078 1823 ad

459 1852 705 1910 alteram
768 1842 1038 1933 (obiecti)
1106 1853 1373 1909 transire.
1463 1851 1633 1909 Fieri
1694 1855 1890 1911 autem
1940 1855 2132 1925 potest
2181 1856 2249 1912 ut
2300 1854 2527 1926 affectio
2584 1845 2706 1934 (vel
2755 1845 2940 1935 actio)
2997 1854 3078 1912 acl

456 1944 653 2015 ipsum
702 1943 1127 2027 nominat-imm
1172 1932 1559 2022 (subiectum)
1607 1942 1777 2014 quasi
1834 1934 2179 2014 reflectatur.
2271 1942 2445 2001 Illud
2496 1943 2600 2002 ubi
2643 1945 2740 2015 fit,
2786 1942 3079 2017 sinmbicia

462 2026 907 2108 (ἀλλοπαθεῖς)
944 2032 1301 2106 pronomina
1345 2031 1692 2089 adhibentur
1701 2050 1723 2101 ‚·
1767 2031 1848 2089 ad
1891 2031 2048 2090 hunc
2088 2047 2263 2091 usum
2306 2034 2584 2104 reflexit-a
2630 2027 3076 2110 (αὐτοπαθεῖς)

458 2123 620 2194 sacta
670 2125 823 2180 sunt.
914 2118 1017 2180 Ad
1068 2123 1347 2194 reflexim
1399 2121 1579 2194 iyitur
1635 2136 1860 2194 semper
1905 2120 2144 2179 verbum
2188 2122 2443 2181 eiusdem
2476 2139 2769 2196 personae
2811 2123 3080 2181 accedere

457 2226 682 2270 necesse
738 2214 843 2279 est,
910 2212 1003 2269 cui
1058 2211 1227 2268 verbo
1281 2211 1564 2268 nominati
1572 2227 1676 2267 etus
1726 2211 1890 2269 inest.
2013 2209 2208 2286 Quare
2267 2213 2613 2270 nontinabivi
2674 2214 3080 2284 refleoeivorum

458 2302 743 2375 superflui
803 2303 941 2358 sunt
1006 2302 1106 2373 69,
1141 2300 1431 2372 18-70,
1462 2302 1559 2357 10.
1669 2297 1754 2379 Cf·
1817 2300 2065 2375 113,17
2098 2318 2213 2376 sq.;
2276 2304 2430 2377 synt.
2484 2302 3079 2376 1¹14,19—-176,6;

459 2389 573 2447 EM
621 2391 913 2464 496,17;
977 2387 1084 2448 AG
1129 2390 1328 2463 14463
1390 2387 1497 2447 EG
1543 2389 1836 2463 305,3s;
1900 2386 2008 2447 Ao
2055 2388 2148 2447 ΠΙ
2190 2391 2471 2465 271,19;
2537 2390 2701 2449 sust.
2755 2391 3079 2468 1480,30;

458 2478 638 2539 Prisc.
678 2478 827 2537 xm
867 2479 948 2537 23
997 2500 1053 2555 p.
1099 2480 1455 2553 15,6—19.

640 2570 743 2644 69,
768 2571 846 2628 19
914 2563 986 2627 έν
1044 2564 1383 2628 Μετοίκοις
1438 2561 1826 2646 Πλάτωνος]
1896 2567 2100 2627 eadem
2165 2569 2373 2627 fabula
2422 2570 2565 2643 113,
2591 2572 2670 2629 19
2739 2568 3078 2628 Pherecrati

458 2659 770 2733 tribuitur3
835 2657 993 2735 quod
1058 2659 1376 2717 memoriae
1440 2675 1635 2717 errore
1699 2658 1924 2716 factum
1989 2675 2114 2717 esse
2179 2661 2359 2734 putat
2412 2658 2680 2717 Meineke
2737 2658 2890 2717 Hist.
2948 2661 3074 2717 crit.

458 2769 605 2809 com.
656 2770 741 2827 gr.
794 2750 904 2824 703
956 2749 1098 2807 175.
2111 2762 2115 2767 ·

641 2841 843 2914 69,21
898 2832 1238 2913 μετάβαςιν
1285 2840 1346 2897 et
1395 2832 1938 2916 70,1·διαθέςεις]
1988 2837 2065 2895 ad
2117 2839 2217 2912 18,
2244 2839 2353 2913 153
2398 2838 2519 2897 ind.

643 2929 936 3002 70‚4-5
987 2923 1321 3000 αὐτοπαθῆ
1360 2959 1448 2968 —-
1486 2921 1850 3006 ἀλλοπαθῆ]
1895 2946 2060 3003 pron.
2094 2928 2197 3002 44,
2223 2930 2332 3002 17;
2378 2930 2532 3004 synt.
2569 2929 2712 3004 175,
2740 2930 2850 3004 123
2896 2928 3075 2987 Prisc.

370 3036 376 3040 ·
460 3018 605 3077 XIII
652 3039 707 3094 p.
751 3019 807 3092 5,
834 3019 1109 3076 14—16.
1162 3018 1261 3092 15,
1286 3017 1575 3091 26—-283
1634 3010 1987 3077 ἰδιοπαθεῑς
2043 3019 2105 3076 et
2159 3011 2663 3078 ἀντανάκλαςτοι
2719 3037 2827 3094 pro
2886 3013 3075 3078 αὐτο-

459 3106 683 3167 παθεῑς
728 3106 907 3166 Prisc.
947 3106 1121 3166 XVII
1162 3107 1287 3165 108
1335 3125 1390 3182 p.
1436 3107 1703 3180 165,17.
1757 3106 1901 3181 167,
1924 3107 1979 3165 3.
2034 3107 2301 3182 176,18.

641 3199 741 3272 70,
762 3198 932 3260 4τ-6
983 3191 1207 3256 ‘Verba
1250 3194 1384 3254 τῶν
1430 3191 1725 3266 πλαγίων
1769 3215 1889 3254 non
1950 3195 2279 3271 abundant,
2340 3214 2702 3273 quamquam
2749 3199 3080 3273 composita

460 3286 731 3363 obliquos
758 3289 997 3346 tantum
1024 3304 1193 3345 casus
1230 3284 1477 3345 habent:
1514 3286 1757 3361 respicit
1791 3285 1951 3345 enim
1978 3287 2097 3345 iam
2135 3288 2476 3364 oppositum
2503 3305 2689 3365 genus
2719 3286 3080 3365 simplicium

462 3380 522 3435 et
559 3378 793 3452 quaerit
828 3376 1185 3450 etiamnunc,
1230 3395 1374 3434 num
1409 3374 1641 3451 possint
1678 3392 1802 3434 esse
1841 3375 1946 3433 alii
1993 3393 2161 3435 casus
2202 3376 2615 3436 reflexivorum
2651 3379 2888 3453 praeter
2930 3376 3079 3436 obli-

462 3486 608 3542 quos
664 3483 813 3543 quos
869 3483 991 3525 esse
1050 3465 1299 3525 constat.
1392 3463 1508 3522 Sed
1554 3464 1619 3522 in
1666 3464 1856 3523 altero
1904 3464 2170 3541 exemplo
2219 3461 2329 3539 ἐμὲ
2377 3462 2450 3526 ςὺ
2498 3461 2761 3526 ἔπαιςας
2806 3468 3073 3525 nomina·

460 3558 622 3615 tivus
651 3556 1015 3632 pronominis
1045 3553 1464 3633 expungendus
1502 3557 1619 3613 est:
1661 3556 1930 3629 sequitur
1967 3556 2124 3613 enim
2161 3553 2294 3615 τῶν
2333 3548 2637 3629 ῥημάτων
2676 3550 2791 3615 τὰς
2830 3551 3080 3615 εὐθείας

464 3641 534 3704 έν
582 3640 801 3705 αὑτοῖς
845 3638 1248 3719 δηλούντων’
1299 3643 1422 3702 Ska
1466 3642 1496 3700 I
1540 3645 1637 3702 17.

644 3736 744 3809 70,
767 3735 806 3792 8
844 3738 981 3810 post
1019 3728 1457 3808 ἐπιφερόμενα
1483 3730 1857 3810 JGuttentag
1894 3735 2229 3811 suspicatur
2265 3727 2525 3805 ἰςόζυγα
2563 3733 2872 3808 excidisse;
2919 3734 3078 3811 quod

462 3843 580 3883 non
627 3823 1000 3882 crediderim:
1056 3843 1126 3882 ex
1172 3825 1256 3882 eis
1302 3824 1459 3882 enim
1505 3841 1658 3899 quae
1705 3825 1884 3881 antea
1930 3825 2199 3900 exposita
2243 3825 2400 3898 sunt,
2445 3826 2568 3883 iam
2614 3826 2759 3883 satis
2807 3828 3075 3901 apparet,

461 3913 732 3989 verbum,
779 3912 883 3971 ubi
927 3931 1061 3972 cum
1114 3912 1407 3973 reflexivis
1462 3912 1850 3987 construitur,
1912 3911 2173 3973 eiusdem
2225 3931 2512 3989 personae
2567 3916 2748 3991 atque
2793 3913 2903 3972 illa
2949 3932 3077 3973 esse

460 4005 749 4079 oportere.
851 4002 941 4061 Ne
1004 4004 1067 4061 in
1121 4002 1416 4062 consimili
1469 4001 1710 4079 quidem
1768 4004 1924 4078 synt.
1971 4003 2102 4062 loco
2164 4002 2308 4079 175,
2330 4004 2588 4062 23-27
2648 4003 2711 4062 id
2768 4002 2928 4079 quod
2983 4023 3078 4062 ex-

462 4093 731 4169 postulat
775 4089 1106 4169 Guttentag
1153 4091 1449 4151 adiectum
1495 4094 1598 4151 est.

488 4352 500 4365 ι
639 4281 699 4407 ’ὲ
743 4283 888 4350 synt.
932 4284 1049 4347 173,
1071 4285 1103 4333 5
1148 4297 1251 4351 pro
1299 4281 1402 4365 cic·
1420 4282 1559 4337 αὐτὸ
1605 4283 1673 4336 τὸ
1723 4282 2025 4350 πρόςωπον
2070 4281 2393 4352 ponendum
2439 4283 2528 4336 est
2574 4281 2650 4337 εἰς
2694 4282 2762 4335 τὸ
2809 4282 2948 4338 αὐτὸ
2985 4298 3076 4364 πρ.

465 4352 634 4422 (idem
701 4351 865 4424 ylb.);
902 4351 938 4405 l.
969 4358 1001 4406 8
1040 4367 1107 4406 ex
1146 4353 1196 4406 A
1232 4352 1616 4422 recipiendum
1654 4355 1751 4436 ἐμέ
1788 4355 1988 4438 αῦτόνς
2031 4352 2068 4407 1.
2102 4359 2168 4408 10
2205 4354 2255 4407 A
2290 4353 2527 4424 praebet
2560 4355 2628 4408 τὸ
2666 4355 2875 4421 ἕτερον,
2914 4353 3076 4406 scnb.

458 4443 515 4480 τι
552 4426 760 4494 ἕτερον.
835 4423 991 4489 Quae
1027 4422 1063 4477 l.
1097 4428 1307 4478 13—18
1349 4428 1661 4493 sequuntur
1707 4441 1787 4479 sic
1832 4428 2096 4479 restituo:
2143 4428 2180 4493 ἡ
2221 4427 2410 4492 μέντοι
2446 4426 2536 4498 ἐπὶ
2573 4430 2755 4493 κτῆμα
2793 4427 3078 4493 φερομένη

368 4529 379 4544 =
461 4499 652 4564 γενική
707 4495 843 4567 (scil.
903 4496 1147 4564 ἐμαυτοῦ
1203 4502 1437 4552 ςεαυτοῦ
1494 4499 1698 4552 ἑαυτοῦ
1751 4499 1904 4568 cet),
1968 4499 2269 4565 πρόςωπον
2323 4499 2522 4564 ἔχουςα
2576 4502 2680 4551 τοῦ
2737 4498 3079 4564 κτήματος

466 4566 648 4638 (scrib.
679 4570 884 4636 κτήτο
894 4586 969 4636 ρο
982 4570 1030 4637 ς)
1068 4569 1452 4636 ἀπαράδεκτος
1489 4569 1701 4634 ἐγινετο
1731 4568 1808 4623 εἰς
1841 4570 1912 4623 τὸ
1942 4569 2283 4623 ἐπιδέξαςθαι
2309 4572 2416 4636 τὴν
2450 4585 2526 4624 το
2538 4571 2701 4622 ύτου
2739 4566 2925 4638 (scrib.
2954 4572 3077 4622 τοῦ

467 4640 826 4721 κτήματος)
865 4640 1234 4708 ὸνομαςτικήν
1271 4638 1445 4710 (velut
1481 4641 1724 4707 ἐμαυτοῦ
1761 4642 1927 4710 παῖς),
1967 4642 2153 4694 καθὼς
2180 4641 2405 4707 ἔμελλεν
2432 4642 2469 4707 ἡ
2499 4641 2561 4694 ἐκ
2587 4645 2708 4694 τοῦ
2737 4640 3079 4707 κτήματος

468 4708 651 4779 (scnb.
686 4714 891 4766 τοῦτο
902 4712 957 4781 υ)
1010 4712 1196 4766 εὐθεῖα
1252 4711 1535 4766 ἀνθέλκειν
1581 4711 1657 4766 εἰς
1701 4712 1881 4778 αὑτὴν
1924 4712 1993 4765 τὸ
2053 4713 2203 4780 ῥῆμα
2240 4710 2409 4783 (hunc
2454 4710 2514 4763 in
2559 4709 2787 4765 modum
2833 4713 3077 4778 ἐμαυτοῦ

464 4788 594 4836 παῖς
649 4784 837 4852 ἔτυψε,
889 4782 1040 4852 quod
1086 4781 1231 4836 nihil
1278 4784 1382 4852 est)
1416 4826 1426 4836 .
1458 4824 1470 4836 .
1503 4826 1514 4836 .
1547 4824 1559 4835 .
1590 4783 1659 4836 οῦ
1715 4784 1785 4850 δὴ
1841 4783 1946 4838 οῦν
2002 4783 2238 4838 ἐδύνατο
2291 4784 2360 4838 τὸ
2416 4784 2618 4850 μεταξὺ
2674 4788 2879 4837 τήπτον
2930 4785 3081 4850 ῥῆμα

468 4854 758 4921 ἐπαρκέςαι
793 4855 1133 4922 ἀμφοτέροις
1167 4856 1483 4922 προςώποις
1520 4854 1599 4924 (et
1674 4853 1969 4909 ossessoris
1997 4856 2056 4908 et
2079 4854 2358 4925 possessi).
2393 4885 2458 4894 ——
2490 4854 2570 4908 rb.
2603 4857 2723 4920 174,
2741 4858 2881 4906 2—3
2910 4852 3082 4907 verba

466 4927 505 4993 ἢ
544 4925 786 4992 ἐμαυτόν
822 4925 1078 4980 eicienda
1115 4925 1264 4995 sunt,
1299 4924 1337 4979 l.
1370 4931 1402 4979 5
1439 4929 1528 4980 καὶ
1565 4926 1636 4981 de
1660 4925 1882 4980 endum.
1914 4957 1980 4967 —
2017 4925 2097 4981 Ib.
2133 4930 2251 4996 175,
2273 4931 2338 4980 21
2379 4928 2522 4996 [πῶς
2558 4957 2627 4967 -
2664 4923 2701 4978 l.
2732 4929 2802 4977 23
2836 4924 3079 4997 έρείςειε]

467 4994 750 5067 glossema
783 5000 872 5052 est
907 4997 979 5052 ad
1015 4996 1054 5052 l.
1083 5001 1296 5054 24—25
1333 4996 1654 5067 ascriptum.
