<?xml version="1.0" encoding="UTF-8"?>
<!DOCTYPE html PUBLIC "-//W3C//DTD XHTML 1.0 Transitional//EN"
    "http://www.w3.org/TR/xhtml1/DTD/xhtml1-transitional.dtd">
<html xmlns="http://www.w3.org/1999/xhtml" xml:lang="en" lang="en">
 <head>
  <title>
</title>
<meta http-equiv="Content-Type" content="text/html;charset=utf-8" />
  <meta name='ocr-system' content='tesseract 3.04.00' />
  <meta name='ocr-capabilities' content='ocr_page ocr_carea ocr_par ocr_line ocrx_word'/>
</head>
<body>
  <div class='ocr_page' id='page_1' title='image "./grammaticigraec00unkngoog_0456.png"; bbox 0 0 3738 5530; ppageno 0'>
   <div class='ocr_carea' id='block_1_1' title="bbox 691 328 3191 399">
    <p class='ocr_par' dir='ltr' id='par_1_1' title="bbox 691 328 3191 399">
     <span class='ocr_line' id='line_1_1' title="bbox 691 328 3191 399; baseline -0 -14"><span class='ocrx_word' id='word_1_1' title='bbox 691 329 817 395; x_wconf 80' lang='grc'>162</span> <span class='ocrx_word' id='word_1_2' title='bbox 892 329 1335 384; x_wconf 75' lang='lat' dir='ltr'><strong>Commentarius</strong></span> <span class='ocrx_word' id='word_1_3' title='bbox 1364 329 1590 384; x_wconf 88' lang='lat' dir='ltr'><strong>criticus</strong></span> <span class='ocrx_word' id='word_1_4' title='bbox 1619 331 1678 384; x_wconf 81' lang='lat' dir='ltr'><strong>et</strong></span> <span class='ocrx_word' id='word_1_5' title='bbox 1705 329 2027 399; x_wconf 78' lang='lat' dir='ltr'><strong>exegeticus</strong></span> <span class='ocrx_word' id='word_1_6' title='bbox 2053 330 2112 383; x_wconf 90' lang='lat' dir='ltr'><strong>in</strong></span> <span class='ocrx_word' id='word_1_7' title='bbox 2142 328 2428 399; x_wconf 87' lang='lat' dir='ltr'><strong>Apollonii</strong></span> <span class='ocrx_word' id='word_1_8' title='bbox 2456 328 2684 398; x_wconf 78' lang='lat' dir='ltr'><strong>Dyscoli</strong></span> <span class='ocrx_word' id='word_1_9' title='bbox 2712 329 2924 398; x_wconf 77' lang='lat' dir='ltr'><strong>scripta</strong></span> <span class='ocrx_word' id='word_1_10' title='bbox 2949 328 3191 384; x_wconf 71' lang='lat' dir='ltr'><strong>minora..</strong></span> 
     </span>
    </p>
   </div>
   <div class='ocr_carea' id='block_1_2' title="bbox 662 494 3301 4851">
    <p class='ocr_par' dir='ltr' id='par_1_2' title="bbox 672 494 3299 1380">
     <span class='ocr_line' id='line_1_2' title="bbox 683 494 3298 575; baseline 0 -17"><span class='ocrx_word' id='word_1_11' title='bbox 683 497 802 560; x_wconf 82' lang='grc' dir='ltr'><strong>τοῦ</strong></span> <span class='ocrx_word' id='word_1_12' title='bbox 848 495 1319 575; x_wconf 87' lang='grc' dir='ltr'>ἀπαρεμφάτου</span> <span class='ocrx_word' id='word_1_13' title='bbox 1366 494 1673 569; x_wconf 87' lang='grc' dir='ltr'>ςύνταξιν,</span> <span class='ocrx_word' id='word_1_14' title='bbox 1731 518 1800 558; x_wconf 82' lang='lat' dir='ltr'><strong>ac</strong></span> <span class='ocrx_word' id='word_1_15' title='bbox 1844 497 2057 557; x_wconf 86' lang='lat' dir='ltr'><strong>deinde</strong></span> <span class='ocrx_word' id='word_1_16' title='bbox 2103 494 2221 558; x_wconf 86' lang='grc' dir='ltr'><strong>οὐκ</strong></span> <span class='ocrx_word' id='word_1_17' title='bbox 2276 494 2347 558; x_wconf 87' lang='grc' dir='ltr'><strong>ἐν</strong></span> <span class='ocrx_word' id='word_1_18' title='bbox 2394 495 2929 573; x_wconf 89' lang='grc' dir='ltr'>παραλληλότητι.</span> <span class='ocrx_word' id='word_1_19' title='bbox 3022 497 3179 557; x_wconf 75' lang='lat' dir='ltr'><strong>Nam</strong></span> <span class='ocrx_word' id='word_1_20' title='bbox 3226 495 3298 559; x_wconf 83' lang='grc' dir='ltr'><strong>ἐν</strong></span> 
     </span>
     <span class='ocr_line' id='line_1_3' title="bbox 681 579 3297 671; baseline -0 -23"><span class='ocrx_word' id='word_1_21' title='bbox 681 585 1204 663; x_wconf 89' lang='grc' dir='ltr'>παραλληλότητι</span> <span class='ocrx_word' id='word_1_22' title='bbox 1256 580 1410 671; x_wconf 81' lang='lat' dir='ltr'><strong>(sive</strong></span> <span class='ocrx_word' id='word_1_23' title='bbox 1457 584 1526 649; x_wconf 81' lang='grc' dir='ltr'><strong>ἐκ</strong></span> <span class='ocrx_word' id='word_1_24' title='bbox 1571 579 2024 669; x_wconf 84' lang='grc' dir='ltr'>παραλλήλου)</span> <span class='ocrx_word' id='word_1_25' title='bbox 2071 581 2201 648; x_wconf 81' lang='grc' dir='ltr'>εἴθε</span> <span class='ocrx_word' id='word_1_26' title='bbox 2247 591 2308 647; x_wconf 87' lang='lat' dir='ltr'><strong>et</strong></span> <span class='ocrx_word' id='word_1_27' title='bbox 2353 581 2604 663; x_wconf 85' lang='grc' dir='ltr'>ὄφελον</span> <span class='ocrx_word' id='word_1_28' title='bbox 2648 590 2793 665; x_wconf 91' lang='lat' dir='ltr'><strong>poni</strong></span> <span class='ocrx_word' id='word_1_29' title='bbox 2836 588 2883 647; x_wconf 89' lang='lat' dir='ltr'><strong>ii</strong></span> <span class='ocrx_word' id='word_1_30' title='bbox 2925 589 3167 647; x_wconf 74' lang='lat' dir='ltr'><strong>tantum</strong></span> <span class='ocrx_word' id='word_1_31' title='bbox 3211 588 3297 647; x_wconf 86' lang='lat' dir='ltr'><strong>di·</strong></span> 
     </span>
     <span class='ocr_line' id='line_1_4' title="bbox 682 676 3295 755; baseline -0.001 -17"><span class='ocrx_word' id='word_1_32' title='bbox 682 697 812 738; x_wconf 88' lang='lat' dir='ltr'><strong>cere</strong></span> <span class='ocrx_word' id='word_1_33' title='bbox 855 680 1160 755; x_wconf 77' lang='lat' dir='ltr'><strong>poterant,</strong></span> <span class='ocrx_word' id='word_1_34' title='bbox 1206 677 1421 754; x_wconf 91' lang='lat' dir='ltr'><strong>quibus</strong></span> <span class='ocrx_word' id='word_1_35' title='bbox 1467 679 1784 754; x_wconf 87' lang='lat' dir='ltr'><strong>utrumque</strong></span> <span class='ocrx_word' id='word_1_36' title='bbox 1830 676 2178 737; x_wconf 76' lang='lat' dir='ltr'><strong>adverbium</strong></span> <span class='ocrx_word' id='word_1_37' title='bbox 2225 677 2475 754; x_wconf 75' lang='lat' dir='ltr'><strong>optandi</strong></span> <span class='ocrx_word' id='word_1_38' title='bbox 2518 677 2850 753; x_wconf 77' lang='lat' dir='ltr'><strong>videbatur,</strong></span> <span class='ocrx_word' id='word_1_39' title='bbox 2908 678 3076 738; x_wconf 80' lang='lat' dir='ltr'><strong>velut</strong></span> <span class='ocrx_word' id='word_1_40' title='bbox 3119 677 3295 737; x_wconf 85' lang='lat' dir='ltr'><strong>schol.</strong></span> 
     </span>
     <span class='ocr_line' id='line_1_5' title="bbox 680 765 3299 844; baseline -0 -18"><span class='ocrx_word' id='word_1_41' title='bbox 680 768 864 827; x_wconf 87' lang='lat' dir='ltr'><strong>Arist.</strong></span> <span class='ocrx_word' id='word_1_42' title='bbox 911 766 1068 827; x_wconf 84' lang='lat' dir='ltr'><strong>Nub.</strong></span> <span class='ocrx_word' id='word_1_43' title='bbox 1114 787 1167 826; x_wconf 84' lang='lat' dir='ltr'><strong>v.</strong></span> <span class='ocrx_word' id='word_1_44' title='bbox 1207 769 1310 826; x_wconf 88' lang='lat'><strong>42.</strong></span> <span class='ocrx_word' id='word_1_45' title='bbox 1363 766 1543 827; x_wconf 86' lang='lat' dir='ltr'><strong>schol.</strong></span> <span class='ocrx_word' id='word_1_46' title='bbox 1589 767 1730 825; x_wconf 82' lang='lat' dir='ltr'><strong>Eur.</strong></span> <span class='ocrx_word' id='word_1_47' title='bbox 1777 766 1931 826; x_wconf 88' lang='lat' dir='ltr'><strong>Med.</strong></span> <span class='ocrx_word' id='word_1_48' title='bbox 1978 787 2032 826; x_wconf 81' lang='lat' dir='ltr'><strong>v.</strong></span> <span class='ocrx_word' id='word_1_49' title='bbox 2076 769 2141 842; x_wconf 86' lang='lat'><strong>13</strong></span> <span class='ocrx_word' id='word_1_50' title='bbox 2185 766 2540 843; x_wconf 85' lang='lat' dir='ltr'><strong>Apollonius</strong></span> <span class='ocrx_word' id='word_1_51' title='bbox 2587 770 2787 827; x_wconf 82' lang='lat' dir='ltr'><strong>autem</strong></span> <span class='ocrx_word' id='word_1_52' title='bbox 2831 768 2958 844; x_wconf 90' lang='lat' dir='ltr'><strong>ipse</strong></span> <span class='ocrx_word' id='word_1_53' title='bbox 3003 765 3151 826; x_wconf 73' lang='lat' dir='ltr'><strong>alibi</strong></span> <span class='ocrx_word' id='word_1_54' title='bbox 3225 767 3299 826; x_wconf 91' lang='lat' dir='ltr'><strong>de</strong></span> 
     </span>
     <span class='ocr_line' id='line_1_6' title="bbox 680 848 3295 938; baseline 0 -23"><span class='ocrx_word' id='word_1_55' title='bbox 680 859 895 917; x_wconf 83' lang='lat' dir='ltr'><strong>constr.</strong></span> <span class='ocrx_word' id='word_1_56' title='bbox 946 855 1036 916; x_wconf 84' lang='lat'><strong>111</strong></span> <span class='ocrx_word' id='word_1_57' title='bbox 1086 858 1166 916; x_wconf 88' lang='lat'><strong>23</strong></span> <span class='ocrx_word' id='word_1_58' title='bbox 1229 876 1286 933; x_wconf 91' lang='lat' dir='ltr'><strong>p.</strong></span> <span class='ocrx_word' id='word_1_59' title='bbox 1328 858 1477 932; x_wconf 89' lang='grc'>249,</span> <span class='ocrx_word' id='word_1_60' title='bbox 1499 858 1579 916; x_wconf 87' lang='grc'><strong>23</strong></span> <span class='ocrx_word' id='word_1_61' title='bbox 1601 848 1759 938; x_wconf 87' lang='lat' dir='ltr'><strong>sqq.)</strong></span> <span class='ocrx_word' id='word_1_62' title='bbox 1824 857 2036 916; x_wconf 89' lang='lat' dir='ltr'><strong>horum</strong></span> <span class='ocrx_word' id='word_1_63' title='bbox 2101 859 2457 916; x_wconf 75' lang='lat' dir='ltr'><strong>sententiam</strong></span> <span class='ocrx_word' id='word_1_64' title='bbox 2518 856 2819 933; x_wconf 81' lang='lat' dir='ltr'><strong>improbat</strong></span> <span class='ocrx_word' id='word_1_65' title='bbox 2879 856 3131 932; x_wconf 91' lang='lat' dir='ltr'><strong>ideoque</strong></span> <span class='ocrx_word' id='word_1_66' title='bbox 3218 855 3295 915; x_wconf 92' lang='lat' dir='ltr'><strong>ib.</strong></span> 
     </span>
     <span class='ocr_line' id='line_1_7' title="bbox 678 938 3296 1028; baseline 0 -24"><span class='ocrx_word' id='word_1_67' title='bbox 678 967 737 1023; x_wconf 88' lang='lat' dir='ltr'><strong>p.</strong></span> <span class='ocrx_word' id='word_1_68' title='bbox 778 947 925 1022; x_wconf 84' lang='lat'><strong>250,</strong></span> <span class='ocrx_word' id='word_1_69' title='bbox 950 938 1017 1028; x_wconf 87' lang='lat'><strong>2)</strong></span> <span class='ocrx_word' id='word_1_70' title='bbox 1062 947 1244 1005; x_wconf 76' lang='lat' dir='ltr'><strong>istam</strong></span> <span class='ocrx_word' id='word_1_71' title='bbox 1289 942 1830 1022; x_wconf 85' lang='grc' dir='ltr'>παραλληλότητα</span> <span class='ocrx_word' id='word_1_72' title='bbox 1877 946 2313 1023; x_wconf 73' lang='lat' dir='ltr'><strong>agnoscendam</strong></span> <span class='ocrx_word' id='word_1_73' title='bbox 2358 963 2484 1006; x_wconf 87' lang='lat' dir='ltr'><strong>esse</strong></span> <span class='ocrx_word' id='word_1_74' title='bbox 2527 949 2725 1025; x_wconf 80' lang='lat' dir='ltr'><strong>negat.</strong></span> <span class='ocrx_word' id='word_1_75' title='bbox 2817 944 3190 1023; x_wconf 73' lang='lat' dir='ltr'><strong>Quamquam</strong></span> <span class='ocrx_word' id='word_1_76' title='bbox 3232 948 3296 1004; x_wconf 89' lang='lat' dir='ltr'><strong>in</strong></span> 
     </span>
     <span class='ocr_line' id='line_1_8' title="bbox 677 1034 3297 1110; baseline 0 -16"><span class='ocrx_word' id='word_1_77' title='bbox 677 1036 788 1095; x_wconf 90' lang='lat' dir='ltr'><strong>hoc</strong></span> <span class='ocrx_word' id='word_1_78' title='bbox 842 1035 915 1094; x_wconf 89' lang='lat' dir='ltr'><strong>de</strong></span> <span class='ocrx_word' id='word_1_79' title='bbox 961 1034 1257 1095; x_wconf 77' lang='lat' dir='ltr'>adverbiis</span> <span class='ocrx_word' id='word_1_80' title='bbox 1314 1035 1545 1110; x_wconf 71' lang='lat' dir='ltr'><strong>libello,</strong></span> <span class='ocrx_word' id='word_1_81' title='bbox 1599 1038 1798 1094; x_wconf 79' lang='lat' dir='ltr'><strong>utram</strong></span> <span class='ocrx_word' id='word_1_82' title='bbox 1852 1036 2212 1095; x_wconf 77' lang='lat' dir='ltr'><strong>sententiam</strong></span> <span class='ocrx_word' id='word_1_83' title='bbox 2264 1039 2554 1096; x_wconf 81' lang='lat' dir='ltr'><strong>veriorem</strong></span> <span class='ocrx_word' id='word_1_84' title='bbox 2606 1036 2854 1110; x_wconf 86' lang='lat' dir='ltr'><strong>iudicet,</strong></span> <span class='ocrx_word' id='word_1_85' title='bbox 2908 1055 3029 1095; x_wconf 88' lang='lat' dir='ltr'><strong>non</strong></span> <span class='ocrx_word' id='word_1_86' title='bbox 3082 1035 3297 1095; x_wconf 84' lang='lat' dir='ltr'><strong>diserte</strong></span> 
     </span>
     <span class='ocr_line' id='line_1_9' title="bbox 676 1119 3296 1205; baseline 0 -21"><span class='ocrx_word' id='word_1_87' title='bbox 676 1127 943 1202; x_wconf 76' lang='lat' dir='ltr'><strong>exponit:</strong></span> <span class='ocrx_word' id='word_1_88' title='bbox 989 1143 1181 1201; x_wconf 89' lang='lat' dir='ltr'><strong>neque</strong></span> <span class='ocrx_word' id='word_1_89' title='bbox 1217 1127 1281 1184; x_wconf 90' lang='lat' dir='ltr'><strong>in</strong></span> <span class='ocrx_word' id='word_1_90' title='bbox 1317 1126 1551 1199; x_wconf 80' lang='lat' dir='ltr'><strong>lacuna,</strong></span> <span class='ocrx_word' id='word_1_91' title='bbox 1588 1143 1741 1201; x_wconf 78' lang='lat' dir='ltr'><strong>quae</strong></span> <span class='ocrx_word' id='word_1_92' title='bbox 1777 1144 1835 1201; x_wconf 91' lang='lat' dir='ltr'><strong>p.</strong></span> <span class='ocrx_word' id='word_1_93' title='bbox 1868 1126 2017 1201; x_wconf 79' lang='lat'>553,</span> <span class='ocrx_word' id='word_1_94' title='bbox 2041 1128 2072 1184; x_wconf 91' lang='lat'>1</span> <span class='ocrx_word' id='word_1_95' title='bbox 2110 1119 2288 1204; x_wconf 84' lang='lat'>[142,</span> <span class='ocrx_word' id='word_1_96' title='bbox 2313 1120 2422 1205; x_wconf 83' lang='lat'><strong>12]</strong></span> <span class='ocrx_word' id='word_1_97' title='bbox 2453 1125 2773 1185; x_wconf 78' lang='lat' dir='ltr'><strong>manifesta</strong></span> <span class='ocrx_word' id='word_1_98' title='bbox 2798 1129 2906 1200; x_wconf 82' lang='lat' dir='ltr'><strong>est,</strong></span> <span class='ocrx_word' id='word_1_99' title='bbox 2942 1124 3090 1185; x_wconf 82' lang='lat' dir='ltr'><strong>haec</strong></span> <span class='ocrx_word' id='word_1_100' title='bbox 3125 1144 3296 1203; x_wconf 84' lang='lat' dir='ltr'><strong>expo-</strong></span> 
     </span>
     <span class='ocr_line' id='line_1_10' title="bbox 675 1208 3296 1294; baseline 0 -21"><span class='ocrx_word' id='word_1_101' title='bbox 675 1215 815 1273; x_wconf 86' lang='lat' dir='ltr'><strong>sitio</strong></span> <span class='ocrx_word' id='word_1_102' title='bbox 843 1213 1089 1291; x_wconf 83' lang='lat' dir='ltr'><strong>periisse</strong></span> <span class='ocrx_word' id='word_1_103' title='bbox 1116 1213 1309 1274; x_wconf 84' lang='lat' dir='ltr'><strong>videri</strong></span> <span class='ocrx_word' id='word_1_104' title='bbox 1342 1217 1559 1291; x_wconf 87' lang='lat' dir='ltr'><strong>potest.</strong></span> <span class='ocrx_word' id='word_1_105' title='bbox 1624 1213 1782 1274; x_wconf 75' lang='lat' dir='ltr'><strong>Nam</strong></span> <span class='ocrx_word' id='word_1_106' title='bbox 1816 1217 2000 1273; x_wconf 76' lang='lat' dir='ltr'><strong>etiam</strong></span> <span class='ocrx_word' id='word_1_107' title='bbox 2034 1215 2241 1291; x_wconf 78' lang='lat' dir='ltr'><strong>paullo</strong></span> <span class='ocrx_word' id='word_1_108' title='bbox 2276 1218 2432 1291; x_wconf 87' lang='lat' dir='ltr'><strong>post,</strong></span> <span class='ocrx_word' id='word_1_109' title='bbox 2465 1236 2523 1292; x_wconf 89' lang='lat' dir='ltr'><strong>p.</strong></span> <span class='ocrx_word' id='word_1_110' title='bbox 2556 1215 2704 1290; x_wconf 86' lang='lat'>554,</span> <span class='ocrx_word' id='word_1_111' title='bbox 2726 1216 2807 1274; x_wconf 87' lang='grc'><strong>16</strong></span> <span class='ocrx_word' id='word_1_112' title='bbox 2840 1208 3019 1293; x_wconf 87' lang='grc'>[143,</span> <span class='ocrx_word' id='word_1_113' title='bbox 3042 1208 3152 1294; x_wconf 87' lang='grc'>26]</span> <span class='ocrx_word' id='word_1_114' title='bbox 3191 1214 3296 1273; x_wconf 84' lang='lat' dir='ltr'><strong>du-</strong></span> 
     </span>
     <span class='ocr_line' id='line_1_11' title="bbox 672 1298 3295 1380; baseline -0.001 -17"><span class='ocrx_word' id='word_1_115' title='bbox 672 1304 936 1363; x_wconf 73' lang='lat' dir='ltr'><strong>bitanter</strong></span> <span class='ocrx_word' id='word_1_116' title='bbox 969 1298 1280 1380; x_wconf 66' lang='lat' dir='ltr'><strong>loquitur?</strong></span> <span class='ocrx_word' id='word_1_117' title='bbox 1345 1305 1435 1363; x_wconf 73' lang='lat' dir='ltr'><strong>De</strong></span> <span class='ocrx_word' id='word_1_118' title='bbox 1465 1298 1715 1379; x_wconf 75' lang='grc' dir='ltr'>ὄφελον</span> <span class='ocrx_word' id='word_1_119' title='bbox 1743 1305 1873 1362; x_wconf 75' lang='lat' dir='ltr'><strong>sim.</strong></span> <span class='ocrx_word' id='word_1_120' title='bbox 1905 1304 1977 1363; x_wconf 74' lang='lat' dir='ltr'><strong>of.</strong></span> <span class='ocrx_word' id='word_1_121' title='bbox 2009 1303 2133 1363; x_wconf 76' lang='lat' dir='ltr'><strong>ska</strong></span> <span class='ocrx_word' id='word_1_122' title='bbox 2158 1303 2222 1363; x_wconf 93' lang='lat'><strong>11</strong></span> <span class='ocrx_word' id='word_1_123' title='bbox 2253 1305 2364 1380; x_wconf 76' lang='lat'><strong>213</strong></span> <span class='ocrx_word' id='word_1_124' title='bbox 2400 1304 2559 1364; x_wconf 82' lang='lat' dir='ltr'><strong>idem</strong></span> <span class='ocrx_word' id='word_1_125' title='bbox 2586 1304 2781 1364; x_wconf 73' lang='lat' dir='ltr'><strong>haesit</strong></span> <span class='ocrx_word' id='word_1_126' title='bbox 2810 1305 2873 1363; x_wconf 71' lang='lat' dir='ltr'><strong>in</strong></span> <span class='ocrx_word' id='word_1_127' title='bbox 2909 1304 2950 1361; x_wconf 89' lang='lat'><strong>1.</strong></span> <span class='ocrx_word' id='word_1_128' title='bbox 2985 1306 3064 1363; x_wconf 86' lang='lat'><strong>12</strong></span> <span class='ocrx_word' id='word_1_129' title='bbox 3104 1305 3166 1363; x_wconf 92' lang='lat'><strong>11</strong></span> <span class='ocrx_word' id='word_1_130' title='bbox 3196 1305 3295 1362; x_wconf 85' lang='lat'><strong>25.</strong></span> 
     </span>
    </p>

    <p class='ocr_par' dir='ltr' id='par_1_3' title="bbox 674 1388 3298 1561">
     <span class='ocr_line' id='line_1_12' title="bbox 867 1388 3298 1473; baseline -0.001 -20"><span class='ocrx_word' id='word_1_131' title='bbox 867 1394 1012 1470; x_wconf 84' lang='lat'><strong>142,</strong></span> <span class='ocrx_word' id='word_1_132' title='bbox 1036 1395 1118 1452; x_wconf 87' lang='lat'><strong>14</strong></span> <span class='ocrx_word' id='word_1_133' title='bbox 1178 1393 1299 1453; x_wconf 75' lang='lat' dir='ltr'><strong>ska</strong></span> <span class='ocrx_word' id='word_1_134' title='bbox 1335 1393 1423 1452; x_wconf 85' lang='lat' dir='ltr'><strong>VI</strong></span> <span class='ocrx_word' id='word_1_135' title='bbox 1470 1395 1509 1453; x_wconf 90' lang='lat'><strong>2</strong></span> <span class='ocrx_word' id='word_1_136' title='bbox 1566 1391 1806 1453; x_wconf 78' lang='lat' dir='ltr'><strong>dubitat</strong></span> <span class='ocrx_word' id='word_1_137' title='bbox 1857 1395 2063 1453; x_wconf 74' lang='lat' dir='ltr'><strong>utmm</strong></span> <span class='ocrx_word' id='word_1_138' title='bbox 2115 1388 2385 1473; x_wconf 88' lang='grc' dir='ltr'>&lt;ελλες&gt;</span> <span class='ocrx_word' id='word_1_139' title='bbox 2442 1394 2838 1471; x_wconf 87' lang='lat' dir='ltr'><strong>supplendum</strong></span> <span class='ocrx_word' id='word_1_140' title='bbox 2895 1394 2979 1452; x_wconf 87' lang='lat' dir='ltr'><strong>sit</strong></span> <span class='ocrx_word' id='word_1_141' title='bbox 3032 1414 3063 1453; x_wconf 91' lang='lat' dir='ltr'><strong>e</strong></span> <span class='ocrx_word' id='word_1_142' title='bbox 3109 1388 3166 1453; x_wconf 88' lang='grc' dir='ltr'>Ξ</span> <span class='ocrx_word' id='word_1_143' title='bbox 3214 1393 3298 1451; x_wconf 87' lang='grc'>84</span> 
     </span>
     <span class='ocr_line' id='line_1_13' title="bbox 674 1477 1458 1561; baseline -0.003 -19"><span class='ocrx_word' id='word_1_144' title='bbox 674 1501 755 1542; x_wconf 82' lang='lat' dir='ltr'><strong>an</strong></span> <span class='ocrx_word' id='word_1_145' title='bbox 800 1477 1055 1561; x_wconf 78' lang='grc' dir='ltr'>&lt;ελετ’&gt;</span> <span class='ocrx_word' id='word_1_146' title='bbox 1102 1501 1170 1541; x_wconf 86' lang='lat' dir='ltr'><strong>ex</strong></span> <span class='ocrx_word' id='word_1_147' title='bbox 1219 1478 1272 1543; x_wconf 89' lang='grc' dir='ltr'>Ω</span> <span class='ocrx_word' id='word_1_148' title='bbox 1313 1484 1458 1543; x_wconf 90' lang='grc'>254.·</span> 
     </span>
    </p>

    <p class='ocr_par' dir='ltr' id='par_1_4' title="bbox 670 1570 3301 2543">
     <span class='ocr_line' id='line_1_14' title="bbox 859 1570 3298 1650; baseline 0 -20"><span class='ocrx_word' id='word_1_149' title='bbox 859 1573 1007 1648; x_wconf 91' lang='grc'>142,</span> <span class='ocrx_word' id='word_1_150' title='bbox 1031 1573 1110 1631; x_wconf 85' lang='grc'><strong>16</strong></span> <span class='ocrx_word' id='word_1_151' title='bbox 1160 1572 1418 1632; x_wconf 80' lang='lat' dir='ltr'><strong>Dronkfi</strong></span> <span class='ocrx_word' id='word_1_152' title='bbox 1472 1570 1946 1631; x_wconf 79' lang='lat' dir='ltr'><strong>emendationem</strong></span> <span class='ocrx_word' id='word_1_153' title='bbox 1997 1571 2218 1648; x_wconf 77' lang='lat' dir='ltr'><strong>probat</strong></span> <span class='ocrx_word' id='word_1_154' title='bbox 2262 1571 2544 1650; x_wconf 81' lang='lat' dir='ltr'><strong>Egenolff</strong></span> <span class='ocrx_word' id='word_1_155' title='bbox 2581 1573 2612 1631; x_wconf 97' lang='lat' dir='ltr'>I</span> <span class='ocrx_word' id='word_1_156' title='bbox 2659 1574 2816 1648; x_wconf 78' lang='lat'><strong>8393</strong></span> <span class='ocrx_word' id='word_1_157' title='bbox 2868 1572 3019 1631; x_wconf 80' lang='lat' dir='ltr'><strong>mihi</strong></span> <span class='ocrx_word' id='word_1_158' title='bbox 3064 1571 3298 1648; x_wconf 88' lang='lat' dir='ltr'><strong>quidem</strong></span> 
     </span>
     <span class='ocr_line' id='line_1_15' title="bbox 672 1660 3298 1739; baseline 0 -19"><span class='ocrx_word' id='word_1_159' title='bbox 672 1662 892 1721; x_wconf 88' lang='lat' dir='ltr'><strong>codicis</strong></span> <span class='ocrx_word' id='word_1_160' title='bbox 949 1662 1272 1739; x_wconf 83' lang='lat' dir='ltr'><strong>scriptura,</strong></span> <span class='ocrx_word' id='word_1_161' title='bbox 1325 1662 1668 1721; x_wconf 87' lang='lat' dir='ltr'><strong>testimonio</strong></span> <span class='ocrx_word' id='word_1_162' title='bbox 1713 1661 1823 1738; x_wconf 83' lang='lat' dir='ltr'><strong>Ep.</strong></span> <span class='ocrx_word' id='word_1_163' title='bbox 1871 1660 2046 1721; x_wconf 93' lang='lat' dir='ltr'><strong>Hom.</strong></span> <span class='ocrx_word' id='word_1_164' title='bbox 2097 1663 2157 1738; x_wconf 83' lang='lat'><strong>3,</strong></span> <span class='ocrx_word' id='word_1_165' title='bbox 2179 1662 2216 1720; x_wconf 87' lang='lat'>5</span> <span class='ocrx_word' id='word_1_166' title='bbox 2273 1661 2536 1739; x_wconf 77' lang='lat' dir='ltr'><strong>firmata,</strong></span> <span class='ocrx_word' id='word_1_167' title='bbox 2592 1662 2997 1739; x_wconf 73' lang='lat' dir='ltr'><strong>praestantior</strong></span> <span class='ocrx_word' id='word_1_168' title='bbox 3040 1661 3298 1722; x_wconf 82' lang='lat' dir='ltr'><strong>videtur:</strong></span> 
     </span>
     <span class='ocr_line' id='line_1_16' title="bbox 670 1747 3296 1828; baseline 0 -18"><span class='ocrx_word' id='word_1_169' title='bbox 670 1769 813 1810; x_wconf 78' lang='lat' dir='ltr'><strong>nem</strong></span> <span class='ocrx_word' id='word_1_170' title='bbox 858 1750 1044 1810; x_wconf 83' lang='grc' dir='ltr'>δεῦτε</span> <span class='ocrx_word' id='word_1_171' title='bbox 1087 1750 1411 1827; x_wconf 90' lang='lat' dir='ltr'><strong>Apollonio</strong></span> <span class='ocrx_word' id='word_1_172' title='bbox 1456 1770 1575 1811; x_wconf 88' lang='lat' dir='ltr'><strong>non</strong></span> <span class='ocrx_word' id='word_1_173' title='bbox 1622 1752 1715 1811; x_wconf 86' lang='lat' dir='ltr'><strong>est</strong></span> <span class='ocrx_word' id='word_1_174' title='bbox 1757 1747 2207 1825; x_wconf 87' lang='grc' dir='ltr'>πληθυντικόν,</span> <span class='ocrx_word' id='word_1_175' title='bbox 2254 1751 2359 1811; x_wconf 84' lang='lat' dir='ltr'><strong>sed</strong></span> <span class='ocrx_word' id='word_1_176' title='bbox 2405 1748 2495 1812; x_wconf 81' lang='grc' dir='ltr'><strong>ὡς</strong></span> <span class='ocrx_word' id='word_1_177' title='bbox 2539 1748 2972 1826; x_wconf 87' lang='grc' dir='ltr'>πληθυντικόν</span> <span class='ocrx_word' id='word_1_178' title='bbox 3015 1752 3055 1811; x_wconf 89' lang='lat' dir='ltr'><strong>i.</strong></span> <span class='ocrx_word' id='word_1_179' title='bbox 3085 1770 3133 1810; x_wconf 85' lang='lat' dir='ltr'><strong>e.</strong></span> <span class='ocrx_word' id='word_1_180' title='bbox 3171 1768 3296 1828; x_wconf 87' lang='lat' dir='ltr'><strong>spe-</strong></span> 
     </span>
     <span class='ocr_line' id='line_1_17' title="bbox 671 1840 3300 1918; baseline 0 -18"><span class='ocrx_word' id='word_1_181' title='bbox 671 1843 824 1901; x_wconf 87' lang='lat' dir='ltr'><strong>ciem</strong></span> <span class='ocrx_word' id='word_1_182' title='bbox 876 1840 1288 1901; x_wconf 75' lang='lat' dir='ltr'><strong>tantummodo</strong></span> <span class='ocrx_word' id='word_1_183' title='bbox 1342 1860 1487 1918; x_wconf 80' lang='lat' dir='ltr'><strong>prae</strong></span> <span class='ocrx_word' id='word_1_184' title='bbox 1542 1859 1605 1900; x_wconf 91' lang='lat' dir='ltr'><strong>se</strong></span> <span class='ocrx_word' id='word_1_185' title='bbox 1658 1841 1777 1900; x_wconf 86' lang='lat' dir='ltr'><strong>fert</strong></span> <span class='ocrx_word' id='word_1_186' title='bbox 1829 1841 2058 1900; x_wconf 73' lang='lat' dir='ltr'><strong>formae</strong></span> <span class='ocrx_word' id='word_1_187' title='bbox 2114 1840 2372 1901; x_wconf 75' lang='lat' dir='ltr'><strong>verbalis</strong></span> <span class='ocrx_word' id='word_1_188' title='bbox 2424 1841 2678 1918; x_wconf 78' lang='lat' dir='ltr'><strong>pluralis</strong></span> <span class='ocrx_word' id='word_1_189' title='bbox 2732 1842 2992 1916; x_wconf 85' lang='lat' dir='ltr'><strong>numeri,</strong></span> <span class='ocrx_word' id='word_1_190' title='bbox 3049 1860 3115 1900; x_wconf 88' lang='lat' dir='ltr'><strong>re</strong></span> <span class='ocrx_word' id='word_1_191' title='bbox 3158 1859 3300 1900; x_wconf 78' lang='lat' dir='ltr'><strong>vers</strong></span> 
     </span>
     <span class='ocr_line' id='line_1_18' title="bbox 671 1925 3298 2005; baseline -0.001 -14"><span class='ocrx_word' id='word_1_192' title='bbox 671 1932 763 1991; x_wconf 85' lang='lat' dir='ltr'><strong>est</strong></span> <span class='ocrx_word' id='word_1_193' title='bbox 808 1929 1157 1990; x_wconf 82' lang='lat' dir='ltr'><strong>adverbium</strong></span> <span class='ocrx_word' id='word_1_194' title='bbox 1210 1934 1281 1989; x_wconf 84' lang='lat' dir='ltr'><strong>ut</strong></span> <span class='ocrx_word' id='word_1_195' title='bbox 1324 1929 1538 2005; x_wconf 83' lang='grc' dir='ltr'>δεῦρο,</span> <span class='ocrx_word' id='word_1_196' title='bbox 1595 1929 1666 1988; x_wconf 91' lang='lat' dir='ltr'><strong>cf.</strong></span> <span class='ocrx_word' id='word_1_197' title='bbox 1717 1929 1849 1989; x_wconf 78' lang='lat' dir='ltr'><strong>adv.</strong></span> <span class='ocrx_word' id='word_1_198' title='bbox 1904 1931 2049 2005; x_wconf 86' lang='lat'>143,</span> <span class='ocrx_word' id='word_1_199' title='bbox 2073 1933 2155 1991; x_wconf 89' lang='lat'><strong>25</strong></span> <span class='ocrx_word' id='word_1_200' title='bbox 2203 1925 2242 1991; x_wconf 86' lang='grc' dir='ltr'>ὁ</span> <span class='ocrx_word' id='word_1_201' title='bbox 2287 1926 2492 1991; x_wconf 84' lang='grc' dir='ltr'>τύπος</span> <span class='ocrx_word' id='word_1_202' title='bbox 2538 1927 2627 1992; x_wconf 83' lang='grc' dir='ltr'><strong>ὡς</strong></span> <span class='ocrx_word' id='word_1_203' title='bbox 2674 1927 3034 2005; x_wconf 75' lang='grc' dir='ltr'>μετοχικόςε</span> <span class='ocrx_word' id='word_1_204' title='bbox 3094 1930 3298 1989; x_wconf 87' lang='lat' dir='ltr'><strong>eodem</strong></span> 
     </span>
     <span class='ocr_line' id='line_1_19' title="bbox 673 2014 3301 2097; baseline 0 -19"><span class='ocrx_word' id='word_1_205' title='bbox 673 2019 851 2080; x_wconf 84' lang='lat' dir='ltr'><strong>modo</strong></span> <span class='ocrx_word' id='word_1_206' title='bbox 898 2019 1093 2094; x_wconf 84' lang='grc' dir='ltr'>δεῦρο</span> <span class='ocrx_word' id='word_1_207' title='bbox 1141 2019 1290 2080; x_wconf 86' lang='lat' dir='ltr'><strong>dicit</strong></span> <span class='ocrx_word' id='word_1_208' title='bbox 1334 2015 1585 2094; x_wconf 84' lang='grc' dir='ltr'>ἔχεςθαι</span> <span class='ocrx_word' id='word_1_209' title='bbox 1642 2014 1731 2079; x_wconf 85' lang='grc' dir='ltr'><strong>ὡς</strong></span> <span class='ocrx_word' id='word_1_210' title='bbox 1776 2018 2235 2094; x_wconf 84' lang='grc' dir='ltr'>προςτακτικῆς</span> <span class='ocrx_word' id='word_1_211' title='bbox 2287 2015 2558 2081; x_wconf 81' lang='grc' dir='ltr'>ἐννοίας.</span> <span class='ocrx_word' id='word_1_212' title='bbox 2653 2019 2799 2080; x_wconf 85' lang='lat' dir='ltr'><strong>Cum</strong></span> <span class='ocrx_word' id='word_1_213' title='bbox 2844 2020 2959 2097; x_wconf 89' lang='lat' dir='ltr'><strong>Ap.</strong></span> <span class='ocrx_word' id='word_1_214' title='bbox 3006 2021 3301 2079; x_wconf 78' lang='lat' dir='ltr'><strong>consentit</strong></span> 
     </span>
     <span class='ocr_line' id='line_1_20' title="bbox 672 2105 3298 2184; baseline -0 -16"><span class='ocrx_word' id='word_1_215' title='bbox 672 2109 812 2169; x_wconf 92' lang='lat' dir='ltr'><strong>Her.</strong></span> <span class='ocrx_word' id='word_1_216' title='bbox 859 2108 922 2167; x_wconf 93' lang='grc' dir='ltr'>Π</span> <span class='ocrx_word' id='word_1_217' title='bbox 971 2110 1121 2184; x_wconf 88' lang='grc'>933,</span> <span class='ocrx_word' id='word_1_218' title='bbox 1147 2111 1225 2168; x_wconf 95' lang='grc'><strong>11</strong></span> <span class='ocrx_word' id='word_1_219' title='bbox 1284 2105 1664 2184; x_wconf 86' lang='grc' dir='ltr'>τετόλμηται</span> <span class='ocrx_word' id='word_1_220' title='bbox 1719 2105 1792 2169; x_wconf 76' lang='grc' dir='ltr'><strong>δὲ</strong></span> <span class='ocrx_word' id='word_1_221' title='bbox 1849 2105 2053 2169; x_wconf 84' lang='grc' dir='ltr'>αὐτοῦ</span> <span class='ocrx_word' id='word_1_222' title='bbox 2098 2105 2203 2169; x_wconf 89' lang='grc' dir='ltr'><strong>καὶ</strong></span> <span class='ocrx_word' id='word_1_223' title='bbox 2257 2108 2700 2184; x_wconf 83' lang='grc' dir='ltr'>θεματιςθῆναι</span> <span class='ocrx_word' id='word_1_224' title='bbox 2747 2105 3178 2183; x_wconf 82' lang='grc' dir='ltr'>πληθυντικὸν</span> <span class='ocrx_word' id='word_1_225' title='bbox 3221 2105 3298 2168; x_wconf 86' lang='grc' dir='ltr'><strong>τὸ</strong></span> 
     </span>
     <span class='ocr_line' id='line_1_21' title="bbox 672 2192 3296 2278; baseline -0.001 -20"><span class='ocrx_word' id='word_1_226' title='bbox 672 2197 888 2258; x_wconf 82' lang='grc' dir='ltr'>δεῦτε·</span> <span class='ocrx_word' id='word_1_227' title='bbox 965 2192 1064 2258; x_wconf 86' lang='grc' dir='ltr'><strong>ὅτι</strong></span> <span class='ocrx_word' id='word_1_228' title='bbox 1111 2194 1184 2259; x_wconf 85' lang='grc' dir='ltr'><strong>δέ</strong></span> <span class='ocrx_word' id='word_1_229' title='bbox 1231 2193 1398 2260; x_wconf 80' lang='grc' dir='ltr'>ἐςτιν</span> <span class='ocrx_word' id='word_1_230' title='bbox 1444 2194 1760 2273; x_wconf 85' lang='grc' dir='ltr'>ἐπίρρημα</span> <span class='ocrx_word' id='word_1_231' title='bbox 1796 2192 1869 2258; x_wconf 82' lang='grc' dir='ltr'><strong>ἐν</strong></span> <span class='ocrx_word' id='word_1_232' title='bbox 1916 2198 2009 2278; x_wconf 83' lang='grc' dir='ltr'><strong>τῷ</strong></span> <span class='ocrx_word' id='word_1_233' title='bbox 2056 2194 2202 2273; x_wconf 81' lang='grc' dir='ltr'>περὶ</span> <span class='ocrx_word' id='word_1_234' title='bbox 2248 2193 2699 2274; x_wconf 80' lang='grc' dir='ltr'>ἐπιρρημάτων</span> <span class='ocrx_word' id='word_1_235' title='bbox 2746 2195 3017 2271; x_wconf 87' lang='grc' dir='ltr'>λέγεται.</span> <span class='ocrx_word' id='word_1_236' title='bbox 3082 2199 3153 2257; x_wconf 89' lang='lat' dir='ltr'><strong>cf.</strong></span> <span class='ocrx_word' id='word_1_237' title='bbox 3189 2195 3296 2257; x_wconf 89' lang='lat' dir='ltr'><strong>AO</strong></span> 
     </span>
     <span class='ocr_line' id='line_1_22' title="bbox 672 2281 3296 2363; baseline -0.001 -17"><span class='ocrx_word' id='word_1_238' title='bbox 672 2288 704 2347; x_wconf 96' lang='lat' dir='ltr'>I</span> <span class='ocrx_word' id='word_1_239' title='bbox 755 2288 1005 2362; x_wconf 87' lang='lat'>118,25</span> <span class='ocrx_word' id='word_1_240' title='bbox 1057 2281 1227 2347; x_wconf 88' lang='grc' dir='ltr'>ἀλλὰ</span> <span class='ocrx_word' id='word_1_241' title='bbox 1286 2288 1427 2349; x_wconf 87' lang='grc' dir='ltr'><strong>πῶς</strong></span> <span class='ocrx_word' id='word_1_242' title='bbox 1485 2283 1747 2358; x_wconf 84' lang='grc' dir='ltr'>ἐγένετο</span> <span class='ocrx_word' id='word_1_243' title='bbox 1806 2283 1884 2347; x_wconf 88' lang='grc' dir='ltr'><strong>τὸ</strong></span> <span class='ocrx_word' id='word_1_244' title='bbox 1932 2286 2143 2358; x_wconf 84' lang='grc' dir='ltr'>δεῦτε;</span> <span class='ocrx_word' id='word_1_245' title='bbox 2203 2285 2661 2363; x_wconf 86' lang='grc' dir='ltr'>τεθεμὰτιςται,</span> <span class='ocrx_word' id='word_1_246' title='bbox 2722 2283 2801 2348; x_wconf 86' lang='grc' dir='ltr'><strong>οὐ</strong></span> <span class='ocrx_word' id='word_1_247' title='bbox 2847 2284 3139 2348; x_wconf 85' lang='grc' dir='ltr'>κέκλιται.</span> <span class='ocrx_word' id='word_1_248' title='bbox 3218 2286 3296 2345; x_wconf 90' lang='lat' dir='ltr'><strong>ib.</strong></span> 
     </span>
     <span class='ocr_line' id='line_1_23' title="bbox 670 2375 3297 2455; baseline -0.001 -19"><span class='ocrx_word' id='word_1_249' title='bbox 670 2377 703 2436; x_wconf 96' lang='lat' dir='ltr'>I</span> <span class='ocrx_word' id='word_1_250' title='bbox 744 2377 1017 2453; x_wconf 85' lang='lat'>507‚10.</span> <span class='ocrx_word' id='word_1_251' title='bbox 1089 2375 1218 2436; x_wconf 80' lang='lat' dir='ltr'><strong>Alii</strong></span> <span class='ocrx_word' id='word_1_252' title='bbox 1264 2396 1375 2454; x_wconf 94' lang='lat' dir='ltr'><strong>pro</strong></span> <span class='ocrx_word' id='word_1_253' title='bbox 1423 2377 1603 2437; x_wconf 84' lang='lat' dir='ltr'><strong>verbo</strong></span> <span class='ocrx_word' id='word_1_254' title='bbox 1649 2375 1954 2436; x_wconf 77' lang='lat' dir='ltr'><strong>habebant</strong></span> <span class='ocrx_word' id='word_1_255' title='bbox 1996 2376 2244 2454; x_wconf 79' lang='lat' dir='ltr'><strong>Dionys.</strong></span> <span class='ocrx_word' id='word_1_256' title='bbox 2277 2396 2465 2455; x_wconf 87' lang='lat' dir='ltr'><strong>comp.</strong></span> <span class='ocrx_word' id='word_1_257' title='bbox 2494 2377 2654 2438; x_wconf 79' lang='lat' dir='ltr'><strong>verb.</strong></span> <span class='ocrx_word' id='word_1_258' title='bbox 2684 2379 2841 2452; x_wconf 80' lang='lat'>3103</span> <span class='ocrx_word' id='word_1_259' title='bbox 2885 2375 2992 2437; x_wconf 81' lang='lat' dir='ltr'><strong>EG</strong></span> <span class='ocrx_word' id='word_1_260' title='bbox 3032 2378 3177 2452; x_wconf 83' lang='lat'>139,</span> <span class='ocrx_word' id='word_1_261' title='bbox 3197 2377 3297 2435; x_wconf 87' lang='lat'><strong>32.</strong></span> 
     </span>
     <span class='ocr_line' id='line_1_24' title="bbox 675 2464 1938 2543; baseline -0.001 -18"><span class='ocrx_word' id='word_1_262' title='bbox 675 2467 914 2541; x_wconf 86' lang='lat'>140,1;</span> <span class='ocrx_word' id='word_1_263' title='bbox 959 2465 1074 2524; x_wconf 80' lang='grc' dir='ltr'><strong>ΕΜ</strong></span> <span class='ocrx_word' id='word_1_264' title='bbox 1114 2467 1529 2543; x_wconf 82' lang='lat'>259,2-10;</span> <span class='ocrx_word' id='word_1_265' title='bbox 1573 2464 1683 2526; x_wconf 84' lang='lat' dir='ltr'><strong>Ao</strong></span> <span class='ocrx_word' id='word_1_266' title='bbox 1718 2465 1752 2525; x_wconf 92' lang='lat'>1</span> <span class='ocrx_word' id='word_1_267' title='bbox 1790 2467 1938 2525; x_wconf 85' lang='lat'><strong>109.</strong></span> 
     </span>
    </p>

    <p class='ocr_par' dir='ltr' id='par_1_5' title="bbox 662 2547 3298 3436">
     <span class='ocr_line' id='line_1_25' title="bbox 847 2547 3297 2637; baseline -0.002 -17"><span class='ocrx_word' id='word_1_268' title='bbox 847 2547 918 2637; x_wconf 82' lang='lat' dir='ltr'><strong>h)</strong></span> <span class='ocrx_word' id='word_1_269' title='bbox 964 2550 1238 2616; x_wconf 85' lang='grc' dir='ltr'>Ἀκέων</span> <span class='ocrx_word' id='word_1_270' title='bbox 1283 2552 1529 2631; x_wconf 76' lang='lat' dir='ltr'><strong>quidam</strong></span> <span class='ocrx_word' id='word_1_271' title='bbox 1571 2557 1962 2630; x_wconf 63' lang='lat' dir='ltr'><strong>participium</strong></span> <span class='ocrx_word' id='word_1_272' title='bbox 2007 2572 2129 2616; x_wconf 76' lang='lat' dir='ltr'><strong>esse</strong></span> <span class='ocrx_word' id='word_1_273' title='bbox 2163 2561 2410 2631; x_wconf 67' lang='lat' dir='ltr'><strong>putam,</strong></span> <span class='ocrx_word' id='word_1_274' title='bbox 2467 2559 2682 2631; x_wconf 75' lang='lat' dir='ltr'><strong>quippe</strong></span> <span class='ocrx_word' id='word_1_275' title='bbox 2735 2557 2905 2616; x_wconf 73' lang='lat' dir='ltr'><strong>cuias</strong></span> <span class='ocrx_word' id='word_1_276' title='bbox 2949 2557 3297 2629; x_wconf 75' lang='lat' dir='ltr'><strong>femininam</strong></span> 
     </span>
     <span class='ocr_line' id='line_1_26' title="bbox 669 2640 3297 2720; baseline -0.001 -14"><span class='ocrx_word' id='word_1_277' title='bbox 669 2647 748 2706; x_wconf 80' lang='lat' dir='ltr'><strong>sit</strong></span> <span class='ocrx_word' id='word_1_278' title='bbox 790 2640 1145 2716; x_wconf 86' lang='grc' dir='ltr'>ἀκέουςα,</span> <span class='ocrx_word' id='word_1_279' title='bbox 1193 2663 1325 2705; x_wconf 80' lang='lat' dir='ltr'><strong>ewm</strong></span> <span class='ocrx_word' id='word_1_280' title='bbox 1357 2648 1602 2706; x_wconf 75' lang='lat' dir='ltr'><strong>nomina</strong></span> <span class='ocrx_word' id='word_1_281' title='bbox 1635 2648 1703 2705; x_wconf 75' lang='lat' dir='ltr'><strong>in</strong></span> <span class='ocrx_word' id='word_1_282' title='bbox 1737 2643 1833 2706; x_wconf 55' lang='grc' dir='ltr'><strong>ὧν</strong></span> <span class='ocrx_word' id='word_1_283' title='bbox 1871 2650 1979 2705; x_wconf 78' lang='lat' dir='ltr'><strong>aut</strong></span> <span class='ocrx_word' id='word_1_284' title='bbox 2011 2662 2138 2704; x_wconf 76' lang='lat' dir='ltr'><strong>uma</strong></span> <span class='ocrx_word' id='word_1_285' title='bbox 2173 2646 2373 2719; x_wconf 79' lang='lat' dir='ltr'><strong>forma</strong></span> <span class='ocrx_word' id='word_1_286' title='bbox 2407 2648 2804 2706; x_wconf 73' lang='lat' dir='ltr'><strong>masculinum</strong></span> <span class='ocrx_word' id='word_1_287' title='bbox 2838 2647 3297 2720; x_wconf 61' lang='lat' dir='ltr'><strong>semimaremque</strong></span> 
     </span>
     <span class='ocr_line' id='line_1_27' title="bbox 672 2733 3298 2811; baseline -0 -15"><span class='ocrx_word' id='word_1_288' title='bbox 672 2736 995 2810; x_wconf 62' lang='lat' dir='ltr'><strong>desimam,</strong></span> <span class='ocrx_word' id='word_1_289' title='bbox 1051 2739 1158 2795; x_wconf 78' lang='lat' dir='ltr'><strong>aut</strong></span> <span class='ocrx_word' id='word_1_290' title='bbox 1207 2736 1555 2810; x_wconf 49' lang='lat' dir='ltr'><strong>seminatam</strong></span> <span class='ocrx_word' id='word_1_291' title='bbox 1607 2735 1864 2810; x_wconf 78' lang='lat' dir='ltr'><strong>formam</strong></span> <span class='ocrx_word' id='word_1_292' title='bbox 1918 2737 1986 2795; x_wconf 80' lang='lat' dir='ltr'><strong>in</strong></span> <span class='ocrx_word' id='word_1_293' title='bbox 2030 2733 2124 2796; x_wconf 64' lang='lat' dir='ltr'><strong>VH</strong></span> <span class='ocrx_word' id='word_1_294' title='bbox 2178 2741 2474 2797; x_wconf 75' lang='lat' dir='ltr'><strong>exewntem</strong></span> <span class='ocrx_word' id='word_1_295' title='bbox 2525 2736 2794 2797; x_wconf 76' lang='lat' dir='ltr'><strong>habeant.</strong></span> <span class='ocrx_word' id='word_1_296' title='bbox 2886 2735 3109 2811; x_wconf 73' lang='lat' dir='ltr'><strong>Quibus</strong></span> <span class='ocrx_word' id='word_1_297' title='bbox 3159 2736 3298 2795; x_wconf 81' lang='lat' dir='ltr'><strong>haee</strong></span> 
     </span>
     <span class='ocr_line' id='line_1_28' title="bbox 662 2820 3295 2901; baseline 0 -17"><span class='ocrx_word' id='word_1_298' title='bbox 662 2829 917 2901; x_wconf 68' lang='lat' dir='ltr'><strong>possum</strong></span> <span class='ocrx_word' id='word_1_299' title='bbox 967 2828 1196 2900; x_wconf 74' lang='lat' dir='ltr'><strong>oppowi.</strong></span> <span class='ocrx_word' id='word_1_300' title='bbox 1289 2827 1355 2901; x_wconf 86' lang='grc' dir='ltr'><strong>α)</strong></span> <span class='ocrx_word' id='word_1_301' title='bbox 1415 2824 1668 2885; x_wconf 80' lang='lat' dir='ltr'><strong>Verbum</strong></span> <span class='ocrx_word' id='word_1_302' title='bbox 1721 2830 1898 2887; x_wconf 79' lang='lat' dir='ltr'><strong>‹mtea</strong></span> <span class='ocrx_word' id='word_1_303' title='bbox 1957 2830 2184 2886; x_wconf 76' lang='lat' dir='ltr'><strong>exstare</strong></span> <span class='ocrx_word' id='word_1_304' title='bbox 2243 2829 2539 2901; x_wconf 76' lang='lat' dir='ltr'><strong>oportebat</strong></span> <span class='ocrx_word' id='word_1_305' title='bbox 2595 2820 2818 2898; x_wconf 83' lang='grc' dir='ltr'>ἀκέω,</span> <span class='ocrx_word' id='word_1_306' title='bbox 2879 2827 3048 2885; x_wconf 77' lang='lat' dir='ltr'><strong>euius</strong></span> <span class='ocrx_word' id='word_1_307' title='bbox 3105 2829 3295 2901; x_wconf 65' lang='lat' dir='ltr'><strong>tamezz</strong></span> 
     </span>
     <span class='ocr_line' id='line_1_29' title="bbox 671 2912 3296 3009; baseline 0 -35"><span class='ocrx_word' id='word_1_308' title='bbox 671 2915 842 2974; x_wconf 73' lang='lat' dir='ltr'><strong>nulla</strong></span> <span class='ocrx_word' id='word_1_309' title='bbox 895 2917 979 2974; x_wconf 78' lang='lat' dir='ltr'><strong>est</strong></span> <span class='ocrx_word' id='word_1_310' title='bbox 1028 2917 1325 2974; x_wconf 65' lang='lat' dir='ltr'><strong>mernor-ia.</strong></span> <span class='ocrx_word' id='word_1_311' title='bbox 1417 2915 1479 2990; x_wconf 90' lang='lat' dir='ltr'><strong>b)</strong></span> <span class='ocrx_word' id='word_1_312' title='bbox 1526 2912 1619 2974; x_wconf 81' lang='lat' dir='ltr'><strong>Ac</strong></span> <span class='ocrx_word' id='word_1_313' title='bbox 1669 2933 1745 2974; x_wconf 78' lang='lat' dir='ltr'><strong>ne</strong></span> <span class='ocrx_word' id='word_1_314' title='bbox 1785 2920 2025 2989; x_wconf 75' lang='lat' dir='ltr'><strong>poterat</strong></span> <span class='ocrx_word' id='word_1_315' title='bbox 2067 2917 2297 3009; x_wconf 70' lang='lat' dir='ltr'><strong>quid—em</strong></span> <span class='ocrx_word' id='word_1_316' title='bbox 2352 2920 2603 2985; x_wconf 74' lang='lat' dir='ltr'><strong>eoestare,</strong></span> <span class='ocrx_word' id='word_1_317' title='bbox 2664 2933 2795 2975; x_wconf 78' lang='lat' dir='ltr'><strong>cum</strong></span> <span class='ocrx_word' id='word_1_318' title='bbox 2837 2918 3078 2990; x_wconf 77' lang='lat' dir='ltr'><strong>praeter</strong></span> <span class='ocrx_word' id='word_1_319' title='bbox 3122 2915 3296 2974; x_wconf 81' lang='lat' dir='ltr'><strong>verba</strong></span> 
     </span>
     <span class='ocr_line' id='line_1_30' title="bbox 672 3001 3296 3080; baseline 0 -17"><span class='ocrx_word' id='word_1_320' title='bbox 672 3006 861 3064; x_wconf 80' lang='lat' dir='ltr'><strong>iom&#39;eo</strong></span> <span class='ocrx_word' id='word_1_321' title='bbox 904 3020 1065 3062; x_wconf 85' lang='lat' dir='ltr'><strong>more</strong></span> <span class='ocrx_word' id='word_1_322' title='bbox 1106 3023 1174 3063; x_wconf 83' lang='lat' dir='ltr'><strong>m</strong></span> <span class='ocrx_word' id='word_1_323' title='bbox 1217 3001 1308 3064; x_wconf 72' lang='grc' dir='ltr'>ἒ-αι</span> <span class='ocrx_word' id='word_1_324' title='bbox 1354 3005 1637 3065; x_wconf 70' lang='grc' dir='ltr'><strong>ἀιείναοΐα</strong></span> <span class='ocrx_word' id='word_1_325' title='bbox 1679 3006 1849 3064; x_wconf 78' lang='lat' dir='ltr'><strong>nulla</strong></span> <span class='ocrx_word' id='word_1_326' title='bbox 1893 3006 2016 3065; x_wconf 69' lang='lat' dir='ltr'><strong>sim</strong></span> <span class='ocrx_word' id='word_1_327' title='bbox 2055 3023 2122 3065; x_wconf 82' lang='lat' dir='ltr'><strong>m</strong></span> <span class='ocrx_word' id='word_1_328' title='bbox 2169 3021 2258 3066; x_wconf 90' lang='grc' dir='ltr'>εω</span> <span class='ocrx_word' id='word_1_329' title='bbox 2302 3023 2453 3079; x_wconf 78' lang='lat' dir='ltr'><strong>quae</strong></span> <span class='ocrx_word' id='word_1_330' title='bbox 2490 3007 2632 3080; x_wconf 76' lang='lat' dir='ltr'><strong>plus</strong></span> <span class='ocrx_word' id='word_1_331' title='bbox 2667 3006 2821 3066; x_wconf 76' lang='lat' dir='ltr'><strong>duas</strong></span> <span class='ocrx_word' id='word_1_332' title='bbox 2864 3004 3126 3079; x_wconf 77' lang='lat' dir='ltr'><strong>syllabas</strong></span> <span class='ocrx_word' id='word_1_333' title='bbox 3169 3022 3296 3063; x_wconf 78' lang='lat' dir='ltr'><strong>eon-</strong></span> 
     </span>
     <span class='ocr_line' id='line_1_31' title="bbox 673 3090 3293 3168; baseline 0 -16"><span class='ocrx_word' id='word_1_334' title='bbox 673 3095 908 3152; x_wconf 68' lang='lat' dir='ltr'><strong>tineam.</strong></span> <span class='ocrx_word' id='word_1_335' title='bbox 990 3093 1047 3167; x_wconf 88' lang='lat' dir='ltr'><strong>e)</strong></span> <span class='ocrx_word' id='word_1_336' title='bbox 1098 3092 1248 3152; x_wconf 79' lang='lat' dir='ltr'><strong>Cum</strong></span> <span class='ocrx_word' id='word_1_337' title='bbox 1291 3094 1451 3153; x_wconf 84' lang='lat' dir='ltr'><strong>verbi</strong></span> <span class='ocrx_word' id='word_1_338' title='bbox 1484 3094 1719 3168; x_wconf 79' lang='lat' dir='ltr'><strong>plurali</strong></span> <span class='ocrx_word' id='word_1_339' title='bbox 1763 3099 2155 3155; x_wconf 70' lang='lat' dir='ltr'><strong>constructum</strong></span> <span class='ocrx_word' id='word_1_340' title='bbox 2199 3090 2445 3155; x_wconf 87' lang='grc' dir='ltr'>ἀκέων</span> <span class='ocrx_word' id='word_1_341' title='bbox 2489 3113 2609 3154; x_wconf 76' lang='lat' dir='ltr'><strong>non</strong></span> <span class='ocrx_word' id='word_1_342' title='bbox 2652 3098 2932 3154; x_wconf 78' lang='lat' dir='ltr'><strong>mutatur.</strong></span> <span class='ocrx_word' id='word_1_343' title='bbox 2968 3094 3293 3168; x_wconf 71' lang='lat' dir='ltr'><strong>—Itaque</strong></span> 
     </span>
     <span class='ocr_line' id='line_1_32' title="bbox 674 3177 3295 3259; baseline -0 -17"><span class='ocrx_word' id='word_1_344' title='bbox 674 3181 1015 3243; x_wconf 74' lang='lat' dir='ltr'><strong>adverbium</strong></span> <span class='ocrx_word' id='word_1_345' title='bbox 1051 3186 1150 3252; x_wconf 78' lang='lat' dir='ltr'><strong>est,</strong></span> <span class='ocrx_word' id='word_1_346' title='bbox 1196 3184 1300 3242; x_wconf 82' lang='lat' dir='ltr'><strong>sed</strong></span> <span class='ocrx_word' id='word_1_347' title='bbox 1332 3184 1528 3257; x_wconf 82' lang='lat' dir='ltr'><strong>forma</strong></span> <span class='ocrx_word' id='word_1_348' title='bbox 1565 3184 1690 3242; x_wconf 77' lang='lat' dir='ltr'><strong>eius</strong></span> <span class='ocrx_word' id='word_1_349' title='bbox 1723 3184 2046 3259; x_wconf 72' lang='lat' dir='ltr'><strong>participio</strong></span> <span class='ocrx_word' id='word_1_350' title='bbox 2081 3185 2399 3245; x_wconf 67' lang='lat' dir='ltr'><strong>con-simius</strong></span> <span class='ocrx_word' id='word_1_351' title='bbox 2435 3201 2619 3245; x_wconf 64' lang='lat' dir='ltr'><strong>caasa</strong></span> <span class='ocrx_word' id='word_1_352' title='bbox 2662 3184 2782 3257; x_wconf 80' lang='lat' dir='ltr'><strong>fuit</strong></span> <span class='ocrx_word' id='word_1_353' title='bbox 2816 3202 2923 3243; x_wconf 78' lang='lat' dir='ltr'><strong>cur</strong></span> <span class='ocrx_word' id='word_1_354' title='bbox 2967 3177 3295 3244; x_wconf 84' lang='grc' dir='ltr'>ἀκέουςα</span> 
     </span>
     <span class='ocr_line' id='line_1_33' title="bbox 672 3267 3293 3347; baseline 0 -16"><span class='ocrx_word' id='word_1_355' title='bbox 672 3272 867 3346; x_wconf 78' lang='lat' dir='ltr'><strong>forma</strong></span> <span class='ocrx_word' id='word_1_356' title='bbox 926 3272 1254 3331; x_wconf 68' lang='lat' dir='ltr'><strong>adderetur</strong></span> <span class='ocrx_word' id='word_1_357' title='bbox 1356 3273 1582 3331; x_wconf 76' lang='lat' dir='ltr'><strong>Poteris</strong></span> <span class='ocrx_word' id='word_1_358' title='bbox 1641 3274 1815 3333; x_wconf 74' lang='lat' dir='ltr'><strong>etiam</strong></span> <span class='ocrx_word' id='word_1_359' title='bbox 1872 3276 1959 3333; x_wconf 71' lang='lat' dir='ltr'><strong>sic</strong></span> <span class='ocrx_word' id='word_1_360' title='bbox 2014 3278 2292 3344; x_wconf 71' lang='lat' dir='ltr'><strong>statuere,</strong></span> <span class='ocrx_word' id='word_1_361' title='bbox 2362 3268 2607 3334; x_wconf 84' lang='grc' dir='ltr'>ἀκέων</span> <span class='ocrx_word' id='word_1_362' title='bbox 2665 3274 2922 3347; x_wconf 82' lang='lat' dir='ltr'><strong>formam</strong></span> <span class='ocrx_word' id='word_1_363' title='bbox 2981 3290 3051 3333; x_wconf 72' lang='lat' dir='ltr'><strong>ex</strong></span> <span class='ocrx_word' id='word_1_364' title='bbox 3109 3267 3293 3346; x_wconf 87' lang='grc' dir='ltr'>ἀκήν</span> 
     </span>
     <span class='ocr_line' id='line_1_34' title="bbox 673 3361 1730 3436; baseline 0 -17"><span class='ocrx_word' id='word_1_365' title='bbox 673 3361 897 3435; x_wconf 75' lang='lat' dir='ltr'><strong>factam</strong></span> <span class='ocrx_word' id='word_1_366' title='bbox 942 3378 1066 3420; x_wconf 73' lang='lat' dir='ltr'><strong>esse</strong></span> <span class='ocrx_word' id='word_1_367' title='bbox 1115 3362 1260 3436; x_wconf 73' lang='grc'>142,</span> <span class='ocrx_word' id='word_1_368' title='bbox 1282 3362 1608 3436; x_wconf 75' lang='grc'>20-144,</span> <span class='ocrx_word' id='word_1_369' title='bbox 1632 3364 1730 3422; x_wconf 90' lang='lat'><strong>10.</strong></span> 
     </span>
    </p>

    <p class='ocr_par' dir='ltr' id='par_1_6' title="bbox 673 3447 3294 3778">
     <span class='ocr_line' id='line_1_35' title="bbox 857 3447 3293 3531; baseline 0 -23"><span class='ocrx_word' id='word_1_370' title='bbox 857 3451 1005 3524; x_wconf 88' lang='lat'><strong>142,</strong></span> <span class='ocrx_word' id='word_1_371' title='bbox 1026 3452 1111 3510; x_wconf 88' lang='grc'><strong>20</strong></span> <span class='ocrx_word' id='word_1_372' title='bbox 1169 3447 1767 3527; x_wconf 86' lang='grc' dir='ltr'>παραςχηματιςμός</span> <span class='ocrx_word' id='word_1_373' title='bbox 1825 3455 1920 3512; x_wconf 85' lang='lat' dir='ltr'><strong>est</strong></span> <span class='ocrx_word' id='word_1_374' title='bbox 1980 3454 2288 3512; x_wconf 84' lang='lat' dir='ltr'><strong>nominum</strong></span> <span class='ocrx_word' id='word_1_375' title='bbox 2347 3454 2800 3531; x_wconf 77' lang='lat' dir='ltr'><strong>coniugatorum</strong></span> <span class='ocrx_word' id='word_1_376' title='bbox 2858 3453 3114 3511; x_wconf 78' lang='lat' dir='ltr'><strong>mutatio</strong></span> <span class='ocrx_word' id='word_1_377' title='bbox 3177 3452 3293 3509; x_wconf 82' lang='lat' dir='ltr'><strong>for-</strong></span> 
     </span>
     <span class='ocr_line' id='line_1_36' title="bbox 673 3538 3293 3617; baseline 0 -20"><span class='ocrx_word' id='word_1_378' title='bbox 673 3538 850 3598; x_wconf 75' lang='lat' dir='ltr'><strong>malis</strong></span> <span class='ocrx_word' id='word_1_379' title='bbox 895 3541 933 3597; x_wconf 90' lang='lat' dir='ltr'><strong>i.</strong></span> <span class='ocrx_word' id='word_1_380' title='bbox 963 3557 1011 3597; x_wconf 93' lang='lat' dir='ltr'><strong>e</strong></span> <span class='ocrx_word' id='word_1_381' title='bbox 1064 3540 1320 3600; x_wconf 77' lang='lat' dir='ltr'><strong>mutatio</strong></span> <span class='ocrx_word' id='word_1_382' title='bbox 1366 3559 1486 3617; x_wconf 78' lang='lat' dir='ltr'><strong>qua</strong></span> <span class='ocrx_word' id='word_1_383' title='bbox 1529 3541 1723 3600; x_wconf 78' lang='lat' dir='ltr'><strong>forma.</strong></span> <span class='ocrx_word' id='word_1_384' title='bbox 1765 3544 2055 3617; x_wconf 76' lang='lat' dir='ltr'><strong>variatur,</strong></span> <span class='ocrx_word' id='word_1_385' title='bbox 2098 3542 2436 3602; x_wconf 83' lang='lat' dir='ltr'><strong>intellectus</strong></span> <span class='ocrx_word' id='word_1_386' title='bbox 2480 3561 2599 3601; x_wconf 92' lang='lat' dir='ltr'><strong>non</strong></span> <span class='ocrx_word' id='word_1_387' title='bbox 2646 3543 2817 3616; x_wconf 85' lang='lat' dir='ltr'><strong>item3</strong></span> <span class='ocrx_word' id='word_1_388' title='bbox 2862 3541 2917 3599; x_wconf 90' lang='lat' dir='ltr'><strong>h.</strong></span> <span class='ocrx_word' id='word_1_389' title='bbox 2947 3541 2986 3599; x_wconf 91' lang='lat' dir='ltr'><strong>l.</strong></span> <span class='ocrx_word' id='word_1_390' title='bbox 3034 3544 3126 3600; x_wconf 88' lang='lat' dir='ltr'><strong>est</strong></span> <span class='ocrx_word' id='word_1_391' title='bbox 3166 3560 3293 3599; x_wconf 90' lang='lat' dir='ltr'><strong>mu-</strong></span> 
     </span>
     <span class='ocr_line' id='line_1_37' title="bbox 677 3625 3294 3708; baseline 0.001 -21"><span class='ocrx_word' id='word_1_392' title='bbox 677 3630 831 3688; x_wconf 77' lang='lat' dir='ltr'><strong>tatio</strong></span> <span class='ocrx_word' id='word_1_393' title='bbox 877 3647 1030 3704; x_wconf 80' lang='lat' dir='ltr'><strong>quae</strong></span> <span class='ocrx_word' id='word_1_394' title='bbox 1075 3628 1145 3688; x_wconf 87' lang='lat' dir='ltr'><strong>fit</strong></span> <span class='ocrx_word' id='word_1_395' title='bbox 1189 3649 1295 3707; x_wconf 90' lang='lat' dir='ltr'><strong>per</strong></span> <span class='ocrx_word' id='word_1_396' title='bbox 1339 3649 1571 3708; x_wconf 77' lang='lat' dir='ltr'><strong>genera.</strong></span> <span class='ocrx_word' id='word_1_397' title='bbox 1645 3629 1718 3687; x_wconf 92' lang='lat' dir='ltr'><strong>V</strong></span> <span class='ocrx_word' id='word_1_398' title='bbox 1747 3631 1867 3690; x_wconf 90' lang='lat' dir='ltr'><strong>ind.</strong></span> <span class='ocrx_word' id='word_1_399' title='bbox 1898 3634 1960 3691; x_wconf 92' lang='lat' dir='ltr'><strong>et</strong></span> <span class='ocrx_word' id='word_1_400' title='bbox 1994 3630 2138 3692; x_wconf 91' lang='lat' dir='ltr'><strong>Lob.</strong></span> <span class='ocrx_word' id='word_1_401' title='bbox 2168 3631 2349 3692; x_wconf 90' lang='lat' dir='ltr'><strong>Proll.</strong></span> <span class='ocrx_word' id='word_1_402' title='bbox 2382 3633 2584 3706; x_wconf 80' lang='lat'><strong>5-73</strong></span> <span class='ocrx_word' id='word_1_403' title='bbox 2628 3631 2701 3690; x_wconf 88' lang='lat' dir='ltr'><strong>de</strong></span> <span class='ocrx_word' id='word_1_404' title='bbox 2739 3626 2967 3691; x_wconf 84' lang='grc' dir='ltr'>Λάκων</span> <span class='ocrx_word' id='word_1_405' title='bbox 3014 3625 3294 3690; x_wconf 85' lang='grc' dir='ltr'>Λάκαινα</span> 
     </span>
     <span class='ocr_line' id='line_1_38' title="bbox 677 3717 1139 3778; baseline -0.002 0"><span class='ocrx_word' id='word_1_406' title='bbox 677 3718 808 3778; x_wconf 87' lang='lat' dir='ltr'><strong>sim.</strong></span> <span class='ocrx_word' id='word_1_407' title='bbox 853 3717 997 3776; x_wconf 84' lang='lat' dir='ltr'><strong>ibid.</strong></span> <span class='ocrx_word' id='word_1_408' title='bbox 1037 3719 1139 3777; x_wconf 87' lang='grc'><strong>33.</strong></span> 
     </span>
    </p>

    <p class='ocr_par' dir='ltr' id='par_1_7' title="bbox 675 3802 3290 4047">
     <span class='ocr_line' id='line_1_39' title="bbox 858 3802 3290 3893; baseline 0.001 -27"><span class='ocrx_word' id='word_1_409' title='bbox 858 3809 1004 3881; x_wconf 89' lang='grc'>143,</span> <span class='ocrx_word' id='word_1_410' title='bbox 1024 3808 1064 3865; x_wconf 89' lang='grc'>4</span> <span class='ocrx_word' id='word_1_411' title='bbox 1101 3807 1241 3868; x_wconf 87' lang='lat' dir='ltr'><strong>Her.</strong></span> <span class='ocrx_word' id='word_1_412' title='bbox 1271 3808 1302 3866; x_wconf 95' lang='lat' dir='ltr'>I</span> <span class='ocrx_word' id='word_1_413' title='bbox 1341 3809 1488 3884; x_wconf 87' lang='grc'>509,</span> <span class='ocrx_word' id='word_1_414' title='bbox 1510 3810 1593 3868; x_wconf 88' lang='grc'>24</span> <span class='ocrx_word' id='word_1_415' title='bbox 1624 3802 1739 3892; x_wconf 88' lang='lat'><strong>(=</strong></span> <span class='ocrx_word' id='word_1_416' title='bbox 1760 3810 2024 3888; x_wconf 84' lang='lat' dir='ltr'><strong>Theogn</strong></span> <span class='ocrx_word' id='word_1_417' title='bbox 2059 3803 2343 3893; x_wconf 85' lang='lat'><strong>162,19)</strong></span> <span class='ocrx_word' id='word_1_418' title='bbox 2380 3807 2458 3870; x_wconf 86' lang='grc' dir='ltr'><strong>τὸ</strong></span> <span class='ocrx_word' id='word_1_419' title='bbox 2495 3808 2568 3871; x_wconf 82' lang='grc' dir='ltr'><strong>δὲ</strong></span> <span class='ocrx_word' id='word_1_420' title='bbox 2607 3805 2855 3870; x_wconf 90' lang='grc' dir='ltr'>ἀκέων.</span> <span class='ocrx_word' id='word_1_421' title='bbox 2887 3804 3290 3884; x_wconf 86' lang='grc' dir='ltr'>μ.ε.τοχικόν</span> 
     </span>
     <span class='ocr_line' id='line_1_40' title="bbox 675 3891 3255 3975; baseline 0 -18"><span class='ocrx_word' id='word_1_422' title='bbox 675 3897 738 3957; x_wconf 90' lang='grc' dir='ltr'>Π</span> <span class='ocrx_word' id='word_1_423' title='bbox 777 3897 980 3971; x_wconf 84' lang='grc'>935,1</span> <span class='ocrx_word' id='word_1_424' title='bbox 1025 3892 1129 3972; x_wconf 80' lang='grc' dir='ltr'><strong>ἐφ’</strong></span> <span class='ocrx_word' id='word_1_425' title='bbox 1168 3891 1262 3958; x_wconf 87' lang='grc' dir='ltr'><strong>ὧν</strong></span> <span class='ocrx_word' id='word_1_426' title='bbox 1299 3893 1402 3957; x_wconf 94' lang='grc' dir='ltr'><strong>και</strong></span> <span class='ocrx_word' id='word_1_427' title='bbox 1447 3897 1759 3973; x_wconf 86' lang='grc' dir='ltr'>ζητοῦμεν</span> <span class='ocrx_word' id='word_1_428' title='bbox 1806 3894 1860 3959; x_wconf 84' lang='grc' dir='ltr'>εἰ</span> <span class='ocrx_word' id='word_1_429' title='bbox 1906 3895 2010 3959; x_wconf 85' lang='grc' dir='ltr'><strong>καὶ</strong></span> <span class='ocrx_word' id='word_1_430' title='bbox 2056 3896 2319 3974; x_wconf 86' lang='grc' dir='ltr'>μετοχαὶ</span> <span class='ocrx_word' id='word_1_431' title='bbox 2366 3894 2777 3975; x_wconf 85' lang='grc' dir='ltr'>ὑπάρχουςιν,</span> <span class='ocrx_word' id='word_1_432' title='bbox 2825 3894 3039 3974; x_wconf 86' lang='grc' dir='ltr'>ὥςπερ</span> <span class='ocrx_word' id='word_1_433' title='bbox 3085 3895 3255 3958; x_wconf 80' lang='grc' dir='ltr'><strong>καὶ..</strong></span> 
     </span>
     <span class='ocr_line' id='line_1_41' title="bbox 675 3982 1028 4047; baseline -0.006 0"><span class='ocrx_word' id='word_1_434' title='bbox 675 3983 753 4047; x_wconf 87' lang='grc' dir='ltr'><strong>τὸ</strong></span> <span class='ocrx_word' id='word_1_435' title='bbox 800 3982 1028 4046; x_wconf 88' lang='grc' dir='ltr'>ἀκέων.</span> 
     </span>
    </p>

    <p class='ocr_par' dir='ltr' id='par_1_8' title="bbox 676 4071 3289 4245">
     <span class='ocr_line' id='line_1_42' title="bbox 861 4071 3289 4161; baseline -0 -26"><span class='ocrx_word' id='word_1_436' title='bbox 861 4077 1106 4150; x_wconf 89' lang='grc'>143,11</span> <span class='ocrx_word' id='word_1_437' title='bbox 1158 4076 1300 4135; x_wconf 91' lang='lat' dir='ltr'><strong>Lob.</strong></span> <span class='ocrx_word' id='word_1_438' title='bbox 1347 4076 1552 4135; x_wconf 85' lang='lat' dir='ltr'><strong>Rhem.</strong></span> <span class='ocrx_word' id='word_1_439' title='bbox 1606 4078 1686 4135; x_wconf 92' lang='lat'><strong>14</strong></span> <span class='ocrx_word' id='word_1_440' title='bbox 1748 4071 1889 4136; x_wconf 76' lang='lat' dir='ltr'><strong>‘Sed</strong></span> <span class='ocrx_word' id='word_1_441' title='bbox 1948 4077 2158 4138; x_wconf 90' lang='lat' dir='ltr'><strong>dubito</strong></span> <span class='ocrx_word' id='word_1_442' title='bbox 2217 4097 2294 4137; x_wconf 79' lang='lat' dir='ltr'><strong>an</strong></span> <span class='ocrx_word' id='word_1_443' title='bbox 2354 4081 2407 4139; x_wconf 87' lang='lat' dir='ltr'><strong>is</strong></span> <span class='ocrx_word' id='word_1_444' title='bbox 2452 4071 2653 4161; x_wconf 63' lang='grc' dir='ltr'>(Δρ),</span> <span class='ocrx_word' id='word_1_445' title='bbox 2713 4097 2845 4137; x_wconf 92' lang='lat' dir='ltr'><strong>cum</strong></span> <span class='ocrx_word' id='word_1_446' title='bbox 2905 4080 3132 4138; x_wconf 75' lang='lat' dir='ltr'><strong>usitata</strong></span> <span class='ocrx_word' id='word_1_447' title='bbox 3184 4075 3289 4136; x_wconf 82' lang='lat' dir='ltr'><strong>sub</strong></span> 
     </span>
     <span class='ocr_line' id='line_1_43' title="bbox 676 4162 2820 4245; baseline -0 -20"><span class='ocrx_word' id='word_1_448' title='bbox 676 4185 919 4225; x_wconf 74' lang='lat' dir='ltr'><strong>manum</strong></span> <span class='ocrx_word' id='word_1_449' title='bbox 965 4170 1175 4241; x_wconf 82' lang='lat' dir='ltr'><strong>essent,</strong></span> <span class='ocrx_word' id='word_1_450' title='bbox 1220 4162 1399 4226; x_wconf 88' lang='grc' dir='ltr'><strong>πνέω</strong></span> <span class='ocrx_word' id='word_1_451' title='bbox 1445 4165 1542 4225; x_wconf 84' lang='lat' dir='ltr'><strong>vel</strong></span> <span class='ocrx_word' id='word_1_452' title='bbox 1586 4165 1824 4242; x_wconf 82' lang='lat' dir='ltr'><strong>quidvis</strong></span> <span class='ocrx_word' id='word_1_453' title='bbox 1869 4168 2071 4244; x_wconf 86' lang='lat' dir='ltr'><strong>potius</strong></span> <span class='ocrx_word' id='word_1_454' title='bbox 2118 4187 2297 4245; x_wconf 74' lang='lat' dir='ltr'><strong>quam</strong></span> <span class='ocrx_word' id='word_1_455' title='bbox 2343 4164 2470 4227; x_wconf 90' lang='grc' dir='ltr'><strong>κέω</strong></span> <span class='ocrx_word' id='word_1_456' title='bbox 2515 4162 2820 4244; x_wconf 88' lang='lat' dir='ltr'><strong>posuerit.&#39;</strong></span> 
     </span>
    </p>

    <p class='ocr_par' dir='ltr' id='par_1_9' title="bbox 861 4253 2832 4335">
     <span class='ocr_line' id='line_1_44' title="bbox 861 4253 2832 4335; baseline 0 -21"><span class='ocrx_word' id='word_1_457' title='bbox 861 4255 1110 4330; x_wconf 89' lang='grc'>143,12</span> <span class='ocrx_word' id='word_1_458' title='bbox 1161 4253 1284 4314; x_wconf 77' lang='lat' dir='ltr'><strong>ska</strong></span> <span class='ocrx_word' id='word_1_459' title='bbox 1329 4254 1391 4313; x_wconf 93' lang='grc' dir='ltr'>Π</span> <span class='ocrx_word' id='word_1_460' title='bbox 1439 4256 1551 4330; x_wconf 74' lang='grc' dir='ltr'>25ς</span> <span class='ocrx_word' id='word_1_461' title='bbox 1598 4254 1967 4316; x_wconf 84' lang='lat' dir='ltr'><strong>GFSchoem.</strong></span> <span class='ocrx_word' id='word_1_462' title='bbox 2005 4258 2067 4317; x_wconf 87' lang='lat'><strong>11</strong></span> <span class='ocrx_word' id='word_1_463' title='bbox 2110 4260 2516 4335; x_wconf 87' lang='lat' dir='ltr'><strong>l2=opusc.</strong></span> <span class='ocrx_word' id='word_1_464' title='bbox 2553 4257 2643 4316; x_wconf 88' lang='lat' dir='ltr'><strong>IV</strong></span> <span class='ocrx_word' id='word_1_465' title='bbox 2687 4258 2832 4316; x_wconf 86' lang='lat'><strong>256.</strong></span> 
     </span>
    </p>

    <p class='ocr_par' dir='ltr' id='par_1_10' title="bbox 860 4338 2409 4423">
     <span class='ocr_line' id='line_1_45' title="bbox 860 4338 2409 4423; baseline 0 -19"><span class='ocrx_word' id='word_1_466' title='bbox 860 4345 1006 4419; x_wconf 88' lang='grc'>143,</span> <span class='ocrx_word' id='word_1_467' title='bbox 1031 4345 1111 4403; x_wconf 82' lang='lat'><strong>15</strong></span> <span class='ocrx_word' id='word_1_468' title='bbox 1160 4340 1429 4423; x_wconf 82' lang='grc' dir='ltr'>ᾄδοντες</span> <span class='ocrx_word' id='word_1_469' title='bbox 1475 4340 1729 4419; x_wconf 86' lang='grc' dir='ltr'>ὑμνεῖτε</span> <span class='ocrx_word' id='word_1_470' title='bbox 1776 4338 1935 4406; x_wconf 75' lang='lat' dir='ltr'><strong>delet</strong></span> <span class='ocrx_word' id='word_1_471' title='bbox 1978 4346 2191 4406; x_wconf 77' lang='lat' dir='ltr'><strong>Matth.</strong></span> <span class='ocrx_word' id='word_1_472' title='bbox 2228 4347 2261 4406; x_wconf 96' lang='lat' dir='ltr'>I</span> <span class='ocrx_word' id='word_1_473' title='bbox 2307 4349 2409 4407; x_wconf 87' lang='lat'><strong>31.</strong></span> 
     </span>
    </p>

    <p class='ocr_par' dir='ltr' id='par_1_11' title="bbox 675 4430 3287 4688">
     <span class='ocr_line' id='line_1_46' title="bbox 859 4430 3287 4514; baseline -0 -21"><span class='ocrx_word' id='word_1_474' title='bbox 859 4435 1005 4508; x_wconf 87' lang='lat'>143,</span> <span class='ocrx_word' id='word_1_475' title='bbox 1027 4435 1109 4492; x_wconf 84' lang='lat'><strong>27</strong></span> <span class='ocrx_word' id='word_1_476' title='bbox 1158 4434 1234 4512; x_wconf 87' lang='grc' dir='ltr'><strong>τῇ</strong></span> <span class='ocrx_word' id='word_1_477' title='bbox 1282 4434 1673 4513; x_wconf 82' lang='grc' dir='ltr'>ςυνεκδρομῇ</span> <span class='ocrx_word' id='word_1_478' title='bbox 1720 4435 1838 4496; x_wconf 85' lang='grc' dir='ltr'><strong>τοῦ</strong></span> <span class='ocrx_word' id='word_1_479' title='bbox 1887 4430 2169 4511; x_wconf 84' lang='grc' dir='ltr'>ῥήματος</span> <span class='ocrx_word' id='word_1_480' title='bbox 2217 4463 2301 4485; x_wconf 94' lang='lat'><strong><em>=</em></strong></span> <span class='ocrx_word' id='word_1_481' title='bbox 2329 4439 2576 4514; x_wconf 82' lang='lat' dir='ltr'><strong>propter</strong></span> <span class='ocrx_word' id='word_1_482' title='bbox 2620 4436 2990 4495; x_wconf 85' lang='lat' dir='ltr'><strong>consimilem</strong></span> <span class='ocrx_word' id='word_1_483' title='bbox 3043 4435 3287 4494; x_wconf 73' lang='lat' dir='ltr'><strong>formam</strong></span> 
     </span>
     <span class='ocr_line' id='line_1_47' title="bbox 675 4517 3285 4600; baseline -0 -17"><span class='ocrx_word' id='word_1_484' title='bbox 675 4523 842 4583; x_wconf 82' lang='lat' dir='ltr'><strong>verbi</strong></span> <span class='ocrx_word' id='word_1_485' title='bbox 887 4517 1103 4600; x_wconf 86' lang='grc' dir='ltr'>(ἄγω),</span> <span class='ocrx_word' id='word_1_486' title='bbox 1152 4524 1223 4581; x_wconf 90' lang='lat' dir='ltr'><strong>cf.</strong></span> <span class='ocrx_word' id='word_1_487' title='bbox 1272 4523 1404 4582; x_wconf 77' lang='lat' dir='ltr'><strong>adv.</strong></span> <span class='ocrx_word' id='word_1_488' title='bbox 1457 4524 1603 4598; x_wconf 90' lang='grc'>142,</span> <span class='ocrx_word' id='word_1_489' title='bbox 1629 4526 1667 4583; x_wconf 92' lang='grc'>9</span> <span class='ocrx_word' id='word_1_490' title='bbox 1715 4521 1792 4584; x_wconf 88' lang='grc' dir='ltr'><strong>τὸ</strong></span> <span class='ocrx_word' id='word_1_491' title='bbox 1839 4519 2091 4600; x_wconf 86' lang='grc' dir='ltr'>ὄφελον</span> <span class='ocrx_word' id='word_1_492' title='bbox 2138 4520 2200 4586; x_wconf 82' lang='grc' dir='ltr'><strong>οἱ</strong></span> <span class='ocrx_word' id='word_1_493' title='bbox 2249 4524 2364 4600; x_wconf 82' lang='grc' dir='ltr'><strong>μὲν</strong></span> <span class='ocrx_word' id='word_1_494' title='bbox 2409 4520 2572 4585; x_wconf 82' lang='grc' dir='ltr'>κατὰ</span> <span class='ocrx_word' id='word_1_495' title='bbox 2616 4521 3049 4599; x_wconf 82' lang='grc' dir='ltr'>ςυνεκδρομὴν</span> <span class='ocrx_word' id='word_1_496' title='bbox 3096 4518 3285 4599; x_wconf 82' lang='grc' dir='ltr'>ῥήμα-</span> 
     </span>
     <span class='ocr_line' id='line_1_48' title="bbox 676 4607 1363 4688; baseline 0 -17"><span class='ocrx_word' id='word_1_497' title='bbox 676 4609 787 4673; x_wconf 73' lang='lat' dir='ltr'><strong>‘roc</strong></span> <span class='ocrx_word' id='word_1_498' title='bbox 834 4628 986 4688; x_wconf 81' lang='lat' dir='ltr'><strong>&lt;pact</strong></span> <span class='ocrx_word' id='word_1_499' title='bbox 1033 4607 1363 4672; x_wconf 86' lang='grc' dir='ltr'>κεκλίςθαι.</span> 
     </span>
    </p>

    <p class='ocr_par' dir='ltr' id='par_1_12' title="bbox 677 4696 3287 4851">
     <span class='ocr_line' id='line_1_49' title="bbox 860 4696 3287 4781; baseline 0 -20"><span class='ocrx_word' id='word_1_500' title='bbox 860 4703 1006 4777; x_wconf 91' lang='grc'>144,</span> <span class='ocrx_word' id='word_1_501' title='bbox 1029 4703 1060 4759; x_wconf 93' lang='grc'><strong>1</strong></span> <span class='ocrx_word' id='word_1_502' title='bbox 1105 4696 1194 4761; x_wconf 83' lang='grc' dir='ltr'><strong>ὡς</strong></span> <span class='ocrx_word' id='word_1_503' title='bbox 1229 4696 1508 4780; x_wconf 83' lang='grc' dir='ltr'>ἔφαμεν]</span> <span class='ocrx_word' id='word_1_504' title='bbox 1548 4702 1679 4763; x_wconf 78' lang='lat' dir='ltr'><strong>adv.</strong></span> <span class='ocrx_word' id='word_1_505' title='bbox 1714 4704 1861 4779; x_wconf 84' lang='lat'><strong>142,</strong></span> <span class='ocrx_word' id='word_1_506' title='bbox 1883 4706 1939 4763; x_wconf 91' lang='grc'><strong>9.</strong></span> <span class='ocrx_word' id='word_1_507' title='bbox 1971 4736 2055 4744; x_wconf 92' lang='grc'>-</span> <span class='ocrx_word' id='word_1_508' title='bbox 2087 4702 2456 4764; x_wconf 83' lang='lat' dir='ltr'><strong>GFSchoem.</strong></span> <span class='ocrx_word' id='word_1_509' title='bbox 2486 4704 2548 4763; x_wconf 88' lang='lat'><strong>11</strong></span> <span class='ocrx_word' id='word_1_510' title='bbox 2580 4706 2659 4763; x_wconf 89' lang='grc'><strong>12</strong></span> <span class='ocrx_word' id='word_1_511' title='bbox 2685 4730 2768 4752; x_wconf 91' lang='lat'>=</span> <span class='ocrx_word' id='word_1_512' title='bbox 2791 4722 2989 4781; x_wconf 88' lang='lat' dir='ltr'><strong>opusc.</strong></span> <span class='ocrx_word' id='word_1_513' title='bbox 3018 4703 3105 4763; x_wconf 82' lang='lat' dir='ltr'><strong>l&#39;V</strong></span> <span class='ocrx_word' id='word_1_514' title='bbox 3135 4702 3287 4777; x_wconf 77' lang='lat'><strong>2553</strong></span> 
     </span>
     <span class='ocr_line' id='line_1_50' title="bbox 677 4788 1054 4851; baseline 0 -1"><span class='ocrx_word' id='word_1_515' title='bbox 677 4788 800 4850; x_wconf 76' lang='lat' dir='ltr'><strong>ska</strong></span> <span class='ocrx_word' id='word_1_516' title='bbox 844 4791 906 4849; x_wconf 90' lang='grc' dir='ltr'>Π</span> <span class='ocrx_word' id='word_1_517' title='bbox 953 4791 1054 4851; x_wconf 85' lang='grc'>25.</span> 
     </span>
    </p>
   </div>
   <div class='ocr_carea' id='block_1_3' title="bbox 674 4876 3284 5046">
    <p class='ocr_par' dir='ltr' id='par_1_13' title="bbox 674 4876 3284 5046">
     <span class='ocr_line' id='line_1_51' title="bbox 710 4876 3284 5028; baseline 0.001 -90"><span class='ocrx_word' id='word_1_518' title='bbox 710 4969 723 4981; x_wconf 44' lang='lat'><strong>·</strong></span> <span class='ocrx_word' id='word_1_519' title='bbox 860 4881 1023 5028; x_wconf 44' lang='grc' dir='ltr'>144ἱέ</span> <span class='ocrx_word' id='word_1_520' title='bbox 1024 4882 1063 4939; x_wconf 90' lang='grc'>4</span> <span class='ocrx_word' id='word_1_521' title='bbox 1110 4880 1391 4958; x_wconf 81' lang='lat' dir='ltr'><strong>Egenolff</strong></span> <span class='ocrx_word' id='word_1_522' title='bbox 1427 4880 1459 4939; x_wconf 95' lang='lat' dir='ltr'>I</span> <span class='ocrx_word' id='word_1_523' title='bbox 1506 4881 1633 4940; x_wconf 87' lang='grc'><strong>843</strong></span> <span class='ocrx_word' id='word_1_524' title='bbox 1681 4876 1837 4960; x_wconf 81' lang='grc' dir='ltr'>&lt;ἐκ&gt;</span> <span class='ocrx_word' id='word_1_525' title='bbox 1882 4876 2087 4961; x_wconf 85' lang='grc' dir='ltr'>το&lt;ῦ&gt;</span> <span class='ocrx_word' id='word_1_526' title='bbox 2131 4877 2437 4959; x_wconf 85' lang='grc' dir='ltr'>ὤφειλον,</span> <span class='ocrx_word' id='word_1_527' title='bbox 2491 4883 2649 4960; x_wconf 88' lang='lat' dir='ltr'><strong>quod</strong></span> <span class='ocrx_word' id='word_1_528' title='bbox 2695 4902 2813 4942; x_wconf 90' lang='lat' dir='ltr'><strong>non</strong></span> <span class='ocrx_word' id='word_1_529' title='bbox 2860 4900 2988 4942; x_wconf 90' lang='lat' dir='ltr'><strong>esse</strong></span> <span class='ocrx_word' id='word_1_530' title='bbox 3032 4897 3284 4941; x_wconf 81' lang='lat' dir='ltr'><strong>necessa-</strong></span> 
     </span>
     <span class='ocr_line' id='line_1_52' title="bbox 674 4988 1040 5046; baseline -0.005 -18"><span class='ocrx_word' id='word_1_531' title='bbox 674 4988 831 5028; x_wconf 83' lang='lat' dir='ltr'><strong>num</strong></span> <span class='ocrx_word' id='word_1_532' title='bbox 874 4989 958 5046; x_wconf 91' lang='lat' dir='ltr'><strong>pu</strong></span> <span class='ocrx_word' id='word_1_533' title='bbox 1030 5015 1040 5026; x_wconf 92' lang='lat'><strong>.</strong></span> 
     </span>
    </p>
   </div>
  </div>
 </body>
</html>
