<?xml version="1.0" encoding="UTF-8"?>
<!DOCTYPE html PUBLIC "-//W3C//DTD XHTML 1.0 Transitional//EN"
    "http://www.w3.org/TR/xhtml1/DTD/xhtml1-transitional.dtd">
<html xmlns="http://www.w3.org/1999/xhtml" xml:lang="en" lang="en">
 <head>
  <title>
</title>
<meta http-equiv="Content-Type" content="text/html;charset=utf-8" />
  <meta name='ocr-system' content='tesseract 3.04.00' />
  <meta name='ocr-capabilities' content='ocr_page ocr_carea ocr_par ocr_line ocrx_word'/>
</head>
<body>
  <div class='ocr_page' id='page_1' title='image "./grammaticigraec00unkngoog_0378.png"; bbox 0 0 3738 5530; ppageno 0'>
   <div class='ocr_carea' id='block_1_1' title="bbox 685 290 3156 364">
    <p class='ocr_par' dir='ltr' id='par_1_1' title="bbox 685 290 3156 364">
     <span class='ocr_line' id='line_1_1' title="bbox 685 290 3156 364; baseline -0.001 -16"><span class='ocrx_word' id='word_1_1' title='bbox 685 291 774 357; x_wconf 88' lang='grc'><strong>90</strong></span> <span class='ocrx_word' id='word_1_2' title='bbox 862 291 1307 349; x_wconf 82' lang='lat' dir='ltr'><strong>Commentarius</strong></span> <span class='ocrx_word' id='word_1_3' title='bbox 1336 291 1562 347; x_wconf 86' lang='lat' dir='ltr'><strong>criticus</strong></span> <span class='ocrx_word' id='word_1_4' title='bbox 1592 292 1650 346; x_wconf 84' lang='lat' dir='ltr'><strong>et</strong></span> <span class='ocrx_word' id='word_1_5' title='bbox 1678 291 1999 364; x_wconf 74' lang='lat' dir='ltr'><strong>exegeticus</strong></span> <span class='ocrx_word' id='word_1_6' title='bbox 2026 291 2087 347; x_wconf 86' lang='lat' dir='ltr'><strong>iu</strong></span> <span class='ocrx_word' id='word_1_7' title='bbox 2112 290 2403 362; x_wconf 86' lang='lat' dir='ltr'><strong>Apollonii</strong></span> <span class='ocrx_word' id='word_1_8' title='bbox 2430 290 2658 363; x_wconf 76' lang='lat' dir='ltr'><strong>Dyscoli</strong></span> <span class='ocrx_word' id='word_1_9' title='bbox 2686 291 2898 362; x_wconf 85' lang='lat' dir='ltr'><strong>scripta</strong></span> <span class='ocrx_word' id='word_1_10' title='bbox 2921 291 3156 347; x_wconf 87' lang='lat' dir='ltr'><strong>minora.</strong></span> 
     </span>
    </p>
   </div>
   <div class='ocr_carea' id='block_1_2' title="bbox 679 463 3307 4758">
    <p class='ocr_par' dir='ltr' id='par_1_2' title="bbox 866 463 1650 542">
     <span class='ocr_line' id='line_1_2' title="bbox 866 463 1650 542; baseline -0.005 -18"><span class='ocrx_word' id='word_1_11' title='bbox 866 467 921 524; x_wconf 86' lang='lat'><strong>2.</strong></span> <span class='ocrx_word' id='word_1_12' title='bbox 996 463 1272 524; x_wconf 79' lang='lat' dir='ltr'><strong>Genetivi</strong></span> <span class='ocrx_word' id='word_1_13' title='bbox 1316 464 1650 542; x_wconf 77' lang='lat' dir='ltr'><strong>singulm-is.</strong></span> 
     </span>
    </p>

    <p class='ocr_par' dir='ltr' id='par_1_3' title="bbox 865 551 2656 633">
     <span class='ocr_line' id='line_1_3' title="bbox 865 551 2656 633; baseline -0.002 -19"><span class='ocrx_word' id='word_1_14' title='bbox 865 551 934 633; x_wconf 88' lang='grc' dir='ltr'><strong>α)</strong></span> <span class='ocrx_word' id='word_1_15' title='bbox 979 556 1207 632; x_wconf 79' lang='lat' dir='ltr'><strong>primae</strong></span> <span class='ocrx_word' id='word_1_16' title='bbox 1252 571 1537 632; x_wconf 74' lang='lat' dir='ltr'><strong>personae</strong></span> <span class='ocrx_word' id='word_1_17' title='bbox 1586 553 1687 628; x_wconf 82' lang='grc'><strong>64,</strong></span> <span class='ocrx_word' id='word_1_18' title='bbox 1711 553 1991 628; x_wconf 82' lang='lat'><strong>25—67,</strong></span> <span class='ocrx_word' id='word_1_19' title='bbox 2015 553 2096 611; x_wconf 82' lang='lat'><strong>22</strong></span> <span class='ocrx_word' id='word_1_20' title='bbox 2145 554 2206 611; x_wconf 74' lang='lat' dir='ltr'><strong>et</strong></span> <span class='ocrx_word' id='word_1_21' title='bbox 2256 553 2656 627; x_wconf 84' lang='lat'><strong>74,10--19.</strong></span> 
     </span>
    </p>

    <p class='ocr_par' dir='ltr' id='par_1_4' title="bbox 682 639 3303 1359">
     <span class='ocr_line' id='line_1_4' title="bbox 862 639 3301 718; baseline 0.002 -15"><span class='ocrx_word' id='word_1_22' title='bbox 862 644 944 703; x_wconf 79' lang='lat' dir='ltr'><strong>In</strong></span> <span class='ocrx_word' id='word_1_23' title='bbox 960 647 1166 718; x_wconf 75' lang='lat' dir='ltr'><strong>prima</strong></span> <span class='ocrx_word' id='word_1_24' title='bbox 1181 661 1340 718; x_wconf 74' lang='lat' dir='ltr'><strong>pers.</strong></span> <span class='ocrx_word' id='word_1_25' title='bbox 1368 661 1495 702; x_wconf 73' lang='lat' dir='ltr'><strong>una</strong></span> <span class='ocrx_word' id='word_1_26' title='bbox 1520 639 1701 717; x_wconf 87' lang='grc' dir='ltr'>ἐμοῦ</span> <span class='ocrx_word' id='word_1_27' title='bbox 1727 644 1925 716; x_wconf 81' lang='lat' dir='ltr'><strong>ferma</strong></span> <span class='ocrx_word' id='word_1_28' title='bbox 1942 643 2233 716; x_wconf 65' lang='lat' dir='ltr'><strong>primitivi</strong></span> <span class='ocrx_word' id='word_1_29' title='bbox 2262 643 2527 717; x_wconf 68' lang='lat' dir='ltr'><strong>amyra-it</strong></span> <span class='ocrx_word' id='word_1_30' title='bbox 2546 645 2949 718; x_wconf 71' lang='lat' dir='ltr'><strong>cumyenetivo</strong></span> <span class='ocrx_word' id='word_1_31' title='bbox 2964 645 3301 717; x_wconf 65' lang='lat' dir='ltr'><strong>possessivi.</strong></span> 
     </span>
     <span class='ocr_line' id='line_1_5' title="bbox 684 731 3303 809; baseline -0 -15"><span class='ocrx_word' id='word_1_32' title='bbox 684 737 786 809; x_wconf 70' lang='grc' dir='ltr'><strong>φη·</strong></span> <span class='ocrx_word' id='word_1_33' title='bbox 813 737 1007 794; x_wconf 78' lang='lat' dir='ltr'><strong>tamen</strong></span> <span class='ocrx_word' id='word_1_34' title='bbox 1030 751 1337 809; x_wconf 73' lang='lat' dir='ltr'><strong>nunqmm</strong></span> <span class='ocrx_word' id='word_1_35' title='bbox 1360 733 1697 800; x_wconf 69' lang='lat' dir='ltr'><strong>inclinatur,</strong></span> <span class='ocrx_word' id='word_1_36' title='bbox 1731 749 1864 791; x_wconf 79' lang='lat' dir='ltr'><strong>cum</strong></span> <span class='ocrx_word' id='word_1_37' title='bbox 1888 731 1997 791; x_wconf 74' lang='lat' dir='ltr'><strong>illa</strong></span> <span class='ocrx_word' id='word_1_38' title='bbox 2022 731 2380 791; x_wconf 67' lang='lat' dir='ltr'><strong>inclinabitis</strong></span> <span class='ocrx_word' id='word_1_39' title='bbox 2404 733 2508 791; x_wconf 80' lang='lat' dir='ltr'><strong>sit:</strong></span> <span class='ocrx_word' id='word_1_40' title='bbox 2544 736 2762 792; x_wconf 82' lang='lat' dir='ltr'><strong>ceterae</strong></span> <span class='ocrx_word' id='word_1_41' title='bbox 2777 734 3070 807; x_wconf 75' lang='lat' dir='ltr'><strong>primitivi</strong></span> <span class='ocrx_word' id='word_1_42' title='bbox 3097 737 3149 793; x_wconf 74' lang='lat' dir='ltr'><strong>et</strong></span> <span class='ocrx_word' id='word_1_43' title='bbox 3163 751 3303 809; x_wconf 76' lang='lat' dir='ltr'><strong>pos-</strong></span> 
     </span>
     <span class='ocr_line' id='line_1_6' title="bbox 682 817 3300 910; baseline -0.001 -25"><span class='ocrx_word' id='word_1_44' title='bbox 682 826 887 885; x_wconf 80' lang='lat' dir='ltr'><strong>sessivi</strong></span> <span class='ocrx_word' id='word_1_45' title='bbox 912 826 1139 910; x_wconf 64' lang='lat' dir='ltr'><strong>fqnnae</strong></span> <span class='ocrx_word' id='word_1_46' title='bbox 1156 825 1421 884; x_wconf 81' lang='lat' dir='ltr'><strong>diversae</strong></span> <span class='ocrx_word' id='word_1_47' title='bbox 1436 826 1574 883; x_wconf 75' lang='lat' dir='ltr'><strong>sunt</strong></span> <span class='ocrx_word' id='word_1_48' title='bbox 1593 822 1989 898; x_wconf 81' lang='lat'><strong>64,25—28.</strong></span> <span class='ocrx_word' id='word_1_49' title='bbox 2017 853 2092 862; x_wconf 90' lang='lat'>—</span> <span class='ocrx_word' id='word_1_50' title='bbox 2115 821 2337 896; x_wconf 77' lang='lat' dir='ltr'><strong>Quibus</strong></span> <span class='ocrx_word' id='word_1_51' title='bbox 2354 822 2526 881; x_wconf 76' lang='lat' dir='ltr'><strong>rebus</strong></span> <span class='ocrx_word' id='word_1_52' title='bbox 2553 821 2694 896; x_wconf 85' lang='grc' dir='ltr'>μοῦ</span> <span class='ocrx_word' id='word_1_53' title='bbox 2721 823 2959 896; x_wconf 76' lang='lat' dir='ltr'><strong>differat</strong></span> <span class='ocrx_word' id='word_1_54' title='bbox 2983 824 3059 882; x_wconf 84' lang='lat' dir='ltr'><strong>ab</strong></span> <span class='ocrx_word' id='word_1_55' title='bbox 3088 817 3300 898; x_wconf 87' lang='grc' dir='ltr'>ἐμοῦ,</span> 
     </span>
     <span class='ocr_line' id='line_1_7' title="bbox 687 902 3300 996; baseline -0.001 -21"><span class='ocrx_word' id='word_1_56' title='bbox 687 916 1003 990; x_wconf 69' lang='lat' dir='ltr'><strong>exposimn</strong></span> <span class='ocrx_word' id='word_1_57' title='bbox 1047 917 1143 974; x_wconf 83' lang='lat' dir='ltr'><strong>est.</strong></span> <span class='ocrx_word' id='word_1_58' title='bbox 1232 912 1506 989; x_wconf 73' lang='lat' dir='ltr'><strong>Superest</strong></span> <span class='ocrx_word' id='word_1_59' title='bbox 1547 916 1616 971; x_wconf 76' lang='lat' dir='ltr'><strong>ut</strong></span> <span class='ocrx_word' id='word_1_60' title='bbox 1658 927 2028 986; x_wconf 75' lang='lat' dir='ltr'><strong><em>quaeramus,</em></strong></span> <span class='ocrx_word' id='word_1_61' title='bbox 2077 929 2184 971; x_wconf 75' lang='lat' dir='ltr'><strong>cur</strong></span> <span class='ocrx_word' id='word_1_62' title='bbox 2228 905 2560 985; x_wconf 83' lang='grc' dir='ltr'>ἐμαυτοῦ</span> <span class='ocrx_word' id='word_1_63' title='bbox 2605 902 2962 993; x_wconf 78' lang='lat' dir='ltr'>(possessive</span> <span class='ocrx_word' id='word_1_64' title='bbox 3007 906 3300 996; x_wconf 88' lang='lat' dir='ltr'><strong>positum)</strong></span> 
     </span>
     <span class='ocr_line' id='line_1_8' title="bbox 685 997 3299 1078; baseline 0 -14"><span class='ocrx_word' id='word_1_65' title='bbox 685 1022 818 1064; x_wconf 81' lang='lat' dir='ltr'><strong>cum</strong></span> <span class='ocrx_word' id='word_1_66' title='bbox 870 1020 1011 1078; x_wconf 89' lang='grc' dir='ltr'><strong>μου</strong></span> <span class='ocrx_word' id='word_1_67' title='bbox 1054 1003 1359 1072; x_wconf 75' lang='lat' dir='ltr'><strong>inclinato,</strong></span> <span class='ocrx_word' id='word_1_68' title='bbox 1423 1019 1543 1063; x_wconf 78' lang='lat' dir='ltr'><strong>non</strong></span> <span class='ocrx_word' id='word_1_69' title='bbox 1588 1019 1720 1062; x_wconf 81' lang='lat' dir='ltr'><strong>cum</strong></span> <span class='ocrx_word' id='word_1_70' title='bbox 1765 997 1949 1076; x_wconf 83' lang='grc' dir='ltr'>ἐμοῦ</span> <span class='ocrx_word' id='word_1_71' title='bbox 1997 1004 2383 1061; x_wconf 61' lang='lat' dir='ltr'><strong>commotum</strong></span> <span class='ocrx_word' id='word_1_72' title='bbox 2474 1001 2640 1061; x_wconf 88' lang='lat' dir='ltr'><strong>Haec</strong></span> <span class='ocrx_word' id='word_1_73' title='bbox 2685 1003 2778 1063; x_wconf 84' lang='lat' dir='ltr'><strong>est</strong></span> <span class='ocrx_word' id='word_1_74' title='bbox 2822 1021 3028 1064; x_wconf 84' lang='lat' dir='ltr'><strong>causa:</strong></span> <span class='ocrx_word' id='word_1_75' title='bbox 3075 999 3299 1078; x_wconf 85' lang='grc' dir='ltr'>ἐμαυ-</span> 
     </span>
     <span class='ocr_line' id='line_1_9' title="bbox 684 1084 3302 1174; baseline -0.001 -20"><span class='ocrx_word' id='word_1_76' title='bbox 684 1093 820 1155; x_wconf 91' lang='grc' dir='ltr'><strong>τοῦ</strong></span> <span class='ocrx_word' id='word_1_77' title='bbox 868 1111 937 1154; x_wconf 75' lang='lat' dir='ltr'><strong>eae</strong></span> <span class='ocrx_word' id='word_1_78' title='bbox 979 1095 1107 1168; x_wconf 81' lang='lat' dir='ltr'><strong>ipso</strong></span> <span class='ocrx_word' id='word_1_79' title='bbox 1153 1088 1336 1168; x_wconf 83' lang='grc' dir='ltr'>ἐμοῦ</span> <span class='ocrx_word' id='word_1_80' title='bbox 1381 1095 1606 1167; x_wconf 79' lang='lat' dir='ltr'><strong>factum</strong></span> <span class='ocrx_word' id='word_1_81' title='bbox 1650 1095 1747 1160; x_wconf 80' lang='lat' dir='ltr'><strong>est,</strong></span> <span class='ocrx_word' id='word_1_82' title='bbox 1793 1096 1860 1150; x_wconf 71' lang='lat' dir='ltr'><strong>ut</strong></span> <span class='ocrx_word' id='word_1_83' title='bbox 1903 1092 2216 1151; x_wconf 73' lang='lat' dir='ltr'><strong><em>discrimen</em></strong></span> <span class='ocrx_word' id='word_1_84' title='bbox 2258 1095 2534 1151; x_wconf 80' lang='lat' dir='ltr'><strong>cematur</strong></span> <span class='ocrx_word' id='word_1_85' title='bbox 2567 1093 2720 1151; x_wconf 73' lang='lat' dir='ltr'><strong>inter</strong></span> <span class='ocrx_word' id='word_1_86' title='bbox 2754 1095 3068 1153; x_wconf 64' lang='lat' dir='ltr'><strong>transita-a</strong></span> <span class='ocrx_word' id='word_1_87' title='bbox 3113 1084 3302 1174; x_wconf 87' lang='grc' dir='ltr'>(ἐμοῦ</span> 
     </span>
     <span class='ocr_line' id='line_1_10' title="bbox 685 1172 3298 1265; baseline -0 -23"><span class='ocrx_word' id='word_1_88' title='bbox 685 1175 843 1265; x_wconf 79' lang='lat' dir='ltr'><strong>sim.)</strong></span> <span class='ocrx_word' id='word_1_89' title='bbox 892 1187 944 1240; x_wconf 77' lang='lat' dir='ltr'><strong>et</strong></span> <span class='ocrx_word' id='word_1_90' title='bbox 975 1185 1353 1243; x_wconf 56' lang='lat' dir='ltr'><strong>intransitiva</strong></span> <span class='ocrx_word' id='word_1_91' title='bbox 1391 1175 1514 1264; x_wconf 78' lang='lat' dir='ltr'><strong>(vel</strong></span> <span class='ocrx_word' id='word_1_92' title='bbox 1550 1172 1857 1262; x_wconf 69' lang='lat' dir='ltr'><strong>reflexim)</strong></span> <span class='ocrx_word' id='word_1_93' title='bbox 1899 1182 2000 1257; x_wconf 86' lang='lat'><strong>64,</strong></span> <span class='ocrx_word' id='word_1_94' title='bbox 2023 1181 2426 1256; x_wconf 84' lang='lat'>28—65‚12.</span> <span class='ocrx_word' id='word_1_95' title='bbox 2506 1179 2590 1241; x_wconf 84' lang='lat' dir='ltr'><strong>of.</strong></span> <span class='ocrx_word' id='word_1_96' title='bbox 2628 1184 3031 1257; x_wconf 80' lang='lat'><strong>74‚21-23.</strong></span> <span class='ocrx_word' id='word_1_97' title='bbox 3076 1185 3221 1258; x_wconf 85' lang='lat'><strong>102,</strong></span> <span class='ocrx_word' id='word_1_98' title='bbox 3245 1185 3298 1242; x_wconf 86' lang='lat'><strong>5.</strong></span> 
     </span>
     <span class='ocr_line' id='line_1_11' title="bbox 689 1263 3005 1359; baseline -0.001 -28"><span class='ocrx_word' id='word_1_99' title='bbox 689 1274 969 1348; x_wconf 84' lang='lat'><strong>107,18;</strong></span> <span class='ocrx_word' id='word_1_100' title='bbox 1014 1275 1169 1350; x_wconf 73' lang='lat' dir='ltr'><strong>synt.</strong></span> <span class='ocrx_word' id='word_1_101' title='bbox 1223 1274 1425 1348; x_wconf 82' lang='lat'><strong>158,6</strong></span> <span class='ocrx_word' id='word_1_102' title='bbox 1457 1263 1626 1352; x_wconf 73' lang='lat' dir='ltr'><strong>sq.*)</strong></span> <span class='ocrx_word' id='word_1_103' title='bbox 2964 1310 3005 1359; x_wconf 58' lang='lat'>0</span> 
     </span>
    </p>

    <p class='ocr_par' dir='ltr' id='par_1_5' title="bbox 681 1356 3304 2162">
     <span class='ocr_line' id='line_1_12' title="bbox 865 1356 3281 1442; baseline -0 -21"><span class='ocrx_word' id='word_1_104' title='bbox 865 1364 966 1438; x_wconf 82' lang='lat'><strong>64,</strong></span> <span class='ocrx_word' id='word_1_105' title='bbox 990 1364 1070 1421; x_wconf 87' lang='grc'><strong>26</strong></span> <span class='ocrx_word' id='word_1_106' title='bbox 1121 1358 1330 1442; x_wconf 83' lang='grc' dir='ltr'>ἐμοῖο]</span> <span class='ocrx_word' id='word_1_107' title='bbox 1380 1356 1936 1436; x_wconf 84' lang='grc' dir='ltr'>Θεςςαλικώτερον</span> <span class='ocrx_word' id='word_1_108' title='bbox 1983 1362 2135 1437; x_wconf 83' lang='lat' dir='ltr'><strong>synt.</strong></span> <span class='ocrx_word' id='word_1_109' title='bbox 2187 1361 2289 1435; x_wconf 84' lang='lat'><strong>50,</strong></span> <span class='ocrx_word' id='word_1_110' title='bbox 2314 1362 2412 1420; x_wconf 91' lang='grc'><strong>10.</strong></span> <span class='ocrx_word' id='word_1_111' title='bbox 2466 1361 2612 1436; x_wconf 89' lang='grc'>159,</span> <span class='ocrx_word' id='word_1_112' title='bbox 2636 1363 2702 1435; x_wconf 81' lang='lat'><strong>93</strong></span> <span class='ocrx_word' id='word_1_113' title='bbox 2756 1381 2923 1439; x_wconf 90' lang='lat' dir='ltr'><strong>pron.</strong></span> <span class='ocrx_word' id='word_1_114' title='bbox 2979 1364 3103 1422; x_wconf 82' lang='lat'><strong>109</strong></span> <span class='ocrx_word' id='word_1_115' title='bbox 3158 1366 3209 1420; x_wconf 93' lang='lat'><strong>1.</strong></span> <span class='ocrx_word' id='word_1_116' title='bbox 3245 1363 3281 1420; x_wconf 89' lang='grc'>5</span> 
     </span>
     <span class='ocr_line' id='line_1_13' title="bbox 684 1409 3302 1526; baseline 0 -15"><span class='ocrx_word' id='word_1_117' title='bbox 684 1446 821 1511; x_wconf 81' lang='lat' dir='ltr'><strong>‘Die</strong></span> <span class='ocrx_word' id='word_1_118' title='bbox 860 1450 1299 1512; x_wconf 80' lang='lat' dir='ltr'><strong>Grammatiker</strong></span> <span class='ocrx_word' id='word_1_119' title='bbox 1346 1470 1577 1511; x_wconf 88' lang='lat' dir='ltr'><strong>nennen</strong></span> <span class='ocrx_word' id='word_1_120' title='bbox 1624 1449 1718 1512; x_wconf 89' lang='lat' dir='ltr'><strong>die</strong></span> <span class='ocrx_word' id='word_1_121' title='bbox 1754 1449 2159 1510; x_wconf 80' lang='lat' dir='ltr'><strong>homerischen</strong></span> <span class='ocrx_word' id='word_1_122' title='bbox 2199 1449 2484 1510; x_wconf 84' lang='lat' dir='ltr'><strong>Genetive</strong></span> <span class='ocrx_word' id='word_1_123' title='bbox 2522 1451 2632 1510; x_wconf 85' lang='lat' dir='ltr'><strong>auf</strong></span> <span class='ocrx_word' id='word_1_124' title='bbox 2669 1468 2801 1513; x_wconf 86' lang='grc' dir='ltr'>-οιο</span> <span class='ocrx_word' id='word_1_125' title='bbox 2836 1451 2980 1511; x_wconf 83' lang='lat' dir='ltr'><strong>bald</strong></span> <span class='ocrx_word' id='word_1_126' title='bbox 3015 1409 3302 1526; x_wconf 41' lang='lat' dir='ltr'><strong>boetisch,</strong></span> 
     </span>
     <span class='ocr_line' id='line_1_14' title="bbox 685 1539 3301 1620; baseline 0 -20"><span class='ocrx_word' id='word_1_127' title='bbox 685 1588 697 1600; x_wconf 94' lang='lat'>.</span> <span class='ocrx_word' id='word_1_128' title='bbox 729 1589 741 1600; x_wconf 85' lang='lat'><strong>.</strong></span> <span class='ocrx_word' id='word_1_129' title='bbox 782 1542 1022 1617; x_wconf 71' lang='lat' dir='ltr'><strong>aolisch,</strong></span> <span class='ocrx_word' id='word_1_130' title='bbox 1069 1588 1083 1601; x_wconf 89' lang='lat'><strong>.</strong></span> <span class='ocrx_word' id='word_1_131' title='bbox 1114 1588 1127 1602; x_wconf 90' lang='lat'><strong>.</strong></span> <span class='ocrx_word' id='word_1_132' title='bbox 1165 1541 1410 1617; x_wconf 87' lang='lat' dir='ltr'><strong>ionisch,</strong></span> <span class='ocrx_word' id='word_1_133' title='bbox 1460 1589 1472 1600; x_wconf 91' lang='lat'><strong>.</strong></span> <span class='ocrx_word' id='word_1_134' title='bbox 1505 1589 1515 1600; x_wconf 94' lang='lat'>.</span> <span class='ocrx_word' id='word_1_135' title='bbox 1553 1540 1695 1600; x_wconf 88' lang='lat' dir='ltr'><strong>bald</strong></span> <span class='ocrx_word' id='word_1_136' title='bbox 1739 1539 2109 1615; x_wconf 85' lang='lat' dir='ltr'><strong>thessalisch,</strong></span> <span class='ocrx_word' id='word_1_137' title='bbox 2157 1540 2393 1600; x_wconf 88' lang='lat' dir='ltr'><strong>worauf</strong></span> <span class='ocrx_word' id='word_1_138' title='bbox 2422 1560 2532 1620; x_wconf 84' lang='lat' dir='ltr'><strong>gar</strong></span> <span class='ocrx_word' id='word_1_139' title='bbox 2577 1542 2716 1601; x_wconf 83' lang='lat' dir='ltr'><strong>kein</strong></span> <span class='ocrx_word' id='word_1_140' title='bbox 2762 1541 2965 1601; x_wconf 86' lang='lat' dir='ltr'><strong>Werth</strong></span> <span class='ocrx_word' id='word_1_141' title='bbox 3020 1562 3091 1600; x_wconf 90' lang='lat' dir='ltr'><strong>zu</strong></span> <span class='ocrx_word' id='word_1_142' title='bbox 3128 1541 3301 1618; x_wconf 81' lang='lat' dir='ltr'><strong>legen</strong></span> 
     </span>
     <span class='ocr_line' id='line_1_15' title="bbox 681 1622 3301 1712; baseline 0 -20"><span class='ocrx_word' id='word_1_143' title='bbox 681 1626 786 1692; x_wconf 90' lang='lat' dir='ltr'><strong>ist&#39;</strong></span> <span class='ocrx_word' id='word_1_144' title='bbox 833 1632 967 1692; x_wconf 84' lang='lat' dir='ltr'><strong>Mei.</strong></span> <span class='ocrx_word' id='word_1_145' title='bbox 1005 1631 1038 1690; x_wconf 97' lang='lat' dir='ltr'>I</span> <span class='ocrx_word' id='word_1_146' title='bbox 1075 1632 1220 1692; x_wconf 87' lang='grc'><strong>305.</strong></span> <span class='ocrx_word' id='word_1_147' title='bbox 1276 1665 1351 1674; x_wconf 93' lang='grc'>-</span> <span class='ocrx_word' id='word_1_148' title='bbox 1405 1630 1572 1709; x_wconf 81' lang='lat' dir='ltr'><strong>Synt.</strong></span> <span class='ocrx_word' id='word_1_149' title='bbox 1616 1631 1761 1704; x_wconf 87' lang='grc'><strong>105,</strong></span> <span class='ocrx_word' id='word_1_150' title='bbox 1784 1632 1820 1688; x_wconf 91' lang='grc'><strong>7</strong></span> <span class='ocrx_word' id='word_1_151' title='bbox 1878 1625 1918 1704; x_wconf 88' lang='grc' dir='ltr'>ἡ</span> <span class='ocrx_word' id='word_1_152' title='bbox 1975 1629 2137 1701; x_wconf 87' lang='grc' dir='ltr'>γοῦν</span> <span class='ocrx_word' id='word_1_153' title='bbox 2193 1625 2546 1704; x_wconf 87' lang='grc' dir='ltr'>ὁμόφωνος</span> <span class='ocrx_word' id='word_1_154' title='bbox 2602 1628 2856 1706; x_wconf 87' lang='grc' dir='ltr'>κτητικὴ</span> <span class='ocrx_word' id='word_1_155' title='bbox 2914 1622 3068 1712; x_wconf 86' lang='lat' dir='ltr'><strong>(scil.</strong></span> <span class='ocrx_word' id='word_1_156' title='bbox 3113 1623 3301 1712; x_wconf 90' lang='grc' dir='ltr'>ἐμοῦ)</span> 
     </span>
     <span class='ocr_line' id='line_1_16' title="bbox 684 1711 3302 1800; baseline 0 -19"><span class='ocrx_word' id='word_1_157' title='bbox 684 1717 1007 1796; x_wconf 88' lang='grc' dir='ltr'>ὀνόματος</span> <span class='ocrx_word' id='word_1_158' title='bbox 1050 1717 1172 1796; x_wconf 87' lang='grc' dir='ltr'><strong>ἤδη</strong></span> <span class='ocrx_word' id='word_1_159' title='bbox 1221 1719 1297 1782; x_wconf 87' lang='grc' dir='ltr'>τὸ</span> <span class='ocrx_word' id='word_1_160' title='bbox 1344 1717 1530 1782; x_wconf 86' lang='grc' dir='ltr'>τέλος</span> <span class='ocrx_word' id='word_1_161' title='bbox 1585 1714 2080 1794; x_wconf 85' lang='grc' dir='ltr'>ἀναδεδεγμένη,</span> <span class='ocrx_word' id='word_1_162' title='bbox 2131 1714 2234 1794; x_wconf 77' lang='grc' dir='ltr'>ἐφ’</span> <span class='ocrx_word' id='word_1_163' title='bbox 2274 1715 2328 1798; x_wconf 81' lang='grc' dir='ltr'>ᾧ</span> <span class='ocrx_word' id='word_1_164' title='bbox 2367 1711 2565 1800; x_wconf 88' lang='lat' dir='ltr'><strong>(scrib.</strong></span> <span class='ocrx_word' id='word_1_165' title='bbox 2607 1716 2712 1795; x_wconf 78' lang='grc' dir='ltr'>ἐφ’</span> <span class='ocrx_word' id='word_1_166' title='bbox 2756 1716 2824 1798; x_wconf 88' lang='grc' dir='ltr'><strong>ὃ)</strong></span> <span class='ocrx_word' id='word_1_167' title='bbox 2871 1715 2974 1780; x_wconf 82' lang='grc' dir='ltr'><strong>καὶ</strong></span> <span class='ocrx_word' id='word_1_168' title='bbox 3019 1716 3302 1796; x_wconf 86' lang='grc' dir='ltr'>φέρεται,</span> 
     </span>
     <span class='ocr_line' id='line_1_17' title="bbox 685 1804 3299 1883; baseline -0.002 -11"><span class='ocrx_word' id='word_1_169' title='bbox 685 1807 882 1872; x_wconf 89' lang='grc' dir='ltr'>πάλιν</span> <span class='ocrx_word' id='word_1_170' title='bbox 938 1808 1015 1872; x_wconf 88' lang='grc' dir='ltr'>τὸ</span> <span class='ocrx_word' id='word_1_171' title='bbox 1062 1807 1217 1872; x_wconf 88' lang='grc' dir='ltr'>δέον</span> <span class='ocrx_word' id='word_1_172' title='bbox 1265 1806 1613 1873; x_wconf 82' lang='grc' dir='ltr'>ἀνεδέξατο</span> <span class='ocrx_word' id='word_1_173' title='bbox 1673 1805 1834 1869; x_wconf 86' lang='grc' dir='ltr'>κατὰ</span> <span class='ocrx_word' id='word_1_174' title='bbox 1881 1805 1995 1869; x_wconf 87' lang='grc' dir='ltr'><strong>τὰς</strong></span> <span class='ocrx_word' id='word_1_175' title='bbox 2040 1804 2442 1880; x_wconf 86' lang='grc' dir='ltr'>διαλέκτους,</span> <span class='ocrx_word' id='word_1_176' title='bbox 2512 1805 2694 1883; x_wconf 87' lang='grc' dir='ltr'>ἐμοῖο</span> <span class='ocrx_word' id='word_1_177' title='bbox 2750 1806 2839 1870; x_wconf 85' lang='grc' dir='ltr'>ὡς</span> <span class='ocrx_word' id='word_1_178' title='bbox 2896 1808 3139 1871; x_wconf 89' lang='grc' dir='ltr'>καλοῖο.</span> <span class='ocrx_word' id='word_1_179' title='bbox 3220 1809 3299 1869; x_wconf 88' lang='lat' dir='ltr'><strong>ib.</strong></span> 
     </span>
     <span class='ocr_line' id='line_1_18' title="bbox 685 1891 3304 1976; baseline 0 -17"><span class='ocrx_word' id='word_1_180' title='bbox 685 1902 833 1976; x_wconf 91' lang='grc'>222,</span> <span class='ocrx_word' id='word_1_181' title='bbox 857 1902 937 1960; x_wconf 89' lang='grc'><strong>13</strong></span> <span class='ocrx_word' id='word_1_182' title='bbox 1004 1896 1332 1976; x_wconf 92' lang='grc' dir='ltr'>πρόδηλός</span> <span class='ocrx_word' id='word_1_183' title='bbox 1386 1896 1457 1961; x_wconf 86' lang='grc' dir='ltr'>τέ</span> <span class='ocrx_word' id='word_1_184' title='bbox 1512 1895 1639 1960; x_wconf 88' lang='grc' dir='ltr'>ἐςτι</span> <span class='ocrx_word' id='word_1_185' title='bbox 1699 1894 1803 1958; x_wconf 86' lang='grc' dir='ltr'><strong>καὶ</strong></span> <span class='ocrx_word' id='word_1_186' title='bbox 1845 1893 1888 1971; x_wconf 88' lang='grc' dir='ltr'>ἡ</span> <span class='ocrx_word' id='word_1_187' title='bbox 1938 1892 2106 1976; x_wconf 87' lang='grc' dir='ltr'>[ἐμοί</span> <span class='ocrx_word' id='word_1_188' title='bbox 2152 1892 2293 1976; x_wconf 88' lang='lat' dir='ltr'><strong>del.]</strong></span> <span class='ocrx_word' id='word_1_189' title='bbox 2361 1891 2730 1974; x_wconf 87' lang='grc' dir='ltr'>ἀντωνυμία</span> <span class='ocrx_word' id='word_1_190' title='bbox 2793 1896 3304 1974; x_wconf 88' lang='grc' dir='ltr'>ςυνεμπίπτουςα</span> 
     </span>
     <span class='ocr_line' id='line_1_19' title="bbox 682 1979 3301 2070; baseline -0 -20"><span class='ocrx_word' id='word_1_191' title='bbox 682 1988 1072 2070; x_wconf 76' lang='grc' dir='ltr'>πληθυντικῇ</span> <span class='ocrx_word' id='word_1_192' title='bbox 1135 1985 1469 2070; x_wconf 85' lang='grc' dir='ltr'>ςυνάρθρῳ</span> <span class='ocrx_word' id='word_1_193' title='bbox 1535 1980 1734 2070; x_wconf 87' lang='lat' dir='ltr'><strong>(scrib.</strong></span> <span class='ocrx_word' id='word_1_194' title='bbox 1781 1983 2170 2060; x_wconf 83' lang='grc' dir='ltr'>πληθυντικὴ</span> <span class='ocrx_word' id='word_1_195' title='bbox 2189 2037 2209 2057; x_wconf 48' lang='lat' dir='ltr'><strong><em>s</em></strong></span> <span class='ocrx_word' id='word_1_196' title='bbox 2233 1979 2615 2069; x_wconf 85' lang='grc' dir='ltr'>ςύναρθρος)</span> <span class='ocrx_word' id='word_1_197' title='bbox 2681 1985 2785 2050; x_wconf 88' lang='grc' dir='ltr'><strong>καὶ</strong></span> <span class='ocrx_word' id='word_1_198' title='bbox 2847 1989 3066 2069; x_wconf 82' lang='grc' dir='ltr'>δοτικῇ</span> <span class='ocrx_word' id='word_1_199' title='bbox 3128 1984 3301 2070; x_wconf 83' lang='grc' dir='ltr'>ἑνικῇ</span> 
     </span>
     <span class='ocr_line' id='line_1_20' title="bbox 685 2072 2446 2162; baseline -0.002 -21"><span class='ocrx_word' id='word_1_200' title='bbox 685 2072 885 2161; x_wconf 82' lang='lat' dir='ltr'><strong>(scrib.</strong></span> <span class='ocrx_word' id='word_1_201' title='bbox 934 2077 1152 2154; x_wconf 87' lang='grc' dir='ltr'>δοτικὴ</span> <span class='ocrx_word' id='word_1_202' title='bbox 1201 2074 1405 2157; x_wconf 83' lang='grc' dir='ltr'>ἑνικὴ)</span> <span class='ocrx_word' id='word_1_203' title='bbox 1457 2074 1620 2139; x_wconf 88' lang='grc' dir='ltr'>κατὰ</span> <span class='ocrx_word' id='word_1_204' title='bbox 1665 2077 1929 2152; x_wconf 88' lang='grc' dir='ltr'>πρῶτον</span> <span class='ocrx_word' id='word_1_205' title='bbox 1974 2073 2079 2138; x_wconf 89' lang='grc' dir='ltr'><strong>καὶ</strong></span> <span class='ocrx_word' id='word_1_206' title='bbox 2122 2072 2446 2162; x_wconf 87' lang='grc' dir='ltr'>δεύτερον.</span> 
     </span>
    </p>

    <p class='ocr_par' dir='ltr' id='par_1_6' title="bbox 865 2163 1852 2247">
     <span class='ocr_line' id='line_1_21' title="bbox 865 2163 1852 2247; baseline -0.005 -17"><span class='ocrx_word' id='word_1_207' title='bbox 865 2171 966 2244; x_wconf 94' lang='grc'><strong>65,</strong></span> <span class='ocrx_word' id='word_1_208' title='bbox 991 2173 1023 2229; x_wconf 93' lang='grc'><strong>1</strong></span> <span class='ocrx_word' id='word_1_209' title='bbox 1076 2163 1475 2247; x_wconf 87' lang='grc' dir='ltr'>προείρηται]</span> <span class='ocrx_word' id='word_1_210' title='bbox 1527 2169 1629 2242; x_wconf 87' lang='grc'>35,</span> <span class='ocrx_word' id='word_1_211' title='bbox 1652 2170 1738 2227; x_wconf 90' lang='grc'><strong>20</strong></span> <span class='ocrx_word' id='word_1_212' title='bbox 1767 2184 1852 2242; x_wconf 87' lang='lat' dir='ltr'><strong>sq.</strong></span> 
     </span>
    </p>

    <p class='ocr_par' dir='ltr' id='par_1_7' title="bbox 679 2251 3307 4758">
     <span class='ocr_line' id='line_1_22' title="bbox 865 2251 3303 2334; baseline 0 -16"><span class='ocrx_word' id='word_1_213' title='bbox 865 2260 967 2334; x_wconf 88' lang='grc'><strong>65,</strong></span> <span class='ocrx_word' id='word_1_214' title='bbox 993 2263 1022 2319; x_wconf 95' lang='grc'><strong>1</strong></span> <span class='ocrx_word' id='word_1_215' title='bbox 1068 2254 1368 2320; x_wconf 87' lang='grc' dir='ltr'>Λείπεται</span> <span class='ocrx_word' id='word_1_216' title='bbox 1393 2289 1481 2301; x_wconf 89' lang='grc'>-</span> <span class='ocrx_word' id='word_1_217' title='bbox 1513 2260 1549 2317; x_wconf 89' lang='grc'><strong>9</strong></span> <span class='ocrx_word' id='word_1_218' title='bbox 1590 2251 2143 2332; x_wconf 85' lang='grc' dir='ltr'>παρακολουθήςει</span> <span class='ocrx_word' id='word_1_219' title='bbox 2180 2259 2384 2332; x_wconf 87' lang='lat' dir='ltr'><strong>spuria</strong></span> <span class='ocrx_word' id='word_1_220' title='bbox 2421 2275 2547 2318; x_wconf 87' lang='lat' dir='ltr'><strong>esse</strong></span> <span class='ocrx_word' id='word_1_221' title='bbox 2584 2260 2783 2318; x_wconf 88' lang='lat' dir='ltr'><strong>censet</strong></span> <span class='ocrx_word' id='word_1_222' title='bbox 2818 2259 3032 2320; x_wconf 84' lang='lat' dir='ltr'><strong>Matth.</strong></span> <span class='ocrx_word' id='word_1_223' title='bbox 3061 2260 3124 2319; x_wconf 93' lang='grc' dir='ltr'>Π</span> <span class='ocrx_word' id='word_1_224' title='bbox 3155 2261 3303 2334; x_wconf 84' lang='grc'>635,</span> 
     </span>
     <span class='ocr_line' id='line_1_23' title="bbox 679 2340 3304 2428; baseline -0 -19"><span class='ocrx_word' id='word_1_225' title='bbox 679 2349 775 2409; x_wconf 89' lang='lat' dir='ltr'><strong>his</strong></span> <span class='ocrx_word' id='word_1_226' title='bbox 832 2350 1197 2428; x_wconf 78' lang='lat' dir='ltr'><strong>argumentis</strong></span> <span class='ocrx_word' id='word_1_227' title='bbox 1253 2350 1444 2409; x_wconf 84' lang='lat' dir='ltr'><strong>nisus:</strong></span> <span class='ocrx_word' id='word_1_228' title='bbox 1509 2340 1835 2406; x_wconf 72' lang='lat' dir='ltr'><strong>‘Zunachst</strong></span> <span class='ocrx_word' id='word_1_229' title='bbox 1890 2347 1975 2405; x_wconf 81' lang='lat' dir='ltr'><strong>ist</strong></span> <span class='ocrx_word' id='word_1_230' title='bbox 2017 2344 2113 2405; x_wconf 83' lang='lat' dir='ltr'><strong>die</strong></span> <span class='ocrx_word' id='word_1_231' title='bbox 2160 2345 2617 2425; x_wconf 84' lang='lat' dir='ltr'><strong>Fragestellung</strong></span> <span class='ocrx_word' id='word_1_232' title='bbox 2662 2347 2878 2408; x_wconf 74' lang='lat' dir='ltr'><strong>falech:</strong></span> <span class='ocrx_word' id='word_1_233' title='bbox 2942 2351 3037 2409; x_wconf 88' lang='lat' dir='ltr'><strong>ein</strong></span> <span class='ocrx_word' id='word_1_234' title='bbox 3084 2350 3304 2410; x_wconf 88' lang='lat' dir='ltr'><strong>einmal</strong></span> 
     </span>
     <span class='ocr_line' id='line_1_24' title="bbox 682 2429 3304 2517; baseline 0 -19"><span class='ocrx_word' id='word_1_235' title='bbox 682 2438 1129 2517; x_wconf 84' lang='lat' dir='ltr'><strong>geschriebenes</strong></span> <span class='ocrx_word' id='word_1_236' title='bbox 1185 2433 1466 2512; x_wconf 87' lang='grc' dir='ltr'>ἐμαυτοῦ</span> <span class='ocrx_word' id='word_1_237' title='bbox 1522 2436 1619 2496; x_wconf 86' lang='lat' dir='ltr'><strong>nie</strong></span> <span class='ocrx_word' id='word_1_238' title='bbox 1676 2429 1766 2497; x_wconf 87' lang='grc' dir='ltr'>εἰς</span> <span class='ocrx_word' id='word_1_239' title='bbox 1820 2430 2033 2508; x_wconf 84' lang='grc' dir='ltr'>ἁπλῆν</span> <span class='ocrx_word' id='word_1_240' title='bbox 2082 2451 2204 2509; x_wconf 94' lang='grc' dir='ltr'><strong>μου</strong></span> <span class='ocrx_word' id='word_1_241' title='bbox 2252 2431 2825 2512; x_wconf 86' lang='grc' dir='ltr'>μεταλαμβάνεται,</span> <span class='ocrx_word' id='word_1_242' title='bbox 2893 2438 3144 2499; x_wconf 85' lang='lat' dir='ltr'><strong>sondern</strong></span> <span class='ocrx_word' id='word_1_243' title='bbox 3191 2459 3304 2498; x_wconf 86' lang='lat' dir='ltr'><strong>nur</strong></span> 
     </span>
     <span class='ocr_line' id='line_1_25' title="bbox 681 2518 3301 2607; baseline 0.001 -20"><span class='ocrx_word' id='word_1_244' title='bbox 681 2527 1036 2607; x_wconf 71' lang='lat' dir='ltr'><strong>umgekeh1t</strong></span> <span class='ocrx_word' id='word_1_245' title='bbox 1092 2529 1176 2588; x_wconf 85' lang='lat' dir='ltr'><strong>ist</strong></span> <span class='ocrx_word' id='word_1_246' title='bbox 1227 2530 1438 2587; x_wconf 76' lang='lat' dir='ltr'><strong>immet</strong></span> <span class='ocrx_word' id='word_1_247' title='bbox 1493 2546 1611 2586; x_wconf 87' lang='lat' dir='ltr'><strong>von</strong></span> <span class='ocrx_word' id='word_1_248' title='bbox 1656 2527 1819 2585; x_wconf 85' lang='lat' dir='ltr'><strong>einer</strong></span> <span class='ocrx_word' id='word_1_249' title='bbox 1865 2518 2219 2598; x_wconf 79' lang='grc' dir='ltr'>μετάληψις</span> <span class='ocrx_word' id='word_1_250' title='bbox 2266 2525 2566 2585; x_wconf 87' lang='lat' dir='ltr'><strong>einfacher</strong></span> <span class='ocrx_word' id='word_1_251' title='bbox 2609 2525 2863 2587; x_wconf 88' lang='lat' dir='ltr'><strong>Formen</strong></span> <span class='ocrx_word' id='word_1_252' title='bbox 2908 2530 2972 2587; x_wconf 88' lang='lat' dir='ltr'><strong>in</strong></span> <span class='ocrx_word' id='word_1_253' title='bbox 3017 2528 3113 2589; x_wconf 84' lang='lat' dir='ltr'><strong>die</strong></span> <span class='ocrx_word' id='word_1_254' title='bbox 3160 2525 3301 2588; x_wconf 83' lang='grc' dir='ltr'>ςύν·</span> 
     </span>
     <span class='ocr_line' id='line_1_26' title="bbox 683 2610 3301 2692; baseline -0.001 -13"><span class='ocrx_word' id='word_1_255' title='bbox 683 2620 837 2679; x_wconf 88' lang='grc' dir='ltr'>θετα</span> <span class='ocrx_word' id='word_1_256' title='bbox 881 2618 978 2677; x_wconf 89' lang='lat' dir='ltr'><strong>die</strong></span> <span class='ocrx_word' id='word_1_257' title='bbox 1024 2610 1226 2677; x_wconf 83' lang='lat' dir='ltr'><strong>Rede&#39;.</strong></span> <span class='ocrx_word' id='word_1_258' title='bbox 1318 2615 1451 2686; x_wconf 84' lang='lat' dir='ltr'><strong>Qua</strong></span> <span class='ocrx_word' id='word_1_259' title='bbox 1504 2618 1568 2675; x_wconf 89' lang='lat' dir='ltr'><strong>in</strong></span> <span class='ocrx_word' id='word_1_260' title='bbox 1621 2635 1686 2676; x_wconf 93' lang='lat' dir='ltr'><strong>re</strong></span> <span class='ocrx_word' id='word_1_261' title='bbox 1741 2614 1977 2673; x_wconf 79' lang='lat' dir='ltr'><strong>fallitur</strong></span> <span class='ocrx_word' id='word_1_262' title='bbox 2020 2613 2337 2688; x_wconf 71' lang='lat' dir='ltr'><strong>Matthias,</strong></span> <span class='ocrx_word' id='word_1_263' title='bbox 2398 2615 2468 2674; x_wconf 87' lang='lat' dir='ltr'><strong>cf.</strong></span> <span class='ocrx_word' id='word_1_264' title='bbox 2515 2634 2683 2692; x_wconf 89' lang='lat' dir='ltr'><strong>pron.</strong></span> <span class='ocrx_word' id='word_1_265' title='bbox 2734 2618 2837 2692; x_wconf 82' lang='lat'><strong>43,</strong></span> <span class='ocrx_word' id='word_1_266' title='bbox 2861 2619 2941 2676; x_wconf 82' lang='grc'>27</span> <span class='ocrx_word' id='word_1_267' title='bbox 3001 2614 3080 2679; x_wconf 94' lang='grc' dir='ltr'>τό</span> <span class='ocrx_word' id='word_1_268' title='bbox 3126 2633 3195 2678; x_wconf 91' lang='grc' dir='ltr'>τε</span> <span class='ocrx_word' id='word_1_269' title='bbox 3234 2664 3248 2677; x_wconf 89' lang='grc'><strong>.</strong></span> <span class='ocrx_word' id='word_1_270' title='bbox 3287 2665 3301 2677; x_wconf 94' lang='grc'><strong>.</strong></span> 
     </span>
     <span class='ocr_line' id='line_1_27' title="bbox 687 2698 3301 2784; baseline -0.002 -15"><span class='ocrx_word' id='word_1_271' title='bbox 687 2702 750 2769; x_wconf 86' lang='grc' dir='ltr'>οἷ</span> <span class='ocrx_word' id='word_1_272' title='bbox 788 2755 801 2768; x_wconf 96' lang='grc'><strong>.</strong></span> <span class='ocrx_word' id='word_1_273' title='bbox 842 2754 855 2769; x_wconf 92' lang='grc'><strong>.</strong></span> <span class='ocrx_word' id='word_1_274' title='bbox 895 2702 1157 2769; x_wconf 88' lang='grc' dir='ltr'>πάντως</span> <span class='ocrx_word' id='word_1_275' title='bbox 1204 2701 1293 2768; x_wconf 87' lang='grc' dir='ltr'>εἰς</span> <span class='ocrx_word' id='word_1_276' title='bbox 1341 2702 1554 2779; x_wconf 87' lang='grc' dir='ltr'>ἁπλῆν</span> <span class='ocrx_word' id='word_1_277' title='bbox 1601 2698 2010 2778; x_wconf 86' lang='grc' dir='ltr'>ἀντωνυμίαν</span> <span class='ocrx_word' id='word_1_278' title='bbox 2056 2700 2623 2780; x_wconf 85' lang='grc' dir='ltr'>μεταληφθήςεται.</span> <span class='ocrx_word' id='word_1_279' title='bbox 2697 2705 2774 2765; x_wconf 90' lang='lat' dir='ltr'><strong>ib.</strong></span> <span class='ocrx_word' id='word_1_280' title='bbox 2805 2707 2908 2782; x_wconf 86' lang='lat'><strong>43,</strong></span> <span class='ocrx_word' id='word_1_281' title='bbox 2931 2709 3032 2768; x_wconf 87' lang='grc'><strong>32.</strong></span> <span class='ocrx_word' id='word_1_282' title='bbox 3080 2709 3301 2784; x_wconf 88' lang='grc'><strong>45,10.</strong></span> 
     </span>
     <span class='ocr_line' id='line_1_28' title="bbox 684 2788 3307 2873; baseline 0 -16"><span class='ocrx_word' id='word_1_283' title='bbox 684 2799 895 2873; x_wconf 90' lang='grc'>46,18</span> <span class='ocrx_word' id='word_1_284' title='bbox 946 2798 1043 2857; x_wconf 91' lang='lat' dir='ltr'><strong>all.</strong></span> <span class='ocrx_word' id='word_1_285' title='bbox 1136 2796 1418 2857; x_wconf 89' lang='lat' dir='ltr'><strong>Hoersch.</strong></span> <span class='ocrx_word' id='word_1_286' title='bbox 1470 2797 1615 2856; x_wconf 83' lang='lat'>385.</span> <span class='ocrx_word' id='word_1_287' title='bbox 1670 2827 1746 2837; x_wconf 89' lang='lat'>—</span> <span class='ocrx_word' id='word_1_288' title='bbox 1787 2794 1920 2853; x_wconf 87' lang='lat' dir='ltr'><strong>Iam</strong></span> <span class='ocrx_word' id='word_1_289' title='bbox 1965 2796 2187 2872; x_wconf 81' lang='lat' dir='ltr'><strong>pergit:</strong></span> <span class='ocrx_word' id='word_1_290' title='bbox 2234 2788 2725 2871; x_wconf 57' lang='grc' dir='ltr'><strong>ει1ι2,11-49,7</strong></span> <span class='ocrx_word' id='word_1_291' title='bbox 2774 2797 2857 2857; x_wconf 89' lang='lat' dir='ltr'><strong>ist</strong></span> <span class='ocrx_word' id='word_1_292' title='bbox 2901 2798 3096 2858; x_wconf 89' lang='lat' dir='ltr'><strong>ferner</strong></span> <span class='ocrx_word' id='word_1_293' title='bbox 3140 2799 3307 2859; x_wconf 87' lang='lat' dir='ltr'><strong>nicht</strong></span> 
     </span>
     <span class='ocr_line' id='line_1_29' title="bbox 681 2883 3303 2961; baseline 0.001 -14"><span class='ocrx_word' id='word_1_294' title='bbox 681 2908 797 2947; x_wconf 87' lang='lat' dir='ltr'><strong>nur</strong></span> <span class='ocrx_word' id='word_1_295' title='bbox 851 2888 949 2947; x_wconf 91' lang='lat' dir='ltr'><strong>die</strong></span> <span class='ocrx_word' id='word_1_296' title='bbox 1006 2886 1194 2947; x_wconf 87' lang='lat' dir='ltr'><strong>Saehe</strong></span> <span class='ocrx_word' id='word_1_297' title='bbox 1247 2886 1397 2947; x_wconf 76' lang='lat' dir='ltr'><strong>fiber</strong></span> <span class='ocrx_word' id='word_1_298' title='bbox 1448 2885 1545 2946; x_wconf 89' lang='lat' dir='ltr'><strong>die</strong></span> <span class='ocrx_word' id='word_1_299' title='bbox 1608 2883 1791 2944; x_wconf 84' lang='lat' dir='ltr'><strong>dritte</strong></span> <span class='ocrx_word' id='word_1_300' title='bbox 1851 2883 2076 2944; x_wconf 86' lang='lat' dir='ltr'><strong>Person</strong></span> <span class='ocrx_word' id='word_1_301' title='bbox 2137 2887 2416 2961; x_wconf 71' lang='lat' dir='ltr'><strong>erortert‚</strong></span> <span class='ocrx_word' id='word_1_302' title='bbox 2482 2884 2755 2946; x_wconf 83' lang='lat' dir='ltr'><strong>sondem&#39;</strong></span> <span class='ocrx_word' id='word_1_303' title='bbox 2795 2886 2946 2946; x_wconf 86' lang='lat' dir='ltr'><strong>auch</strong></span> <span class='ocrx_word' id='word_1_304' title='bbox 3004 2888 3153 2948; x_wconf 83' lang='lat' dir='ltr'><strong>iiber</strong></span> <span class='ocrx_word' id='word_1_305' title='bbox 3208 2888 3303 2949; x_wconf 89' lang='lat' dir='ltr'><strong>die</strong></span> 
     </span>
     <span class='ocr_line' id='line_1_30' title="bbox 683 2972 3304 3054; baseline 0.001 -17"><span class='ocrx_word' id='word_1_306' title='bbox 683 2979 840 3037; x_wconf 87' lang='lat' dir='ltr'><strong>erste</strong></span> <span class='ocrx_word' id='word_1_307' title='bbox 893 2976 1016 3036; x_wconf 90' lang='lat' dir='ltr'><strong>und</strong></span> <span class='ocrx_word' id='word_1_308' title='bbox 1076 2979 1309 3052; x_wconf 84' lang='lat' dir='ltr'><strong>zweite,</strong></span> <span class='ocrx_word' id='word_1_309' title='bbox 1372 2975 1571 3036; x_wconf 83' lang='lat' dir='ltr'><strong>sodass</strong></span> <span class='ocrx_word' id='word_1_310' title='bbox 1626 2974 1731 3034; x_wconf 87' lang='lat' dir='ltr'><strong>der</strong></span> <span class='ocrx_word' id='word_1_311' title='bbox 1777 2972 2019 3034; x_wconf 86' lang='lat' dir='ltr'><strong>Schluss</strong></span> <span class='ocrx_word' id='word_1_312' title='bbox 2068 2974 2170 3049; x_wconf 85' lang='lat'><strong>65,</strong></span> <span class='ocrx_word' id='word_1_313' title='bbox 2193 2975 2363 3036; x_wconf 85' lang='lat'><strong>6-9</strong></span> <span class='ocrx_word' id='word_1_314' title='bbox 2420 2974 2775 3054; x_wconf 77' lang='lat' dir='ltr'><strong>iiberfiflssig</strong></span> <span class='ocrx_word' id='word_1_315' title='bbox 2831 2979 2940 3052; x_wconf 83' lang='lat' dir='ltr'><strong>ist3</strong></span> <span class='ocrx_word' id='word_1_316' title='bbox 3002 2977 3304 3039; x_wconf 78' lang='lat' dir='ltr'><strong>fiberdiess</strong></span> 
     </span>
     <span class='ocr_line' id='line_1_31' title="bbox 683 3059 3305 3143; baseline 0 -17"><span class='ocrx_word' id='word_1_317' title='bbox 683 3067 827 3126; x_wconf 85' lang='lat' dir='ltr'><strong>aber</strong></span> <span class='ocrx_word' id='word_1_318' title='bbox 880 3065 1085 3126; x_wconf 79' lang='lat' dir='ltr'><strong>wiirde</strong></span> <span class='ocrx_word' id='word_1_319' title='bbox 1141 3065 1325 3125; x_wconf 87' lang='lat' dir='ltr'><strong>durch</strong></span> <span class='ocrx_word' id='word_1_320' title='bbox 1372 3066 1552 3143; x_wconf 87' lang='lat' dir='ltr'><strong>jenen</strong></span> <span class='ocrx_word' id='word_1_321' title='bbox 1610 3062 1850 3124; x_wconf 83' lang='lat' dir='ltr'><strong>Schluss</strong></span> <span class='ocrx_word' id='word_1_322' title='bbox 1898 3064 1967 3140; x_wconf 90' lang='lat' dir='ltr'><strong>ja</strong></span> <span class='ocrx_word' id='word_1_323' title='bbox 2021 3063 2238 3142; x_wconf 84' lang='lat' dir='ltr'><strong>gerade</strong></span> <span class='ocrx_word' id='word_1_324' title='bbox 2291 3064 2388 3124; x_wconf 90' lang='lat' dir='ltr'><strong>die</strong></span> <span class='ocrx_word' id='word_1_325' title='bbox 2445 3059 2798 3139; x_wconf 84' lang='grc' dir='ltr'>μετάληψις</span> <span class='ocrx_word' id='word_1_326' title='bbox 2852 3066 3141 3127; x_wconf 81' lang='lat' dir='ltr'><strong>zwischen</strong></span> <span class='ocrx_word' id='word_1_327' title='bbox 3200 3067 3305 3128; x_wconf 88' lang='lat' dir='ltr'><strong>der</strong></span> 
     </span>
     <span class='ocr_line' id='line_1_32' title="bbox 684 3147 3303 3230; baseline -0.001 -13"><span class='ocrx_word' id='word_1_328' title='bbox 684 3151 1207 3230; x_wconf 88' lang='grc' dir='ltr'>ὀρθοτονουμένη</span> <span class='ocrx_word' id='word_1_329' title='bbox 1257 3151 1414 3228; x_wconf 91' lang='grc' dir='ltr'>ἐμοῦ</span> <span class='ocrx_word' id='word_1_330' title='bbox 1459 3153 1584 3213; x_wconf 88' lang='lat' dir='ltr'><strong>und</strong></span> <span class='ocrx_word' id='word_1_331' title='bbox 1628 3152 1764 3213; x_wconf 89' lang='lat' dir='ltr'><strong>dem</strong></span> <span class='ocrx_word' id='word_1_332' title='bbox 1810 3147 2118 3214; x_wconf 83' lang='grc' dir='ltr'>ςύνθετον</span> <span class='ocrx_word' id='word_1_333' title='bbox 2167 3149 2446 3227; x_wconf 85' lang='grc' dir='ltr'>ἐμαυτοῦ</span> <span class='ocrx_word' id='word_1_334' title='bbox 2493 3156 2794 3230; x_wconf 82' lang='lat' dir='ltr'><strong>erwiesen,</strong></span> <span class='ocrx_word' id='word_1_335' title='bbox 2840 3155 2962 3215; x_wconf 89' lang='lat' dir='ltr'><strong>und</strong></span> <span class='ocrx_word' id='word_1_336' title='bbox 3004 3156 3156 3217; x_wconf 86' lang='lat' dir='ltr'><strong>doch</strong></span> <span class='ocrx_word' id='word_1_337' title='bbox 3191 3157 3303 3217; x_wconf 91' lang='lat' dir='ltr'><strong>soll</strong></span> 
     </span>
     <span class='ocr_line' id='line_1_33' title="bbox 683 3237 3303 3324; baseline 0 -19"><span class='ocrx_word' id='word_1_338' title='bbox 683 3245 901 3324; x_wconf 82' lang='lat' dir='ltr'><strong>gerade</strong></span> <span class='ocrx_word' id='word_1_339' title='bbox 961 3244 1068 3305; x_wconf 83' lang='lat' dir='ltr'><strong>das</strong></span> <span class='ocrx_word' id='word_1_340' title='bbox 1122 3243 1345 3305; x_wconf 88' lang='lat' dir='ltr'><strong>Fehlen</strong></span> <span class='ocrx_word' id='word_1_341' title='bbox 1409 3243 1601 3304; x_wconf 85' lang='lat' dir='ltr'><strong>dieser</strong></span> <span class='ocrx_word' id='word_1_342' title='bbox 1665 3237 2019 3317; x_wconf 86' lang='grc' dir='ltr'>μετάληψις</span> <span class='ocrx_word' id='word_1_343' title='bbox 2080 3241 2413 3320; x_wconf 78' lang='lat' dir='ltr'><strong>begrflndet</strong></span> <span class='ocrx_word' id='word_1_344' title='bbox 2474 3238 2752 3304; x_wconf 84' lang='lat' dir='ltr'><strong>werden&#39;.</strong></span> <span class='ocrx_word' id='word_1_345' title='bbox 2846 3245 3002 3306; x_wconf 88' lang='lat' dir='ltr'><strong>Sane</strong></span> <span class='ocrx_word' id='word_1_346' title='bbox 3067 3245 3303 3323; x_wconf 89' lang='lat' dir='ltr'><strong>quidem</strong></span> 
     </span>
     <span class='ocr_line' id='line_1_34' title="bbox 683 3331 3303 3412; baseline 0.001 -18"><span class='ocrx_word' id='word_1_347' title='bbox 683 3353 867 3412; x_wconf 88' lang='lat' dir='ltr'><strong>supra</strong></span> <span class='ocrx_word' id='word_1_348' title='bbox 903 3336 1007 3409; x_wconf 87' lang='grc'>42,</span> <span class='ocrx_word' id='word_1_349' title='bbox 1032 3336 1312 3408; x_wconf 86' lang='grc'><strong>11-49,</strong></span> <span class='ocrx_word' id='word_1_350' title='bbox 1336 3336 1370 3393; x_wconf 87' lang='grc'>7</span> <span class='ocrx_word' id='word_1_351' title='bbox 1404 3335 1586 3394; x_wconf 89' lang='lat' dir='ltr'><strong>etiam</strong></span> <span class='ocrx_word' id='word_1_352' title='bbox 1621 3332 1818 3411; x_wconf 85' lang='lat' dir='ltr'><strong>prima</strong></span> <span class='ocrx_word' id='word_1_353' title='bbox 1854 3335 1917 3392; x_wconf 91' lang='lat' dir='ltr'><strong>et</strong></span> <span class='ocrx_word' id='word_1_354' title='bbox 1943 3331 2203 3391; x_wconf 86' lang='lat' dir='ltr'><strong>secunda</strong></span> <span class='ocrx_word' id='word_1_355' title='bbox 2228 3350 2379 3409; x_wconf 90' lang='lat' dir='ltr'><strong>pers.</strong></span> <span class='ocrx_word' id='word_1_356' title='bbox 2408 3334 2696 3412; x_wconf 74' lang='lat' dir='ltr'><strong>tangitur,</strong></span> <span class='ocrx_word' id='word_1_357' title='bbox 2742 3333 2844 3394; x_wconf 86' lang='lat' dir='ltr'><strong>sed</strong></span> <span class='ocrx_word' id='word_1_358' title='bbox 2873 3337 3006 3395; x_wconf 89' lang='lat' dir='ltr'><strong>tota</strong></span> <span class='ocrx_word' id='word_1_359' title='bbox 3035 3337 3303 3412; x_wconf 77' lang='lat' dir='ltr'><strong>quaestio</strong></span> 
     </span>
     <span class='ocr_line' id='line_1_35' title="bbox 683 3416 3301 3503; baseline 0 -20"><span class='ocrx_word' id='word_1_360' title='bbox 683 3424 1078 3503; x_wconf 87' lang='lat' dir='ltr'><strong>proficiscitur</strong></span> <span class='ocrx_word' id='word_1_361' title='bbox 1124 3444 1162 3484; x_wconf 86' lang='lat' dir='ltr'><strong>a</strong></span> <span class='ocrx_word' id='word_1_362' title='bbox 1204 3425 1388 3484; x_wconf 83' lang='lat' dir='ltr'><strong>tertia</strong></span> <span class='ocrx_word' id='word_1_363' title='bbox 1434 3425 1537 3499; x_wconf 83' lang='lat'><strong>42,</strong></span> <span class='ocrx_word' id='word_1_364' title='bbox 1561 3427 1637 3483; x_wconf 94' lang='grc'><strong>11</strong></span> <span class='ocrx_word' id='word_1_365' title='bbox 1702 3418 1844 3496; x_wconf 84' lang='grc' dir='ltr'>ἑξῆς</span> <span class='ocrx_word' id='word_1_366' title='bbox 1902 3416 2134 3496; x_wconf 80' lang='grc' dir='ltr'>ῥητέον</span> <span class='ocrx_word' id='word_1_367' title='bbox 2190 3418 2293 3481; x_wconf 85' lang='grc' dir='ltr'><strong>καὶ</strong></span> <span class='ocrx_word' id='word_1_368' title='bbox 2337 3419 2483 3497; x_wconf 88' lang='grc' dir='ltr'>περὶ</span> <span class='ocrx_word' id='word_1_369' title='bbox 2528 3422 2661 3483; x_wconf 88' lang='grc' dir='ltr'>τῶν</span> <span class='ocrx_word' id='word_1_370' title='bbox 2707 3419 2870 3484; x_wconf 88' lang='grc' dir='ltr'>κατὰ</span> <span class='ocrx_word' id='word_1_371' title='bbox 2914 3420 2991 3486; x_wconf 91' lang='grc' dir='ltr'>τὸ</span> <span class='ocrx_word' id='word_1_372' title='bbox 3039 3422 3301 3501; x_wconf 83' lang='grc' dir='ltr'>τρίτον</span> 
     </span>
     <span class='ocr_line' id='line_1_36' title="bbox 684 3509 3301 3589; baseline -0 -14"><span class='ocrx_word' id='word_1_373' title='bbox 684 3510 1039 3589; x_wconf 85' lang='grc' dir='ltr'>πρόςωπον</span> <span class='ocrx_word' id='word_1_374' title='bbox 1104 3509 1708 3589; x_wconf 85' lang='grc' dir='ltr'>ὀρθοτονουμένων;</span> <span class='ocrx_word' id='word_1_375' title='bbox 1774 3510 1987 3571; x_wconf 88' lang='lat' dir='ltr'><strong>deinde</strong></span> <span class='ocrx_word' id='word_1_376' title='bbox 2048 3509 2161 3570; x_wconf 92' lang='lat' dir='ltr'><strong>hoc</strong></span> <span class='ocrx_word' id='word_1_377' title='bbox 2222 3512 2287 3570; x_wconf 87' lang='lat' dir='ltr'><strong>in</strong></span> <span class='ocrx_word' id='word_1_378' title='bbox 2353 3532 2470 3589; x_wconf 90' lang='lat' dir='ltr'><strong>quo</strong></span> <span class='ocrx_word' id='word_1_379' title='bbox 2524 3532 2832 3573; x_wconf 84' lang='lat' dir='ltr'><strong>versamur</strong></span> <span class='ocrx_word' id='word_1_380' title='bbox 2887 3515 3019 3576; x_wconf 89' lang='lat' dir='ltr'><strong>loco</strong></span> <span class='ocrx_word' id='word_1_381' title='bbox 3074 3536 3193 3576; x_wconf 88' lang='lat' dir='ltr'><strong>non</strong></span> <span class='ocrx_word' id='word_1_382' title='bbox 3237 3516 3301 3574; x_wconf 87' lang='lat' dir='ltr'><strong>in</strong></span> 
     </span>
     <span class='ocr_line' id='line_1_37' title="bbox 682 3598 3302 3682; baseline 0.001 -18"><span class='ocrx_word' id='word_1_383' title='bbox 682 3604 1026 3665; x_wconf 88' lang='lat' dir='ltr'><strong>universum</strong></span> <span class='ocrx_word' id='word_1_384' title='bbox 1085 3605 1422 3682; x_wconf 83' lang='lat' dir='ltr'><strong>quaeritur,</strong></span> <span class='ocrx_word' id='word_1_385' title='bbox 1488 3602 1630 3680; x_wconf 86' lang='lat' dir='ltr'><strong>quid</strong></span> <span class='ocrx_word' id='word_1_386' title='bbox 1694 3602 1947 3661; x_wconf 86' lang='lat' dir='ltr'><strong>rationis</strong></span> <span class='ocrx_word' id='word_1_387' title='bbox 2010 3600 2342 3661; x_wconf 75' lang='lat' dir='ltr'><strong>intercedat</strong></span> <span class='ocrx_word' id='word_1_388' title='bbox 2402 3603 2561 3663; x_wconf 90' lang='lat' dir='ltr'><strong>inter</strong></span> <span class='ocrx_word' id='word_1_389' title='bbox 2625 3598 2906 3678; x_wconf 85' lang='grc' dir='ltr'>ἐμαυτοῦ</span> <span class='ocrx_word' id='word_1_390' title='bbox 2967 3601 3126 3679; x_wconf 88' lang='grc' dir='ltr'>ἐμοῦ</span> <span class='ocrx_word' id='word_1_391' title='bbox 3182 3622 3302 3680; x_wconf 88' lang='grc' dir='ltr'><strong>μου</strong></span> 
     </span>
     <span class='ocr_line' id='line_1_38' title="bbox 682 3685 3300 3772; baseline 0 -18"><span class='ocrx_word' id='word_1_392' title='bbox 682 3695 931 3769; x_wconf 90' lang='lat' dir='ltr'><strong>formas,</strong></span> <span class='ocrx_word' id='word_1_393' title='bbox 987 3694 1088 3755; x_wconf 85' lang='lat' dir='ltr'><strong>sed</strong></span> <span class='ocrx_word' id='word_1_394' title='bbox 1137 3694 1282 3772; x_wconf 90' lang='lat' dir='ltr'><strong>quid</strong></span> <span class='ocrx_word' id='word_1_395' title='bbox 1329 3711 1541 3753; x_wconf 87' lang='lat' dir='ltr'><strong>causae</strong></span> <span class='ocrx_word' id='word_1_396' title='bbox 1588 3694 1695 3766; x_wconf 84' lang='lat' dir='ltr'><strong>sit,</strong></span> <span class='ocrx_word' id='word_1_397' title='bbox 1743 3710 1848 3750; x_wconf 86' lang='lat' dir='ltr'><strong>cur</strong></span> <span class='ocrx_word' id='word_1_398' title='bbox 1895 3685 2176 3764; x_wconf 86' lang='grc' dir='ltr'>ἐμαυτοῦ</span> <span class='ocrx_word' id='word_1_399' title='bbox 2221 3695 2629 3768; x_wconf 81' lang='lat' dir='ltr'><strong>possessive</strong></span> <span class='ocrx_word' id='word_1_400' title='bbox 2673 3696 2935 3771; x_wconf 85' lang='lat' dir='ltr'><strong>positum</strong></span> <span class='ocrx_word' id='word_1_401' title='bbox 2982 3714 3116 3755; x_wconf 88' lang='lat' dir='ltr'><strong>eum</strong></span> <span class='ocrx_word' id='word_1_402' title='bbox 3163 3712 3300 3770; x_wconf 89' lang='grc' dir='ltr'>μου,</span> 
     </span>
     <span class='ocr_line' id='line_1_39' title="bbox 682 3778 3300 3860; baseline 0 -17"><span class='ocrx_word' id='word_1_403' title='bbox 682 3803 802 3844; x_wconf 89' lang='lat' dir='ltr'><strong>non</strong></span> <span class='ocrx_word' id='word_1_404' title='bbox 859 3804 994 3844; x_wconf 88' lang='lat' dir='ltr'><strong>cum</strong></span> <span class='ocrx_word' id='word_1_405' title='bbox 1050 3779 1206 3858; x_wconf 89' lang='grc' dir='ltr'>ἐμοῦ</span> <span class='ocrx_word' id='word_1_406' title='bbox 1263 3783 1614 3843; x_wconf 88' lang='lat' dir='ltr'><strong>commutari</strong></span> <span class='ocrx_word' id='word_1_407' title='bbox 1667 3781 1874 3859; x_wconf 85' lang='lat' dir='ltr'><strong>possit.</strong></span> <span class='ocrx_word' id='word_1_408' title='bbox 1967 3778 2097 3839; x_wconf 91' lang='lat' dir='ltr'><strong>Iam</strong></span> <span class='ocrx_word' id='word_1_409' title='bbox 2152 3799 2291 3840; x_wconf 88' lang='lat' dir='ltr'><strong>vero</strong></span> <span class='ocrx_word' id='word_1_410' title='bbox 2338 3799 2520 3859; x_wconf 84' lang='lat' dir='ltr'><strong>supra</strong></span> <span class='ocrx_word' id='word_1_411' title='bbox 2565 3786 2898 3860; x_wconf 85' lang='lat' dir='ltr'><strong>expositum</strong></span> <span class='ocrx_word' id='word_1_412' title='bbox 2944 3787 3061 3860; x_wconf 90' lang='lat' dir='ltr'><strong>est,</strong></span> <span class='ocrx_word' id='word_1_413' title='bbox 3116 3784 3218 3844; x_wconf 91' lang='lat' dir='ltr'><strong>ubi</strong></span> <span class='ocrx_word' id='word_1_414' title='bbox 3261 3780 3300 3858; x_wconf 87' lang='grc' dir='ltr'>ἡ</span> 
     </span>
     <span class='ocr_line' id='line_1_40' title="bbox 684 3864 3301 3953; baseline 0 -20"><span class='ocrx_word' id='word_1_415' title='bbox 684 3872 802 3933; x_wconf 89' lang='grc' dir='ltr'><strong>τοῦ</strong></span> <span class='ocrx_word' id='word_1_416' title='bbox 850 3868 1132 3948; x_wconf 84' lang='grc' dir='ltr'>ῥήματος</span> <span class='ocrx_word' id='word_1_417' title='bbox 1177 3866 1450 3953; x_wconf 77' lang='grc' dir='ltr'>διᾴθεςις</span> <span class='ocrx_word' id='word_1_418' title='bbox 1490 3866 1593 3946; x_wconf 81' lang='grc' dir='ltr'>ἐφ’</span> <span class='ocrx_word' id='word_1_419' title='bbox 1633 3865 1858 3944; x_wconf 80' lang='grc' dir='ltr'>ἕτερον</span> <span class='ocrx_word' id='word_1_420' title='bbox 1900 3864 2253 3943; x_wconf 90' lang='grc' dir='ltr'>πρόςωπον</span> <span class='ocrx_word' id='word_1_421' title='bbox 2291 3866 2383 3931; x_wconf 88' lang='grc' dir='ltr'>οὐ</span> <span class='ocrx_word' id='word_1_422' title='bbox 2422 3868 2742 3944; x_wconf 90' lang='grc' dir='ltr'>ςυντείνει,</span> <span class='ocrx_word' id='word_1_423' title='bbox 2788 3893 2898 3951; x_wconf 89' lang='lat' dir='ltr'><strong>pro</strong></span> <span class='ocrx_word' id='word_1_424' title='bbox 2935 3873 3301 3952; x_wconf 82' lang='lat' dir='ltr'><strong>simplicibus</strong></span> 
     </span>
     <span class='ocr_line' id='line_1_41' title="bbox 684 3949 3301 4044; baseline 0.001 -22"><span class='ocrx_word' id='word_1_425' title='bbox 684 3962 1019 4023; x_wconf 85' lang='lat' dir='ltr'><strong>orthotonis</strong></span> <span class='ocrx_word' id='word_1_426' title='bbox 1083 3955 1175 4044; x_wconf 88' lang='lat' dir='ltr'><strong>(in</strong></span> <span class='ocrx_word' id='word_1_427' title='bbox 1221 3962 1460 4041; x_wconf 84' lang='lat' dir='ltr'><strong>vulgari</strong></span> <span class='ocrx_word' id='word_1_428' title='bbox 1505 3949 1802 4040; x_wconf 85' lang='lat' dir='ltr'><strong>oratione)</strong></span> <span class='ocrx_word' id='word_1_429' title='bbox 1867 3957 2145 4018; x_wconf 83' lang='lat' dir='ltr'><strong>reflexiva</strong></span> <span class='ocrx_word' id='word_1_430' title='bbox 2200 3959 2509 4036; x_wconf 86' lang='lat' dir='ltr'><strong>substitui,</strong></span> <span class='ocrx_word' id='word_1_431' title='bbox 2574 3981 2760 4038; x_wconf 88' lang='lat' dir='ltr'><strong>eaque</strong></span> <span class='ocrx_word' id='word_1_432' title='bbox 2806 3962 2900 4023; x_wconf 83' lang='lat' dir='ltr'><strong>lex</strong></span> <span class='ocrx_word' id='word_1_433' title='bbox 2946 3983 3066 4024; x_wconf 91' lang='lat' dir='ltr'><strong>non</strong></span> <span class='ocrx_word' id='word_1_434' title='bbox 3112 3965 3301 4024; x_wconf 88' lang='lat' dir='ltr'><strong>solum</strong></span> 
     </span>
     <span class='ocr_line' id='line_1_42' title="bbox 684 4048 3302 4130; baseline -0 -17"><span class='ocrx_word' id='word_1_435' title='bbox 684 4052 756 4113; x_wconf 89' lang='lat' dir='ltr'><strong>de</strong></span> <span class='ocrx_word' id='word_1_436' title='bbox 808 4054 1050 4128; x_wconf 76' lang='lat' dir='ltr'><strong>tertiae,</strong></span> <span class='ocrx_word' id='word_1_437' title='bbox 1115 4052 1218 4113; x_wconf 87' lang='lat' dir='ltr'><strong>sed</strong></span> <span class='ocrx_word' id='word_1_438' title='bbox 1265 4054 1445 4112; x_wconf 86' lang='lat' dir='ltr'><strong>etiam</strong></span> <span class='ocrx_word' id='word_1_439' title='bbox 1491 4051 1564 4110; x_wconf 91' lang='lat' dir='ltr'><strong>de</strong></span> <span class='ocrx_word' id='word_1_440' title='bbox 1607 4051 1837 4127; x_wconf 79' lang='lat' dir='ltr'><strong>primae</strong></span> <span class='ocrx_word' id='word_1_441' title='bbox 1884 4048 2290 4126; x_wconf 79' lang='lat' dir='ltr'><strong>secundaeque</strong></span> <span class='ocrx_word' id='word_1_442' title='bbox 2333 4051 2782 4128; x_wconf 89' lang='lat' dir='ltr'><strong>pronominibus</strong></span> <span class='ocrx_word' id='word_1_443' title='bbox 2828 4052 3004 4113; x_wconf 86' lang='lat' dir='ltr'><strong>valet.</strong></span> <span class='ocrx_word' id='word_1_444' title='bbox 3116 4053 3302 4130; x_wconf 87' lang='lat' dir='ltr'><strong>Atqui</strong></span> 
     </span>
     <span class='ocr_line' id='line_1_43' title="bbox 683 4131 3301 4222; baseline 0 -20"><span class='ocrx_word' id='word_1_445' title='bbox 683 4145 1069 4222; x_wconf 82' lang='lat' dir='ltr'><strong>genetivus</strong></span> <span class='ocrx_word' id='word_1_446' title='bbox 1115 4141 1528 4203; x_wconf 87' lang='lat' dir='ltr'><strong>reflexivorum</strong></span> <span class='ocrx_word' id='word_1_447' title='bbox 1575 4131 1934 4220; x_wconf 83' lang='lat' dir='ltr'><strong>(possessive</strong></span> <span class='ocrx_word' id='word_1_448' title='bbox 1978 4131 2308 4222; x_wconf 78' lang='lat' dir='ltr'><strong>adhibitus)</strong></span> <span class='ocrx_word' id='word_1_449' title='bbox 2358 4137 2730 4203; x_wconf 84' lang='grc' dir='ltr'>ςυντείνει</span> <span class='ocrx_word' id='word_1_450' title='bbox 2778 4138 2881 4202; x_wconf 82' lang='grc' dir='ltr'><strong>καὶ</strong></span> <span class='ocrx_word' id='word_1_451' title='bbox 2927 4138 3033 4204; x_wconf 85' lang='grc' dir='ltr'><strong>ἐπὶ</strong></span> <span class='ocrx_word' id='word_1_452' title='bbox 3078 4139 3301 4218; x_wconf 84' lang='grc' dir='ltr'>ἕτερον</span> 
     </span>
     <span class='ocr_line' id='line_1_44' title="bbox 684 4223 3303 4313; baseline 0 -21"><span class='ocrx_word' id='word_1_453' title='bbox 684 4228 1040 4307; x_wconf 89' lang='grc' dir='ltr'>πρόςωπον</span> <span class='ocrx_word' id='word_1_454' title='bbox 1080 4223 1213 4312; x_wconf 85' lang='grc'>(67,</span> <span class='ocrx_word' id='word_1_455' title='bbox 1236 4223 1348 4313; x_wconf 88' lang='grc'>29)</span> <span class='ocrx_word' id='word_1_456' title='bbox 1389 4231 1510 4290; x_wconf 88' lang='lat' dir='ltr'><strong>scil.</strong></span> <span class='ocrx_word' id='word_1_457' title='bbox 1550 4229 1627 4288; x_wconf 87' lang='lat' dir='ltr'><strong>ad</strong></span> <span class='ocrx_word' id='word_1_458' title='bbox 1663 4247 1980 4306; x_wconf 85' lang='lat' dir='ltr'><strong>personam</strong></span> <span class='ocrx_word' id='word_1_459' title='bbox 2016 4230 2287 4306; x_wconf 79' lang='lat' dir='ltr'><strong>possessi,</strong></span> <span class='ocrx_word' id='word_1_460' title='bbox 2334 4249 2521 4306; x_wconf 90' lang='lat' dir='ltr'><strong>eaque</strong></span> <span class='ocrx_word' id='word_1_461' title='bbox 2557 4250 2651 4291; x_wconf 89' lang='lat' dir='ltr'><strong>res</strong></span> <span class='ocrx_word' id='word_1_462' title='bbox 2688 4251 2870 4293; x_wconf 88' lang='lat' dir='ltr'><strong>causa</strong></span> <span class='ocrx_word' id='word_1_463' title='bbox 2906 4251 3032 4293; x_wconf 91' lang='lat' dir='ltr'><strong>esse</strong></span> <span class='ocrx_word' id='word_1_464' title='bbox 3069 4232 3303 4293; x_wconf 88' lang='lat' dir='ltr'><strong>videtur</strong></span> 
     </span>
     <span class='ocr_line' id='line_1_45' title="bbox 685 4316 3299 4399; baseline 0.001 -19"><span class='ocrx_word' id='word_1_465' title='bbox 685 4321 1026 4399; x_wconf 84' lang='lat' dir='ltr'><strong>Apollonio,</strong></span> <span class='ocrx_word' id='word_1_466' title='bbox 1073 4339 1178 4381; x_wconf 87' lang='lat' dir='ltr'><strong>cur</strong></span> <span class='ocrx_word' id='word_1_467' title='bbox 1222 4320 1333 4381; x_wconf 90' lang='lat' dir='ltr'><strong>hoc</strong></span> <span class='ocrx_word' id='word_1_468' title='bbox 1380 4316 1659 4395; x_wconf 90' lang='grc' dir='ltr'>ἐμαυτοῦ</span> <span class='ocrx_word' id='word_1_469' title='bbox 1704 4319 2034 4395; x_wconf 87' lang='lat' dir='ltr'><strong>possessive</strong></span> <span class='ocrx_word' id='word_1_470' title='bbox 2080 4321 2432 4397; x_wconf 88' lang='lat' dir='ltr'><strong>usurpatum</strong></span> <span class='ocrx_word' id='word_1_471' title='bbox 2479 4338 2613 4380; x_wconf 84' lang='lat' dir='ltr'><strong>cum</strong></span> <span class='ocrx_word' id='word_1_472' title='bbox 2659 4338 2782 4396; x_wconf 92' lang='grc' dir='ltr'><strong>μου</strong></span> <span class='ocrx_word' id='word_1_473' title='bbox 2828 4323 3102 4383; x_wconf 85' lang='lat' dir='ltr'><strong>enclitico</strong></span> <span class='ocrx_word' id='word_1_474' title='bbox 3147 4342 3299 4382; x_wconf 86' lang='lat' dir='ltr'><strong>eom-</strong></span> 
     </span>
     <span class='ocr_line' id='line_1_46' title="bbox 684 4404 3300 4487; baseline 0 -17"><span class='ocrx_word' id='word_1_475' title='bbox 684 4414 967 4487; x_wconf 87' lang='lat' dir='ltr'><strong>mutetur,</strong></span> <span class='ocrx_word' id='word_1_476' title='bbox 1014 4430 1134 4470; x_wconf 89' lang='lat' dir='ltr'><strong>non</strong></span> <span class='ocrx_word' id='word_1_477' title='bbox 1180 4412 1575 4470; x_wconf 80' lang='lat' dir='ltr'><strong>commutetur</strong></span> <span class='ocrx_word' id='word_1_478' title='bbox 1620 4427 1754 4468; x_wconf 90' lang='lat' dir='ltr'><strong>cum</strong></span> <span class='ocrx_word' id='word_1_479' title='bbox 1802 4404 1989 4482; x_wconf 91' lang='grc' dir='ltr'>ἐμοῦ,</span> <span class='ocrx_word' id='word_1_480' title='bbox 2040 4407 2198 4483; x_wconf 86' lang='lat' dir='ltr'><strong>quod</strong></span> <span class='ocrx_word' id='word_1_481' title='bbox 2245 4428 2450 4470; x_wconf 87' lang='lat' dir='ltr'><strong>rursus</strong></span> <span class='ocrx_word' id='word_1_482' title='bbox 2497 4404 3079 4486; x_wconf 85' lang='grc' dir='ltr'>ἀντανακλώμενον</span> <span class='ocrx_word' id='word_1_483' title='bbox 3125 4414 3300 4472; x_wconf 87' lang='lat' dir='ltr'><strong>esset:</strong></span> 
     </span>
     <span class='ocr_line' id='line_1_47' title="bbox 685 4494 3300 4579; baseline 0 -19"><span class='ocrx_word' id='word_1_484' title='bbox 685 4500 787 4560; x_wconf 85' lang='lat' dir='ltr'><strong>sed</strong></span> <span class='ocrx_word' id='word_1_485' title='bbox 835 4520 905 4561; x_wconf 88' lang='lat' dir='ltr'><strong>ea</strong></span> <span class='ocrx_word' id='word_1_486' title='bbox 950 4504 1084 4579; x_wconf 84' lang='lat' dir='ltr'><strong>ipsa</strong></span> <span class='ocrx_word' id='word_1_487' title='bbox 1130 4494 1588 4561; x_wconf 85' lang='grc' dir='ltr'>ἀντανάκλαςις</span> <span class='ocrx_word' id='word_1_488' title='bbox 1636 4501 1704 4558; x_wconf 89' lang='lat' dir='ltr'><strong>ut</strong></span> <span class='ocrx_word' id='word_1_489' title='bbox 1747 4496 2069 4572; x_wconf 87' lang='lat' dir='ltr'><strong>indicetur,</strong></span> <span class='ocrx_word' id='word_1_490' title='bbox 2128 4497 2484 4558; x_wconf 87' lang='lat' dir='ltr'><strong>reflexiva</strong></span> <span class='ocrx_word' id='word_1_491' title='bbox 2531 4501 2883 4577; x_wconf 87' lang='lat' dir='ltr'><strong>pronomina</strong></span> <span class='ocrx_word' id='word_1_492' title='bbox 2927 4501 3091 4563; x_wconf 87' lang='lat' dir='ltr'><strong>facta</strong></span> <span class='ocrx_word' id='word_1_493' title='bbox 3135 4504 3195 4562; x_wconf 86' lang='lat' dir='ltr'><strong>et</strong></span> <span class='ocrx_word' id='word_1_494' title='bbox 3237 4500 3300 4560; x_wconf 87' lang='lat' dir='ltr'><strong>in</strong></span> 
     </span>
     <span class='ocr_line' id='line_1_48' title="bbox 688 4586 3301 4669; baseline 0 -19"><span class='ocrx_word' id='word_1_495' title='bbox 688 4586 845 4664; x_wconf 89' lang='grc' dir='ltr'>ἐμοῦ</span> <span class='ocrx_word' id='word_1_496' title='bbox 902 4591 1029 4651; x_wconf 90' lang='lat' dir='ltr'><strong>sim.</strong></span> <span class='ocrx_word' id='word_1_497' title='bbox 1092 4590 1288 4651; x_wconf 89' lang='lat' dir='ltr'><strong>locum</strong></span> <span class='ocrx_word' id='word_1_498' title='bbox 1352 4588 1677 4650; x_wconf 86' lang='lat' dir='ltr'><strong>substituta</strong></span> <span class='ocrx_word' id='word_1_499' title='bbox 1740 4590 1895 4649; x_wconf 90' lang='lat' dir='ltr'><strong>sunt.</strong></span> <span class='ocrx_word' id='word_1_500' title='bbox 2006 4586 2263 4665; x_wconf 84' lang='lat' dir='ltr'><strong>Reliqua</strong></span> <span class='ocrx_word' id='word_1_501' title='bbox 2323 4589 2614 4650; x_wconf 85' lang='lat' dir='ltr'><strong>Matthiae</strong></span> <span class='ocrx_word' id='word_1_502' title='bbox 2679 4595 3034 4669; x_wconf 82' lang='lat' dir='ltr'><strong>argumenta</strong></span> <span class='ocrx_word' id='word_1_503' title='bbox 3097 4591 3301 4653; x_wconf 83' lang='lat' dir='ltr'><strong>afferre</strong></span> 
     </span>
     <span class='ocr_line' id='line_1_49' title="bbox 685 4680 1051 4758; baseline 0 -19"><span class='ocrx_word' id='word_1_504' title='bbox 685 4680 1051 4758; x_wconf 86' lang='lat' dir='ltr'><strong>supersedeo.</strong></span> 
     </span>
    </p>
   </div>
   <div class='ocr_carea' id='block_1_3' title="bbox 683 4812 1110 4820">
    <p class='ocr_par' dir='ltr' id='par_1_8' title="bbox 683 4812 1110 4820">
     <span class='ocr_line' id='line_1_50' title="bbox 683 4812 1110 4820; baseline 0 0"><span class='ocrx_word' id='word_1_505' title='bbox 683 4812 1110 4820; x_wconf 95' lang='lat' dir='ltr'><strong> </strong></span> 
     </span>
    </p>
   </div>
   <div class='ocr_carea' id='block_1_4' title="bbox 689 4885 3305 5031">
    <p class='ocr_par' dir='ltr' id='par_1_9' title="bbox 689 4885 3305 5031">
     <span class='ocr_line' id='line_1_51' title="bbox 863 4885 3305 4956; baseline 0.002 -17"><span class='ocrx_word' id='word_1_506' title='bbox 863 4885 911 4954; x_wconf 75' lang='lat'><strong>‘)</strong></span> <span class='ocrx_word' id='word_1_507' title='bbox 949 4888 1092 4955; x_wconf 79' lang='lat' dir='ltr'><strong>synt.</strong></span> <span class='ocrx_word' id='word_1_508' title='bbox 1136 4891 1256 4949; x_wconf 91' lang='grc'><strong>160,</strong></span> <span class='ocrx_word' id='word_1_509' title='bbox 1278 4891 1308 4939; x_wconf 88' lang='grc'><strong>7</strong></span> <span class='ocrx_word' id='word_1_510' title='bbox 1355 4886 1525 4940; x_wconf 88' lang='lat' dir='ltr'><strong>verba</strong></span> <span class='ocrx_word' id='word_1_511' title='bbox 1572 4890 1661 4941; x_wconf 79' lang='grc' dir='ltr'><strong>καὶ</strong></span> <span class='ocrx_word' id='word_1_512' title='bbox 1706 4887 1999 4954; x_wconf 86' lang='grc' dir='ltr'>διαφόροις</span> <span class='ocrx_word' id='word_1_513' title='bbox 2046 4887 2312 4953; x_wconf 83' lang='grc' dir='ltr'>κτήμαςιν</span> <span class='ocrx_word' id='word_1_514' title='bbox 2358 4885 2544 4951; x_wconf 86' lang='lat' dir='ltr'><strong>deleo,</strong></span> <span class='ocrx_word' id='word_1_515' title='bbox 2596 4890 2662 4941; x_wconf 86' lang='lat' dir='ltr'><strong>ut</strong></span> <span class='ocrx_word' id='word_1_516' title='bbox 2698 4903 2843 4956; x_wconf 86' lang='lat' dir='ltr'><strong>quae</strong></span> <span class='ocrx_word' id='word_1_517' title='bbox 2881 4903 2948 4942; x_wconf 87' lang='lat' dir='ltr'><strong>ex</strong></span> <span class='ocrx_word' id='word_1_518' title='bbox 2986 4888 3025 4942; x_wconf 90' lang='lat'><strong>1.</strong></span> <span class='ocrx_word' id='word_1_519' title='bbox 3052 4896 3084 4942; x_wconf 84' lang='lat'>9</span> <span class='ocrx_word' id='word_1_520' title='bbox 3124 4889 3305 4944; x_wconf 82' lang='lat' dir='ltr'><strong>ascita</strong></span> 
     </span>
     <span class='ocr_line' id='line_1_52' title="bbox 689 4955 3303 5031; baseline 0.002 -20"><span class='ocrx_word' id='word_1_521' title='bbox 689 4955 828 5022; x_wconf 69' lang='lat' dir='ltr'><strong>sint,</strong></span> <span class='ocrx_word' id='word_1_522' title='bbox 851 4961 1013 5023; x_wconf 82' lang='grc'><strong>160,9</strong></span> <span class='ocrx_word' id='word_1_523' title='bbox 1035 4958 1083 5010; x_wconf 82' lang='lat' dir='ltr'>A</span> <span class='ocrx_word' id='word_1_524' title='bbox 1101 4957 1337 5026; x_wconf 85' lang='lat' dir='ltr'><strong>praebet</strong></span> <span class='ocrx_word' id='word_1_525' title='bbox 1355 4958 1668 5026; x_wconf 82' lang='grc' dir='ltr'>ἀδιαφέρει;</span> <span class='ocrx_word' id='word_1_526' title='bbox 1690 4957 2047 5012; x_wconf 87' lang='lat' dir='ltr'><strong>scribendum</strong></span> <span class='ocrx_word' id='word_1_527' title='bbox 2068 4957 2290 5012; x_wconf 87' lang='lat' dir='ltr'><strong>videtur</strong></span> <span class='ocrx_word' id='word_1_528' title='bbox 2308 4958 2603 5027; x_wconf 77' lang='grc' dir='ltr'>ἀδιαφορεῑ</span> <span class='ocrx_word' id='word_1_529' title='bbox 2624 4958 2688 5014; x_wconf 90' lang='lat' dir='ltr'><strong>cl.</strong></span> <span class='ocrx_word' id='word_1_530' title='bbox 2707 4964 2924 5030; x_wconf 78' lang='lat' dir='ltr'><strong>161‚1s;</strong></span> <span class='ocrx_word' id='word_1_531' title='bbox 2944 4977 3101 5031; x_wconf 85' lang='lat' dir='ltr'><strong>pron.</strong></span> <span class='ocrx_word' id='word_1_532' title='bbox 3119 4966 3205 5030; x_wconf 85' lang='grc'>68,</span> <span class='ocrx_word' id='word_1_533' title='bbox 3219 4967 3303 5017; x_wconf 77' lang='grc'><strong>15.</strong></span> 
     </span>
    </p>
   </div>
  </div>
 </body>
</html>
