3738 5530
569 247 610 310 6
745 245 1191 302 Commentarius
1220 245 1448 301 criticus
1477 247 1537 300 et
1563 245 1885 315 exegeticus
1914 245 1971 300 in
2002 245 2290 316 Apollonii
2316 246 2546 316 Dyscoli
2574 246 2786 317 scripta
2812 248 3045 302 minora.

567 415 833 491 πρᾶγμα
878 411 982 475 καὶ
1027 411 1186 489 αὐτὴ
1232 411 1273 489 ἡ
1322 410 1648 488 ὀνομαςία,
1697 408 2078 490 ἀντώνυμον
2126 413 2199 476 δὲ
2246 412 2405 490 αὐτὴ
2451 413 2492 491 ἡ
2541 413 2705 479 λέξις
2750 414 2855 478 καὶ
2892 414 2933 492 ἡ
2971 414 3182 494 φωνή,

566 501 655 567 ώς
700 499 1100 580 προςηγορία
1144 501 1259 578 μὲν
1305 500 1381 564 τὸ
1425 501 1704 578 πρᾶγμα,
1750 501 2222 580 προςηγορικόν
2269 502 2342 566 δὲ
2385 502 2426 580 ἡ
2474 501 2655 568 λέξις.

751 597 812 670 4,
835 598 890 654 7.
913 595 969 654 8.
995 595 1076 653 15
1137 593 1354 652 Forma
1421 587 1619 654 ἰδικός
1681 593 1906 671 legitur
1968 595 2153 654 etiam
2214 614 2382 671 pron.
2429 596 2490 670 8,
2513 597 2621 673 323
2669 598 2863 674 40,4;
2914 599 3184 673 112,19.

567 687 723 760 synt.
773 684 1153 758 230,11.20
1197 684 1260 741 in
1305 681 1484 758 ABG,
1531 683 1739 758 232,4
1787 683 1851 741 in
1896 683 1980 758 A3
2025 684 2246 761 ubique
2290 684 2329 744 b
2376 680 2607 747 εἰδικός
2650 687 2871 763 posuit.
2962 686 3181 747 Assen-

567 775 719 834 titur
785 772 1036 851 EEgger
1097 772 1351 832 Journal
1414 771 1517 832 des
1582 774 1826 833 savants
1877 773 2047 834 1882
2103 793 2163 850 p.
2214 776 2371 850 270,
2432 773 2705 836 itacismo
2768 776 2923 836 hanc
2986 771 3185 838 ἰδικός

565 864 820 926 formam
865 863 1186 939 imputans,
1277 857 1496 922 Ἰδικός
1550 861 1847 940 scriptura
1905 865 1999 922 est
2043 862 2202 940 apud
2248 863 2446 924 DThr.
2494 865 2656 940 33,5
2706 868 2768 926 et
2814 867 2918 940 43,
2939 867 2996 925 3.
3086 867 3184 925 Ad

565 954 764 1013 locum
807 952 1196 1029 posteriorem
1236 950 1476 1011 uberius
1514 950 1586 1010 de
1621 951 1734 1011 hac
1771 953 1964 1013 forma
2000 952 2334 1029 disputavit
2371 952 2636 1032 GUhlig3
2681 955 2785 1032 qui
2821 974 3186 1032 quamquam

571 1061 703 1102 eam
747 1045 1001 1118 utroque
1045 1041 1177 1100 loco
1222 1041 1286 1099 in
1330 1043 1499 1100 textu
1545 1042 1826 1116 servavit,
1872 1044 2072 1102 tamen
2109 1042 2173 1101 in
2209 1042 2329 1101 ind.
2358 1062 2403 1102 s.
2432 1064 2488 1102 v.
2525 1045 2984 1123 cacographiam
3019 1046 3183 1105 dicit.

567 1131 860 1211 Agnoscit
904 1150 1035 1189 eam
1084 1127 1238 1190 Orus
1284 1130 1400 1189 EM
1447 1131 1597 1204 295,
1618 1131 1702 1190 38
1750 1126 1935 1202 Λέγει
1980 1129 2054 1192 δὲ
2101 1127 2139 1191 ὁ
2184 1125 2386 1207 Ὦρος
2432 1127 2532 1193 ὅτι
2577 1129 2653 1193 τὸ
2701 1129 2953 1205 εἰδικόν,
2998 1131 3184 1208 ἡνίκα

568 1219 684 1296 μὲν
730 1215 1013 1295 ςημαίνει
1059 1215 1136 1279 τὸ
1185 1213 1357 1281 εἶδος
1404 1213 1577 1296 (οἷον
1623 1215 1814 1291 γένος
1861 1214 2035 1282 εἶδος
2080 1216 2421 1301 <γενικόν>
2468 1217 2760 1301 εἰδικόν),
2819 1219 2926 1283 διὰ
2971 1223 3084 1298 τῆς
3130 1223 3184 1285 εἰ

568 1306 956 1386 διφθόγγου·
1011 1303 1201 1383 ἡνίκα
1254 1306 1328 1370 δὲ
1382 1305 1458 1368 τὸ
1511 1303 1679 1370 ἴδιον
1745 1303 1919 1387 (οἷον
1966 1307 2185 1371 κοινόν
2232 1307 2489 1389 ἰδικόν),
2551 1308 2658 1372 διὰ
2702 1312 2819 1373 τοῦ
2865 1312 2912 1383 ἰ;
2979 1314 3185 1374 eadem

569 1397 677 1459 AO
723 1399 788 1457 Π
836 1400 1118 1474 207,2Ο,
1181 1398 1402 1458 similia
1459 1399 1730 1473 225‚18.
1852 1398 1967 1458 Sed
2030 1401 2167 1460 vide
2234 1401 2354 1460 alia
2415 1402 2788 1461 testimonia:
2850 1402 2989 1463 HeS.
3037 1422 3081 1462 S.
3129 1425 3184 1463 v.

565 1484 844 1563 Ὄςπρια
888 1485 992 1548 καὶ
1036 1487 1304 1560 γενικῶς
1350 1484 1453 1548 καὶ
1498 1482 1712 1548 ἰδικῶς
1758 1484 2039 1560 λέγεται;
2099 1489 2177 1547 id.
2225 1508 2269 1549 s.
2315 1510 2370 1549 v.
2420 1485 2649 1552 ἰδικῶς.
2741 1491 3009 1570 Utroque
3054 1492 3184 1552 loco

565 1577 900 1637 MSchmidt
955 1577 1314 1654 scripturam
1368 1572 1581 1638 ἰδικῶς
1635 1579 1913 1638 servavit.
2026 1578 2188 1638 Suid„
2246 1574 2458 1641 ἰδικῶς
2516 1577 2896 1656 καταμόνας.
2972 1577 3184 1643 ἰδικῶς

565 1666 916 1746 Bernhardy
980 1669 1041 1727 et
1083 1667 1140 1724 h.
1186 1667 1226 1726 1.
1281 1670 1484 1726 tuetur
1545 1670 1608 1726 et
1664 1686 1709 1727 s.
1768 1688 1822 1726 v.
1869 1663 2214 1743 ἰδιαίτερόν
2273 1664 2674 1745 ἰδικώτερον,
2739 1670 2843 1730 ubi
2909 1671 3186 1732 adnotat:

566 1751 965 1836 ἰδικώτερον]
1018 1750 1141 1816 ‘Sic
1185 1756 1456 1833 Photius,
1500 1775 1608 1815 nec
1655 1756 1974 1833 quicquam
2024 1757 2407 1834 mutandum3
2452 1753 2786 1835 ἰδιώτερον
2826 1758 3183 1838 Oudendorp

566 1847 628 1905 in
667 1847 872 1906 Thom.
912 1846 991 1905 M.
1035 1866 1094 1923 p.
1136 1840 1306 1905 466⁹.
1398 1844 1712 1905 LDindorf
1751 1847 1920 1905 litem
1968 1847 2159 1906 adhuc
2206 1847 2316 1908 sub
2353 1847 2547 1909 iudice
2584 1867 2709 1908 esse
2747 1853 2947 1910 censet
2983 1843 3183 1931 (Thes.

567 1956 612 1996 s.
659 1956 714 1994 v.
764 1931 1050 2012 εἰδικός);
1114 1929 1360 1995 εἰδικῶς
1396 1982 1409 1994 .
1450 1981 1462 1993 .
1499 1954 1610 2011 pro
1667 1930 1842 1996 ἰδίως
1900 1955 1975 1994 an
2021 1939 2180 1997 recte
2226 1937 2514 2014 scriptum
2558 1938 2895 1999 invenerint
2938 1940 3076 2000 Hes.
3125 1944 3187 2000 et

570 2025 736 2084 Suid.
794 2026 902 2084 aut
955 2024 1080 2101 ipse
1127 2025 1506 2101 usurpaverit
1549 2024 1803 2101 Hesych.
1850 2027 1915 2084 in
1961 2026 2161 2104 glossa.
2207 2021 2381 2087 ἰδίως
2428 2023 2666 2100 ἰδικῶς,
2722 2029 2840 2106 ipsi
2888 2024 3186 2089 viderint’.

569 2114 783 2173 Frater
846 2114 970 2172 eius
1025 2113 1366 2173 W'Dindorf
1423 2113 1575 2173 nihil
1638 2115 1899 2175 mutavit
1952 2134 2045 2192 ap.
2101 2116 2477 2175 Athenaeum
2538 2118 2725 2177 299d
2770 2118 2831 2177 H
2875 2138 2933 2195 p.
2976 2121 3183 2194 650,4

572 2199 946 2277 ἰδικώτερον
991 2200 1065 2263 δὲ
1112 2199 1213 2263 καὶ
1258 2198 1393 2263 κατ’
1443 2198 1784 2277 ἐξαίρετον.
1885 2204 2044 2264 Plut.
2091 2204 2164 2264 de
2209 2206 2449 2282 placitis
2494 2207 2707 2283 philos.
2753 2208 2840 2266 IV
2887 2227 2932 2268 c.
2978 2211 3060 2270 10
3108 2204 3187 2269 Οἱ

572 2288 837 2354 (τωικοί
883 2288 1076 2353 πέντε
1123 2288 1239 2353 τὰς
1285 2287 1486 2353 ἰδικὰς
1532 2287 1854 2367 αἰςθήςεις,
1908 2287 2093 2372 ἠως.
2141 2291 2255 2355 τὰς
2303 2290 2552 2367 εἰδικὰς,
2599 2291 2907 2375 speciales'
2953 2298 3185 2358 Beiske.

573 2382 658 2442 Cf.
706 2381 1011 2459 Wyttenb.
1067 2382 1188 2441 ind.
1245 2381 1403 2442 Plut.
1459 2400 1501 2441 s.
1548 2402 1604 2441 v.
1671 2381 1863 2442 Schol.
1921 2384 2166 2460 Dionys.
2224 2383 2311 2443 ed.
2367 2383 2625 2464 Hilgard
2670 2407 2726 2463 p.
2770 2388 2873 2463 28,
2895 2389 2974 2447 17
3043 2384 3187 2448 τινὰ

570 2467 774 2545 ἰδικὴν
840 2466 1142 2532 ὑπόθεςιν
1204 2468 1284 2546 μὴ
1354 2467 1828 2547 ἐπιφερομένην
1895 2469 1968 2533 ἐν
2031 2472 2166 2534 τοῖς
2228 2468 2448 2535 ἄλλοις
2509 2470 2781 2550 μέρεςιν;
2845 2476 2924 2536 ib.
2975 2478 3182 2552 28,22

568 2557 773 2635 ἰδικήν
819 2576 964 2621 τινα
1008 2555 1325 2622 ὑπόθεςιν.
1417 2561 1568 2619 Mihi
1615 2561 1853 2637 quidem
1900 2561 2146 2622 dubium
2182 2581 2303 2622 non
2340 2567 2433 2624 est
2468 2565 2611 2640 quin
2638 2565 2993 2641 Apollonius
3034 2566 3184 2625 eius-

569 2670 684 2727 que
731 2651 1009 2728 aequales
1056 2651 1281 2710 formae
1324 2645 1489 2711 ἴδιος
1533 2651 1788 2710 formam
1834 2646 2031 2713 ἰδικός
2078 2652 2428 2729 adiecerint,
2488 2657 2557 2713 ut
2613 2655 3014 2732 compluribus
3061 2675 3184 2715 sae-

568 2740 717 2800 culis
771 2742 912 2800 ante
967 2742 1192 2800 formae
1251 2736 1466 2816 φίλιος
1513 2740 1767 2802 formam
1813 2738 2066 2817 φιλικός
2112 2741 2465 2803 addiderant
2508 2745 2778 2805 maiores.
2871 2744 3002 2806 Hoc
3048 2765 3185 2807 vero

568 2829 1002 2890 concedendum
1039 2831 1173 2906 erit,
1219 2830 1551 2907 ubicunque
1590 2832 1754 2891 notio
1793 2825 2116 2908 ‘specialis’
2153 2834 2497 2909 requiritur,
2542 2837 2616 2894 ut
2640 2854 2807 2911 pron.
2840 2838 2899 2911 4,
2923 2839 2977 2894 7.
3002 2837 3059 2895 8.
3085 2837 3189 2913 15,

567 2919 655 2979 ibi
700 2920 955 2979 formam
1001 2913 1288 2983 οεἰδικόν’
1332 2919 1734 2999 reponendam
1779 2938 1921 2981 esse.

750 3011 909 3083 4,11
969 3005 1046 3069 τὸ
1111 3005 1233 3083 γὰρ
1284 3042 1366 3051 ——
1421 3011 1500 3068 13
1549 3004 1896 3084 ὁμώνυμον
1959 3009 2119 3070 delet
2181 3012 2391 3071 Matth.
2442 3012 2503 3071 Π
2551 3014 2706 3073 630:
2773 3009 2985 3075 ‘Wozu
3049 3017 3188 3076 aber

567 3098 823 3157 braucht
877 3116 937 3157 es
994 3099 1091 3157 fiir
1146 3102 1330 3159 etwas
1387 3098 1532 3158 eben
1589 3119 1692 3157 zur
1745 3099 2086 3179 Erklarung
2131 3101 2532 3180 Angeffihrtes
2588 3104 2807 3163 wieder
2862 3106 3025 3165 einer
3078 3106 3186 3164 Er·

571 3185 867 3266 klarung?
957 3186 1097 3247 Und
1141 3207 1314 3248 wenn
1360 3191 1544 3248 etwas
1591 3209 1661 3248 zu
1707 3190 1981 3249 erklaren
2026 3209 2179 3266 war,
2242 3209 2308 3251 so
2352 3193 2575 3252 konnte
2622 3211 2683 3252 es
2731 3194 2875 3253 doch
2925 3215 3038 3253 nur
3082 3194 3188 3254 der

573 3276 959 3336 Unterschied
1023 3296 1139 3338 von
1205 3272 1572 3353 ἀμφίβολον
1635 3276 1757 3336 und
1821 3275 2175 3356 ἀμφιβολία
2237 3275 2405 3341 sein’.
2514 3281 2645 3341 Hoc
2699 3282 2898 3359 ipsum
2959 3287 3029 3343 ut
3089 3304 3184 3344 ex-

569 3367 771 3442 plicet,
818 3365 963 3443 quid
1008 3368 1248 3427 intersit
1291 3367 1450 3426 inter
1495 3363 1860 3443 ἀμφίβολον
1909 3372 1972 3429 et
2016 3363 2384 3446 ἀμφιβολία,
2432 3366 2778 3445 ὁμώνυμον
2828 3376 2888 3432 et
2933 3368 3182 3448 ὁμωνυ-

570 3451 695 3529 μία,
743 3457 1014 3532 exempla.
1057 3456 1164 3515 illa
1210 3456 1383 3515 affert
1417 3456 1549 3533 Ap.‚
1593 3476 1770 3534 parce
1817 3462 1887 3517 ut
1933 3460 2085 3519 solet
2128 3460 2324 3520 verbis
2371 3478 2527 3519 usus·
2618 3460 2749 3520 Hoc
2794 3463 2985 3540 igitur
3027 3464 3184 3523 vult:

573 3540 683 3603 ‘Ut
716 3545 1073 3620 indicemus,
1129 3552 1317 3605 unum
1371 3545 1725 3605 vocabulum
1781 3547 2128 3626 ambiguum
2184 3568 2336 3623 esse,
2401 3549 2664 3609 dubitari
2717 3570 2890 3627 posse
2937 3548 3184 3627 οὐκερῶ

570 3637 772 3695 utrum
809 3635 892 3694 sit
928 3631 1046 3695 οὐκ
1083 3631 1211 3710 ἐρῶ
1249 3654 1328 3694 an
1367 3630 1445 3695 οὐ
1483 3635 1649 3710 κερῶ
1697 3628 1893 3718 (pron.
1926 3639 2030 3714 52,
2051 3630 2148 3719 5):
2192 3639 2285 3697 uti
2326 3639 2581 3699 solemus
2620 3659 2763 3699 voce
2800 3635 3182 3718 ἀμφίβολον,

571 3743 690 3783 non
739 3718 1115 3800 ἀμφιβολία,
1181 3744 1332 3801 quae
1386 3728 1598 3801 suapte
1652 3728 1867 3785 natura
1921 3730 2119 3787 totum
2173 3726 2304 3787 τῶν
2366 3722 2749 3804 ἀμφιβόλων
2796 3748 2982 3809 genus
3028 3750 3185 3791 com·

570 3812 878 3891 plectitur.'
960 3813 1092 3873 Iam
1136 3834 1275 3875 vero
1323 3817 1588 3892 opponat
1632 3816 1884 3876 fortasse
1930 3817 2252 3893 quispiam:
2301 3818 2457 3893 quod
2496 3818 2548 3877 si
2584 3819 2672 3877 ita
2709 3820 2807 3895 sit,
2852 3839 2972 3880 non
3007 3820 3184 3880 licere

570 3923 758 3963 unum
806 3902 1104 3979 quoddam
1149 3903 1522 3979 vocabulum,
1567 3905 1734 3963 velut
1779 3900 1928 3976 ἐγώ,
1976 3906 2169 3965 dicere
2216 3900 2639 3982 ἀντωνυμίαν.
2732 3908 2817 3968 At
2862 3901 2965 3993 (δὲ
2999 3911 3189 3989 igitur

569 3993 608 4051 1.
652 3995 734 4051 14
782 4010 903 4051 non
949 3996 1040 4052 est
1083 3984 1465 4073 mutandum)
1513 3994 1597 4054 eis
1643 3993 1886 4053 vocibus
1933 4015 2084 4071 quae
2128 3998 2325 4055 totum
2361 4015 2545 4073 genus
2584 3998 3058 4074 complectuntur
3094 4001 3188 4059 uti

569 4082 711 4141 licet
770 4083 953 4141 etiam
1012 4082 1115 4142 ubi
1173 4083 1245 4142 de
1303 4103 1366 4143 re
1425 4083 1718 4161 singulari
1776 4102 1969 4144 sermo
2024 4088 2141 4159 est,
2206 4102 2322 4143 non
2378 4085 2442 4143 in
2496 4087 2702 4146 vicem.
2793 4089 3006 4166 Itaque
3055 4084 3184 4160 ἐγώ

572 4172 690 4230 dici
751 4174 952 4248 potest
1015 4166 1408 4247 ἀντωνυμία,
1474 4175 1749 4234 universo
1810 4176 2012 4233 autem
2069 4176 2487 4251 pronominum
2548 4177 2749 4253 generi
2808 4197 2926 4238 non
2984 4182 3187 4255 potest

573 4261 802 4338 imponi
847 4280 1062 4321 nomen
1109 4256 1531 4336 ἀντώνυμον’.
1622 4262 2020 4339 Nequaquam
2063 4264 2252 4341 igitur
2287 4264 2469 4325 verba
2503 4265 2612 4325 illa
2649 4262 2725 4326 τὸ
2762 4264 2886 4342 γὰρ
2906 4300 2993 4311 -
3015 4264 3184 4342 ὁμώ-

570 4366 775 4423 νυμον
822 4351 1085 4410 eicienda
1130 4354 1284 4411 sunt.

750 4440 806 4498 5.
883 4439 1139 4500 Omnano
1186 4435 1720 4515 ἀντωνομαςία
1763 4459 1973 4502 nomen
2006 4446 2318 4517 praestare
2362 4446 2607 4514 videtur,
2655 4447 2808 4520 quod
2853 4447 2927 4506 ab
2965 4448 3186 4506 usitata

569 4529 766 4601 forma
818 4522 1091 4605 ὄνομα,
1147 4548 1267 4590 mm
1327 4532 1402 4591 ab
1448 4533 1666 4591 aeolica
1712 4525 1960 4607 ὄνομα
2003 4533 2333 4600 derivatum
2376 4537 2468 4595 sit.
2563 4534 2676 4595 Cwi
2719 4536 2823 4595 hoc
2866 4540 3183 4610 opponunt,

575 4618 732 4677 alias
776 4636 998 4694 quoquc
1039 4619 1264 4693 formas
1310 4637 1340 4679 c
1385 4622 1646 4681 dialectis
1687 4623 1756 4681 in
1799 4638 2156 4683 oommmem
2209 4625 2677 4685 consuetudinem
2721 4626 2961 4684 venisse.
3052 4625 3185 4683 Hoc

573 4723 709 4765 vero
756 4712 1092 4782 armamento
1137 4712 1226 4769 uti
1268 4726 1388 4769 non
1432 4712 1572 4771 licet.
1666 4711 1829 4786 Quae
1876 4714 2029 4771 enim
2066 4731 2095 4772 e
2129 4714 2391 4773 dialectis
2424 4716 2803 4788 irrepsemmt,
2850 4715 3185 4788 simulam

574 4813 696 4855 csse
756 4798 960 4874 solent,
1025 4800 1308 4859 vocabula
1370 4804 1564 4861 autem
1611 4818 1761 4875 quae
1811 4802 1879 4861 in
1936 4818 2273 4876 -ωνυμος
2328 4807 2534 4863 exstuat
2587 4805 2734 4862 satis
2786 4805 2974 4863 „nata
3026 4809 3181 4872 swnt,

574 4886 863 4959 quaedam
906 4888 996 4948 vel
1041 4906 1110 4949 cm
1155 4907 1361 4964 aspero
1406 4891 1620 4967 spiritu
1666 4893 2021 4968 coynoscitur
2066 4894 2285 4953 aeolica
2329 4911 2448 4953 non
2495 4908 2615 4953 esse
2661 4893 2978 4969 4‚18—5,
3002 4894 3057 4951 2.
