3738 5530
629 381 750 445 184
1539 380 1718 431 ΠΕΡΙ
1756 377 2314 432 ΕΠΙΡΡΗΜΔΤΩΝ.

1636 502 1682 539 p.
1710 489 1801 539 ωε,
1830 488 1880 530 ιο
1905 510 1956 519 -
1983 488 2073 536 503,
2100 488 2148 527 31
2178 487 2205 529 b

625 585 860 650 θέςεων
917 583 1413 665 παρελκόμεναῐ,
1481 582 1767 663 καθάπερ
1826 582 2280 663 πλεονάςματα
2336 581 2548 661 οὖςαι,
2615 580 2765 648 οὔτε
2831 583 3007 649 τάςιν
3067 583 3216 648 οὔτε
3269 599 3319 640 20

533 753 556 770 ,
626 685 790 751 ἄλλο
845 708 904 751 τι
969 690 1104 752 τῶν
1160 686 1634 766 παρεπομένων
1703 685 2174 751 ἐναλλάςςουςι.
2260 685 2361 749 καὶ
2428 686 2553 764 γάρ
2617 685 2693 749 τὸ
2753 684 3043 751 ἐναντίος
3101 685 3220 751 ούκ

626 787 955 869 ἀνεβίβαζε
999 788 1117 854 τὸν
1159 787 1376 860 τόνον,
1425 786 1718 868 ὀφεῖλον.
1780 785 1961 867 εἴπερ
1994 786 2114 854 οὖν
2146 787 2472 862 ςύνθετον,
2516 786 2574 851 τί
2608 786 2688 853 οὐ
2727 787 3220 868 ςυμμεταβάλλει

624 891 700 956 τὸ
744 891 955 967 γένος,
1002 890 1164 969 ὅπερ
1207 889 1376 954 ἴδιον
1423 890 1803 967 ςυνθέςεως;
1850 890 1888 954 ὁ
1934 888 2128 954 αὐτὸς
2173 888 2371 965 λόγος
2411 890 2515 954 καὶ
2553 889 2657 954 ἐπὶ
2689 894 2807 955 τοῦ
2848 889 3219 965 ἐναλίγκιος.

558 1006 589 1054 5
628 993 730 1058 καὶ
774 992 849 1057 τὸ
895 992 1109 1057 ἐνέπω
1156 990 1366 1071 ἐκλίθη
1413 993 1504 1058 ὡς
1548 991 1820 1070 ἁπλοῦν,
1868 991 2134 1070 ἤνεπον.
2164 1028 2247 1037 -
2291 989 2545 1057 τούτων
2577 989 2699 1057 οὖν
2728 996 2880 1074 τῇδε
2911 991 3220 1070 ἐχόντων,
3273 1005 3322 1045 2⁵

625 1094 1105 1173 παρελκομένης
1150 1098 1261 1173 τῆς
1307 1093 1377 1160 ἔν
1439 1094 1804 1174 προθέςεως
1861 1093 1931 1159 ἐν
1989 1101 2080 1178 τῷ
2136 1093 2440 1173 ἐναγχός,
2496 1093 2792 1170 περιςςὸν
2848 1093 3219 1172 ἀφιςτάνειν

624 1198 741 1262 τὸν
786 1197 944 1261 κατὰ
988 1197 1062 1261 τὸ
1106 1195 1294 1261 τέλος
1338 1197 1574 1279 τόνον,
1635 1194 1807 1261 ὅπου
1850 1216 1960 1280 γε,
2019 1195 2110 1261 ὡς
2153 1195 2434 1279 ἔφημεν,
2488 1199 2583 1279 τῷ
2628 1195 2844 1279 τύπῳ,
2898 1197 3002 1261 καὶ
3043 1195 3096 1259 εἰ
3139 1195 3220 1275 ἦν

626 1298 971 1378 ςύνθετον,
1020 1296 1215 1378 ἐχρῆν
1260 1296 1609 1366 ὀξυτονεῖν.

796 1397 1022 1463 Οὕτως
1068 1398 1197 1478 ἔχει
1240 1398 1341 1463 καὶ
1383 1400 1459 1464 τὸ
1505 1399 1961 1479 ςυνεχέςτερον
2007 1399 2360 1479 λεγόμενον
2405 1398 2566 1477 παρ’
2608 1399 2772 1463 Ἴωςι
2816 1399 3136 1478 κηγχός,
3181 1399 3219 1463 ὃ

531 1512 591 1560 10
626 1500 697 1565 ἐν
741 1501 879 1565 δυςὶ
922 1501 1129 1580 μέρεςι
1176 1501 1407 1585 λόγου,
1454 1501 1602 1584 <ἐξ>
1661 1501 1942 1567 Ἰωνικοῦ
2001 1521 2069 1566 τε
2112 1506 2229 1566 τοῦ
2290 1507 2365 1585 κῇ
2426 1499 2570 1565 ἀντὶ
2611 1504 2728 1565 τοῦ
2772 1501 2891 1583 πῇ,
2949 1501 3049 1564 καὶ
3102 1503 3221 1565 τοῦ
3272 1512 3324 1554 ⁸0

625 1603 1253 1683 μεταπεπλαςμένου,
1302 1604 1474 1679 λέγω
1518 1606 1637 1668 τοῦ
1682 1603 1903 1687 ἀγχός,
1949 1602 2098 1668 ἴςως
2130 1604 2679 1681 ςυναληλιμμὲνου
2709 1605 2825 1667 τοῦ
2857 1607 2899 1666 ἃ
2929 1601 3017 1667 εἰς
3046 1604 3121 1668 τὸ
3159 1606 3218 1681 ἦ.

793 1703 866 1768 Αἱ
924 1704 1028 1769 διὰ
1071 1708 1190 1770 τοῦ
1234 1691 1345 1769 'be—v
1389 1708 1804 1784 παραχθεῖςαι
1860 1706 2059 1771 λέξεις
2118 1706 2372 1770 τοπικαὶ
2425 1703 2931 1783 ἐπιρρηματικῶς
2984 1705 3100 1782 τὴν
3152 1703 3223 1768 ἐκ
3257 1714 3356 1765 597

625 1805 836 1870 τόπου
893 1806 1099 1885 ςχέςιν
1157 1806 1576 1886 ςημαίνουςιν.
1652 1804 1872 1889 (εἷπον
1936 1808 2007 1872 δὲ
2066 1807 2480 1886 παραχθεῖςαι
2534 1808 2846 1882 τοπικῶς,
2917 1805 3057 1870 ἐπεὶ
3123 1806 3223 1871 καὶ

626 1906 767 1973 ἔνια
820 1907 937 1984 τὴν
994 1906 1193 1986 αὐτὴν
1251 1907 1383 1988 ἔχει
1441 1909 1740 1988 ςημαςίαν
1794 1912 1934 1973 τοῖς
1986 1908 2467 1988 πρωτοτύποις,
2521 1906 2611 1971 ὡς
2654 1906 3045 1989 δεδείξεται.)
3117 1908 3222 1971 καὶ

532 2030 591 2079 15
625 2010 731 2073 διὰ
773 2012 967 2072 τοῦτο
1013 2009 1301 2089 διαφέρει
1357 2010 1458 2084 τὸ,
1488 2010 1634 2088 δίχα
1676 2016 1793 2076 τοῦ
1848 2010 2136 2091 διχόθεν,
2193 2011 2232 2093 ᾗ
2277 2010 2354 2074 τὸ
2413 2010 2528 2088 μὲν
2585 2009 2729 2087 δίχα
2774 2006 2861 2073 εἰς
2906 2009 3026 2074 δύο
3074 2008 3218 2092 ἐςτί,
3271 2030 3298 2071 5

624 2111 702 2176 τὸ
748 2111 821 2176 δὲ
878 2111 1136 2189 διχόθεν
1194 2111 1263 2176 ἐκ
1318 2110 1472 2194 δύο,
1529 2112 1815 2191 καθάπερ
1860 2112 1963 2177 καὶ
2017 2112 2129 2178 ἐπ’
2185 2110 2406 2175 ἄλλων
2452 2113 2862 2190 παραγωγῶν
2907 2111 3065 2190 μετὰ
3107 2113 3222 2174 τοῦ

626 2212 1018 2291 παράγεςθαι
1061 2214 1174 2279 τὰς
1219 2215 1448 2294 φωνὰς
1492 2215 1596 2278 καὶ
1637 2214 1717 2278 τὰ
1762 2214 2129 2294 δηλούμενα
2172 2213 2678 2294 ςυμμεταπίπτει.
2736 2248 2820 2257 -
2875 2213 2977 2276 καὶ
3021 2212 3222 2291 παρά-

626 2334 803 2390 γεται
849 2315 963 2393 μὲν
1008 2314 1048 2392 ἡ
1093 2316 1304 2396 φωνή,
1353 2314 1433 2380 οὐ
1477 2318 1599 2394 μὴν
1643 2317 1719 2381 τὸ
1768 2315 2255 2396 ςημαινόμενον,
2305 2316 2396 2380 ὡς
2440 2314 2551 2378 ἐπ’
2599 2312 2942 2393 ὀνομάτων
2988 2313 3118 2392 ἔχει
3146 2315 3223 2379 τὸ

1287 2415 1599 2497 ἀναγκαίη
1644 2417 1767 2497 γὰρ
1813 2417 2052 2494 ἐπείγει
2096 2417 2162 2502 (τ
2206 2417 2238 2479 ἰ’
2247 2416 2315 2498 3)

524 2521 591 2571 20
629 2501 735 2566 καὶ
3274 2520 3324 2560 ιο

882 2590 1228 2669 παρθενικῇ
1274 2585 1474 2651 εἰκυῖα
1519 2584 1588 2669 (η
1632 2585 1768 2669 20)-

627 2686 727 2751 καὶ
793 2685 869 2751 τὸ
937 2686 1219 2752 Αἰτωλός
1287 2687 1709 2767 Αἰτώλιος,
1787 2687 2036 2769 κάπρος
2105 2688 2465 2770 κάπριος,
2534 2685 2798 2767 ἄπειρος
2860 2685 3225 2770 ἀπείρων,

628 2790 730 2866 καὶ
771 2791 847 2855 τὸ

709 2976 724 2996 ς
1424 2896 1719 2974 πομπῆες
1765 2894 1998 2970 ἀγαυοί
2043 2891 2109 2976 (ν
2156 2892 2286 2975 71),

529 2995 595 3044 25
631 2995 731 3041 και
773 2977 851 3041 τὸ
1381 2986 1400 3008 ⁸
3279 2996 3329 3036 15

885 3061 1179 3139 Ἀῖδωνῆι
1225 3065 1554 3143 προΐαψεν
1600 3065 1670 3146 (Ε
1719 3061 1891 3147 190),

631 3161 732 3246 καὶ
776 3161 881 3226 ἐπὶ
925 3161 1227 3242 ῥημάτων
1272 3163 1678 3243 ἀρδεύειν,
1724 3164 2131 3245 ἀρχεύειν,
2177 3165 2281 3230 καὶ
2323 3163 2434 3227 ἐπ’
2478 3161 2699 3229 ἄλλων
2730 3163 3079 3245 πλειόνων,
3123 3162 3226 3226 καὶ

631 3261 738 3327 ἐπὶ
791 3262 1237 3343 ἐπιρρημάτων
1291 3266 1513 3345 τηνίκα
1566 3271 2033 3350 τηνικαῦτα,
2101 3269 2299 3346 τῆμος
2362 3267 2782 3344 τημοῦτος,
2844 3265 3034 3329 τόςος
3093 3283 3225 3328 το-

633 3365 870 3430 ςόςδε.
930 3367 1047 3431 τὸν
1092 3365 1292 3432 αὐτὸν
1339 3369 1417 3446 δὴ
1462 3367 1709 3446 τρόπον
1754 3369 1856 3433 καὶ
1900 3369 2004 3434 ἐπὶ
2044 3371 2157 3447 τῆς
2195 3367 2613 3447 προκειμένης
2654 3368 3046 3446 παραγωγῆς
3089 3364 3225 3429 ἔςθ’
3276 3382 3329 3421 20

534 3486 600 3534 30
636 3466 745 3531 ὅτε
801 3467 1027 3545 τοπικὴ
1087 3470 1203 3547 μὲν
1258 3469 1508 3550 ἐκφορὰ
1564 3472 1904 3553 δηλοῦται,
1962 3470 2132 3546 λέγω
2190 3470 2260 3535 ἐκ
2311 3469 2550 3548 τύπου,
2609 3468 2742 3533 ἔςθ’
2793 3465 2903 3533 ὅτε
2945 3468 3021 3532 τὸ
3066 3465 3226 3531 αὐτὸ

632 3572 724 3649 τῷ
770 3568 1177 3652 πρωτοτύπῳ
1224 3571 1689 3651 ςημαινόμενον
1734 3572 1928 3651 μένει.

803 3669 1001 3734 Ὅθεν
1046 3672 1197 3748 πρὶν
1242 3672 1280 3751 ἢ
1325 3679 1456 3738 τῶν
1503 3673 1659 3737 κατὰ
1702 3672 1900 3754 μέρος
1944 3671 2264 3755 ἄρξαςθαι,
2309 3672 2702 3750 διαληπτέον
2732 3671 3052 3751 πρότερον
3084 3669 3228 3747 περὶ

633 3775 765 3836 τῶν
811 3769 932 3836 ἀπ’
981 3770 1404 3853 ἀντωνυμιῶν
1449 3775 1948 3858 παραγομένων,
1995 3775 2165 3851 λέγω
2209 3778 2327 3839 τοῦ
2372 3773 2686 3857 ἐμέθεν,
2732 3773 2985 3848 ςέθεν,
3032 3771 3224 3836 ἕθεν.
3278 3788 3331 3828 25

769 3940 985 3993 Anava.
1057 3945 1089 3994 9
1132 3939 1292 3995 Idem
1337 3941 1408 3995 de
1444 3942 1650 4009 κηγχός
1687 3941 1800 3996 dici
1834 3942 2041 4012 potest.
2082 3972 2144 3982 -—
2188 3948 2247 3995 12
2286 3940 2442 4007 Quae
2477 3941 2536 3994 in
2568 3929 2687 3995 ’θἩ
2709 3938 2974 3995 desinunt
3006 3936 3227 4003 localia,

637 4038 746 4091 quo
782 4039 852 4077 ex
887 4023 1011 4077 loco
1048 4023 1186 4092 quid
1221 4027 1514 4080 moveatur
1547 4026 1818 4082 indicant.
1867 4056 1932 4065 —
1992 4031 2051 4079 17
2077 4024 2190 4080 Sed
2224 4027 2292 4079 ut
2322 4026 2382 4078 in
2419 4024 2647 4091 ceteris,
2701 4054 2769 4065 —
2821 4030 2889 4078 30
2929 4022 3014 4077 ita
3054 4023 3227 4076 etiam

636 4109 696 4161 in
739 4106 826 4161 his
872 4109 1004 4162 sunt
1056 4107 1335 4175 quaedam
1381 4126 1572 4176 voees,
1622 4127 1768 4178 quae
1815 4111 2055 4166 eandem
2101 4112 2272 4178 atque
2317 4110 2519 4180 stirpes
2562 4110 2846 4164 notionem
2885 4109 3125 4162 servant,
3162 4136 3230 4147 -

638 4192 807 4330 32u1n
844 4191 1046 4260 quibus
1081 4194 1213 4248 eunt
1245 4194 1490 4264 primum
1525 4195 1860 4264 pronomina
1896 4195 1955 4249 in
1991 4199 2117 4262 θε-ν,
2165 4194 2366 4250 eodem
2401 4193 2569 4248 modo
2605 4194 2817 4261 factae,
2855 4196 2921 4248 ut
2953 4195 2989 4247 ῦ
3022 4194 3082 4246 in
3118 4192 3229 4246 fine

638 4277 699 4331 to
746 4278 898 4343 atur3

775 4427 967 4486 Dmon.
1006 4447 1211 4484 scater.
1284 4436 1331 4490 5.
1367 4448 1436 4486 το
1472 4447 1646 4500 supra.
1678 4430 1775 4487 lin.
1817 4433 1881 4487 Α1
1916 4436 1925 4496 Ι
1959 4437 2039 4488 10.
2075 4432 2130 4488 ἐξ
2170 4430 2298 4485 add.
2335 4431 2371 4485 b
2403 4432 2413 4499 Ι
2446 4436 2524 4488 11.
2571 4434 3084 4498 ςυναλειλημμενον
3120 4430 3164 4482 Α
3217 4429 3224 4495 Ι

645 4518 722 4569 16.
760 4515 1150 4583 παραγωγῶν]
1190 4512 1283 4569 fol.
1326 4520 1417 4569 141
1445 4533 1497 4573 v,
1546 4520 1554 4582 Ι
1603 4521 1685 4568 22.
1723 4517 1795 4570 τὸ
1832 4516 2087 4572 Αἰτωλός
2123 4517 2193 4571 Αι
2226 4517 2286 4568 in
2320 4531 2499 4585 marg.
2543 4517 2602 4581 b,
2639 4531 2749 4569 om.
2790 4517 2855 4569 Αι
2899 4517 2909 4580 Ι
2955 4519 3036 4572 26.
3074 4518 3229 4580 προϊ-

642 4597 809 4664 άψειν
832 4596 1110 4652 Homerns
1139 4602 1149 4662 Ι
1180 4606 1261 4653 30.
1286 4601 1473 4653 τύπου
1498 4599 1619 4667 Ab,
1644 4600 1828 4655 τόπου
1856 4598 2136 4655 GDronke
2168 4601 2177 4668 Ι
2207 4606 2289 4655 31.
2318 4602 2729 4667 ςημαινόμενον
2753 4601 2906 4666 μένει
2931 4596 3229 4667 GDronke‚

641 4734 700 4786 in
736 4733 780 4787 Α
816 4733 1093 4872 ἰά,,1ι;ιιοά
1128 4735 1299 4789 antea
1321 4737 1392 4789 ab
1419 4736 1484 4790 Α1
1513 4734 1789 4804 seriptum
1811 4737 1957 4801 erat,
1996 4736 2080 4790 ita
2103 4751 2323 4790 erasum
2348 4737 2461 4803 est,
2500 4737 2564 4789 ut
2598 4738 2843 4806 supersit
2873 4668 3224 4808 Absseslllvet,

646 4867 706 4922 in
727 4883 904 4937 marg.
941 4848 1331 4938 ςημαινόμενω
1369 4872 1455 4939 Αἳ,
1495 4871 1885 4943 ςημαινομένῳ
1923 4872 2075 4940 μένει
2107 4871 2145 4924 b
