<?xml version="1.0" encoding="UTF-8"?>
<!DOCTYPE html PUBLIC "-//W3C//DTD XHTML 1.0 Transitional//EN"
    "http://www.w3.org/TR/xhtml1/DTD/xhtml1-transitional.dtd">
<html xmlns="http://www.w3.org/1999/xhtml" xml:lang="en" lang="en">
 <head>
  <title>
</title>
<meta http-equiv="Content-Type" content="text/html;charset=utf-8" />
  <meta name='ocr-system' content='tesseract 3.04.00' />
  <meta name='ocr-capabilities' content='ocr_page ocr_carea ocr_par ocr_line ocrx_word'/>
</head>
<body>
  <div class='ocr_page' id='page_1' title='image "./grammaticigraec00unkngoog_0510.png"; bbox 0 0 3738 5530; ppageno 0'>
   <div class='ocr_carea' id='block_1_1' title="bbox 605 258 3115 331">
    <p class='ocr_par' dir='ltr' id='par_1_1' title="bbox 605 258 3115 331">
     <span class='ocr_line' id='line_1_1' title="bbox 605 258 3115 331; baseline -0 -15"><span class='ocrx_word' id='word_1_1' title='bbox 605 261 735 326; x_wconf 79' lang='grc'>216</span> <span class='ocrx_word' id='word_1_2' title='bbox 810 259 1255 315; x_wconf 78' lang='lat' dir='ltr'><strong>Commentarius</strong></span> <span class='ocrx_word' id='word_1_3' title='bbox 1283 259 1509 315; x_wconf 88' lang='lat' dir='ltr'>criticus</span> <span class='ocrx_word' id='word_1_4' title='bbox 1537 260 1597 314; x_wconf 91' lang='lat' dir='ltr'>et</span> <span class='ocrx_word' id='word_1_5' title='bbox 1624 258 1949 328; x_wconf 77' lang='lat' dir='ltr'>exegeticus</span> <span class='ocrx_word' id='word_1_6' title='bbox 1976 260 2039 314; x_wconf 90' lang='lat' dir='ltr'>in</span> <span class='ocrx_word' id='word_1_7' title='bbox 2066 259 2354 330; x_wconf 87' lang='lat' dir='ltr'>Apollonii</span> <span class='ocrx_word' id='word_1_8' title='bbox 2381 259 2612 329; x_wconf 80' lang='lat' dir='ltr'>Dyscoli</span> <span class='ocrx_word' id='word_1_9' title='bbox 2640 260 2854 331; x_wconf 87' lang='lat' dir='ltr'>scripta</span> <span class='ocrx_word' id='word_1_10' title='bbox 2880 259 3115 315; x_wconf 87' lang='lat' dir='ltr'>minora.</span> 
     </span>
    </p>
   </div>
   <div class='ocr_carea' id='block_1_2' title="bbox 595 428 3249 2922">
    <p class='ocr_par' dir='ltr' id='par_1_2' title="bbox 595 428 3237 688">
     <span class='ocr_line' id='line_1_2' title="bbox 595 428 3235 508; baseline -0 -18"><span class='ocrx_word' id='word_1_11' title='bbox 595 450 721 508; x_wconf 76' lang='lat' dir='ltr'>par</span> <span class='ocrx_word' id='word_1_12' title='bbox 758 435 842 490; x_wconf 80' lang='lat' dir='ltr'>est</span> <span class='ocrx_word' id='word_1_13' title='bbox 876 449 1021 491; x_wconf 78' lang='lat' dir='ltr'>cura</span> <span class='ocrx_word' id='word_1_14' title='bbox 1046 431 1541 505; x_wconf 76' lang='lat' dir='ltr'><strong><em>pertractabimus</em></strong></span> <span class='ocrx_word' id='word_1_15' title='bbox 1573 431 1717 506; x_wconf 87' lang='lat'>213,</span> <span class='ocrx_word' id='word_1_16' title='bbox 1743 433 2024 506; x_wconf 82' lang='lat'>1—214,</span> <span class='ocrx_word' id='word_1_17' title='bbox 2047 432 2104 491; x_wconf 85' lang='lat'>3.</span> <span class='ocrx_word' id='word_1_18' title='bbox 2173 430 2258 490; x_wconf 82' lang='lat' dir='ltr'>of.</span> <span class='ocrx_word' id='word_1_19' title='bbox 2290 428 2659 489; x_wconf 86' lang='lat' dir='ltr'>GFSchoem.</span> <span class='ocrx_word' id='word_1_20' title='bbox 2690 430 2831 489; x_wconf 84' lang='lat' dir='ltr'>Red.</span> <span class='ocrx_word' id='word_1_21' title='bbox 2866 432 3235 490; x_wconf 85' lang='grc'><strong>204-222,</strong></span> 
     </span>
     <span class='ocr_line' id='line_1_3' title="bbox 605 517 3237 597; baseline -0.001 -16"><span class='ocrx_word' id='word_1_22' title='bbox 605 520 857 596; x_wconf 80' lang='lat' dir='ltr'>ESterk,</span> <span class='ocrx_word' id='word_1_23' title='bbox 903 521 975 581; x_wconf 93' lang='lat' dir='ltr'>de</span> <span class='ocrx_word' id='word_1_24' title='bbox 1019 520 1591 597; x_wconf 89' lang='lat' dir='ltr'>parapleromaticis,</span> <span class='ocrx_word' id='word_1_25' title='bbox 1635 517 1699 578; x_wconf 90' lang='lat' dir='ltr'>in</span> <span class='ocrx_word' id='word_1_26' title='bbox 1746 518 2010 597; x_wconf 77' lang='lat' dir='ltr'>Symbol.</span> <span class='ocrx_word' id='word_1_27' title='bbox 2059 521 2175 580; x_wconf 86' lang='lat' dir='ltr'>litt.</span> <span class='ocrx_word' id='word_1_28' title='bbox 2222 520 2357 580; x_wconf 86' lang='lat' dir='ltr'>Bat.</span> <span class='ocrx_word' id='word_1_29' title='bbox 2395 521 2511 579; x_wconf 85' lang='lat' dir='ltr'>vol.</span> <span class='ocrx_word' id='word_1_30' title='bbox 2540 520 2660 578; x_wconf 90' lang='lat' dir='ltr'>VII</span> <span class='ocrx_word' id='word_1_31' title='bbox 2704 540 2761 596; x_wconf 89' lang='lat' dir='ltr'>p.</span> <span class='ocrx_word' id='word_1_32' title='bbox 2803 521 3038 580; x_wconf 85' lang='lat'>3—63.</span> <span class='ocrx_word' id='word_1_33' title='bbox 3087 520 3237 579; x_wconf 89' lang='lat' dir='ltr'><strong>VIII</strong></span> 
     </span>
     <span class='ocr_line' id='line_1_4' title="bbox 605 607 3012 688; baseline 0 -20"><span class='ocrx_word' id='word_1_34' title='bbox 605 632 663 688; x_wconf 89' lang='lat' dir='ltr'>p.</span> <span class='ocrx_word' id='word_1_35' title='bbox 705 612 953 685; x_wconf 80' lang='lat'>3—713</span> <span class='ocrx_word' id='word_1_36' title='bbox 999 608 1275 685; x_wconf 86' lang='lat' dir='ltr'>CFJahn,</span> <span class='ocrx_word' id='word_1_37' title='bbox 1320 607 1578 668; x_wconf 86' lang='lat' dir='ltr'>Gramm.</span> <span class='ocrx_word' id='word_1_38' title='bbox 1618 607 1821 669; x_wconf 83' lang='lat' dir='ltr'>Graec.</span> <span class='ocrx_word' id='word_1_39' title='bbox 1871 609 1943 669; x_wconf 91' lang='lat' dir='ltr'>de</span> <span class='ocrx_word' id='word_1_40' title='bbox 1990 613 2282 670; x_wconf 90' lang='lat' dir='ltr'>coniunct.</span> <span class='ocrx_word' id='word_1_41' title='bbox 2330 608 2517 670; x_wconf 85' lang='lat' dir='ltr'>doctr.</span> <span class='ocrx_word' id='word_1_42' title='bbox 2556 608 2779 686; x_wconf 81' lang='lat' dir='ltr'>Gryph.</span> <span class='ocrx_word' id='word_1_43' title='bbox 2824 612 3012 669; x_wconf 83' lang='lat'>1847.</span> 
     </span>
    </p>

    <p class='ocr_par' dir='ltr' id='par_1_3' title="bbox 607 693 3243 2032">
     <span class='ocr_line' id='line_1_5' title="bbox 791 693 3235 773; baseline 0 -15"><span class='ocrx_word' id='word_1_44' title='bbox 791 698 939 759; x_wconf 81' lang='lat' dir='ltr'>Cum</span> <span class='ocrx_word' id='word_1_45' title='bbox 977 719 1047 758; x_wconf 84' lang='lat' dir='ltr'>ex</span> <span class='ocrx_word' id='word_1_46' title='bbox 1091 701 1221 759; x_wconf 84' lang='lat' dir='ltr'>toto</span> <span class='ocrx_word' id='word_1_47' title='bbox 1260 699 1499 758; x_wconf 85' lang='lat' dir='ltr'>exordio</span> <span class='ocrx_word' id='word_1_48' title='bbox 1545 701 1674 758; x_wconf 85' lang='lat' dir='ltr'>tum</span> <span class='ocrx_word' id='word_1_49' title='bbox 1711 718 1783 757; x_wconf 83' lang='lat' dir='ltr'>ex</span> <span class='ocrx_word' id='word_1_50' title='bbox 1827 699 1922 760; x_wconf 88' lang='lat' dir='ltr'>his</span> <span class='ocrx_word' id='word_1_51' title='bbox 1960 699 2157 760; x_wconf 87' lang='lat' dir='ltr'>verbis</span> <span class='ocrx_word' id='word_1_52' title='bbox 2195 694 2559 770; x_wconf 71' lang='grc' dir='ltr'>ἀναγκαίως</span> <span class='ocrx_word' id='word_1_53' title='bbox 2597 694 2688 759; x_wconf 86' lang='grc' dir='ltr'>εἰς</span> <span class='ocrx_word' id='word_1_54' title='bbox 2727 695 3026 773; x_wconf 88' lang='grc' dir='ltr'>ςχολικὴν</span> <span class='ocrx_word' id='word_1_55' title='bbox 3064 693 3235 760; x_wconf 86' lang='grc' dir='ltr'>ἀντι-</span> 
     </span>
     <span class='ocr_line' id='line_1_6' title="bbox 612 780 3233 869; baseline -0.001 -18"><span class='ocrx_word' id='word_1_56' title='bbox 612 786 811 866; x_wconf 85' lang='grc' dir='ltr'>βολὴν</span> <span class='ocrx_word' id='word_1_57' title='bbox 860 785 1243 863; x_wconf 72' lang='grc' dir='ltr'>κατέστημεν</span> <span class='ocrx_word' id='word_1_58' title='bbox 1288 787 1536 846; x_wconf 85' lang='lat' dir='ltr'>EHiller</span> <span class='ocrx_word' id='word_1_59' title='bbox 1582 780 2000 869; x_wconf 85' lang='lat' dir='ltr'>(Quaestiones</span> <span class='ocrx_word' id='word_1_60' title='bbox 2045 789 2472 849; x_wconf 87' lang='lat' dir='ltr'>Herodianeae.</span> <span class='ocrx_word' id='word_1_61' title='bbox 2563 788 2720 848; x_wconf 88' lang='lat' dir='ltr'>Diss.</span> <span class='ocrx_word' id='word_1_62' title='bbox 2768 788 3015 848; x_wconf 90' lang='lat' dir='ltr'>Bonnae</span> <span class='ocrx_word' id='word_1_63' title='bbox 3066 791 3233 848; x_wconf 87' lang='grc'><strong>1866</strong></span> 
     </span>
     <span class='ocr_line' id='line_1_7' title="bbox 608 869 3237 959; baseline 0 -23"><span class='ocrx_word' id='word_1_64' title='bbox 608 900 664 956; x_wconf 90' lang='lat' dir='ltr'>p.</span> <span class='ocrx_word' id='word_1_65' title='bbox 709 869 998 959; x_wconf 84' lang='lat'>50—51)</span> <span class='ocrx_word' id='word_1_66' title='bbox 1061 879 1481 955; x_wconf 85' lang='lat' dir='ltr'>gravissimum</span> <span class='ocrx_word' id='word_1_67' title='bbox 1534 878 1672 937; x_wconf 90' lang='lat' dir='ltr'>duci</span> <span class='ocrx_word' id='word_1_68' title='bbox 1726 896 1897 955; x_wconf 89' lang='lat' dir='ltr'>posse</span> <span class='ocrx_word' id='word_1_69' title='bbox 1952 882 2152 940; x_wconf 89' lang='lat' dir='ltr'>censet</span> <span class='ocrx_word' id='word_1_70' title='bbox 2207 880 2653 956; x_wconf 69' lang='lat' dir='ltr'>argumentum,</span> <span class='ocrx_word' id='word_1_71' title='bbox 2708 897 2826 954; x_wconf 93' lang='lat' dir='ltr'>quo</span> <span class='ocrx_word' id='word_1_72' title='bbox 2880 874 3117 952; x_wconf 85' lang='grc' dir='ltr'>τέχνην</span> <span class='ocrx_word' id='word_1_73' title='bbox 3163 878 3237 938; x_wconf 91' lang='lat' dir='ltr'>ab</span> 
     </span>
     <span class='ocr_line' id='line_1_8' title="bbox 609 967 3236 1046; baseline -0 -18"><span class='ocrx_word' id='word_1_74' title='bbox 609 968 928 1045; x_wconf 88' lang='lat' dir='ltr'>Apollonio</span> <span class='ocrx_word' id='word_1_75' title='bbox 971 968 1370 1044; x_wconf 85' lang='lat' dir='ltr'>conscriptam</span> <span class='ocrx_word' id='word_1_76' title='bbox 1413 987 1531 1027; x_wconf 89' lang='lat' dir='ltr'>non</span> <span class='ocrx_word' id='word_1_77' title='bbox 1561 985 1684 1028; x_wconf 90' lang='lat' dir='ltr'>esse</span> <span class='ocrx_word' id='word_1_78' title='bbox 1725 969 2168 1046; x_wconf 83' lang='lat' dir='ltr'>comprobetur:</span> <span class='ocrx_word' id='word_1_79' title='bbox 2212 968 2325 1028; x_wconf 86' lang='lat' dir='ltr'>tali</span> <span class='ocrx_word' id='word_1_80' title='bbox 2361 969 2519 1027; x_wconf 89' lang='lat' dir='ltr'>enim</span> <span class='ocrx_word' id='word_1_81' title='bbox 2556 967 2733 1027; x_wconf 90' lang='lat' dir='ltr'>modo</span> <span class='ocrx_word' id='word_1_82' title='bbox 2771 968 3066 1028; x_wconf 86' lang='lat' dir='ltr'>neminem</span> <span class='ocrx_word' id='word_1_83' title='bbox 3102 987 3236 1044; x_wconf 89' lang='lat' dir='ltr'>par-</span> 
     </span>
     <span class='ocr_line' id='line_1_9' title="bbox 607 1057 3237 1137; baseline -0.001 -19"><span class='ocrx_word' id='word_1_84' title='bbox 607 1059 858 1118; x_wconf 87' lang='lat' dir='ltr'>ticulam</span> <span class='ocrx_word' id='word_1_85' title='bbox 900 1059 1106 1136; x_wconf 85' lang='lat' dir='ltr'>magni</span> <span class='ocrx_word' id='word_1_86' title='bbox 1142 1059 1336 1133; x_wconf 88' lang='lat' dir='ltr'>operis</span> <span class='ocrx_word' id='word_1_87' title='bbox 1382 1058 1573 1116; x_wconf 85' lang='lat' dir='ltr'>totam</span> <span class='ocrx_word' id='word_1_88' title='bbox 1611 1059 1801 1117; x_wconf 89' lang='lat' dir='ltr'>artem</span> <span class='ocrx_word' id='word_1_89' title='bbox 1839 1060 2296 1137; x_wconf 84' lang='lat' dir='ltr'>grammaticam</span> <span class='ocrx_word' id='word_1_90' title='bbox 2334 1058 2780 1134; x_wconf 87' lang='lat' dir='ltr'>complectentis</span> <span class='ocrx_word' id='word_1_91' title='bbox 2827 1057 3015 1116; x_wconf 84' lang='lat' dir='ltr'>ordiri</span> <span class='ocrx_word' id='word_1_92' title='bbox 3048 1076 3237 1133; x_wconf 88' lang='lat' dir='ltr'>posse.</span> 
     </span>
     <span class='ocr_line' id='line_1_10' title="bbox 609 1145 3238 1223; baseline 0 -17"><span class='ocrx_word' id='word_1_93' title='bbox 609 1148 794 1207; x_wconf 87' lang='lat' dir='ltr'>Plura</span> <span class='ocrx_word' id='word_1_94' title='bbox 848 1148 911 1205; x_wconf 90' lang='lat' dir='ltr'>in</span> <span class='ocrx_word' id='word_1_95' title='bbox 957 1146 1206 1207; x_wconf 87' lang='lat' dir='ltr'>eandem</span> <span class='ocrx_word' id='word_1_96' title='bbox 1260 1148 1619 1206; x_wconf 87' lang='lat' dir='ltr'>sententiam</span> <span class='ocrx_word' id='word_1_97' title='bbox 1664 1147 1819 1206; x_wconf 85' lang='lat' dir='ltr'>dixit</span> <span class='ocrx_word' id='word_1_98' title='bbox 1861 1149 1925 1206; x_wconf 91' lang='lat' dir='ltr'>in</span> <span class='ocrx_word' id='word_1_99' title='bbox 1973 1148 2062 1207; x_wconf 88' lang='lat' dir='ltr'>Fl.</span> <span class='ocrx_word' id='word_1_100' title='bbox 2104 1146 2244 1207; x_wconf 83' lang='lat' dir='ltr'><strong>CIII</strong></span> <span class='ocrx_word' id='word_1_101' title='bbox 2288 1168 2345 1223; x_wconf 87' lang='lat' dir='ltr'>p.</span> <span class='ocrx_word' id='word_1_102' title='bbox 2393 1148 2719 1206; x_wconf 84' lang='lat'>618—22.</span> <span class='ocrx_word' id='word_1_103' title='bbox 2812 1145 2961 1206; x_wconf 86' lang='lat' dir='ltr'>Cum</span> <span class='ocrx_word' id='word_1_104' title='bbox 3006 1146 3238 1207; x_wconf 84' lang='lat' dir='ltr'>Hillero</span> 
     </span>
     <span class='ocr_line' id='line_1_11' title="bbox 610 1235 3240 1313; baseline 0 -17"><span class='ocrx_word' id='word_1_105' title='bbox 610 1239 759 1296; x_wconf 89' lang='lat' dir='ltr'>facit</span> <span class='ocrx_word' id='word_1_106' title='bbox 795 1236 918 1295; x_wconf 86' lang='lat' dir='ltr'>Ska</span> <span class='ocrx_word' id='word_1_107' title='bbox 963 1236 1104 1295; x_wconf 86' lang='lat' dir='ltr'><strong>ibid.</strong></span> <span class='ocrx_word' id='word_1_108' title='bbox 1142 1256 1199 1312; x_wconf 89' lang='lat' dir='ltr'>p.</span> <span class='ocrx_word' id='word_1_109' title='bbox 1233 1237 1360 1295; x_wconf 87' lang='lat'>635</span> <span class='ocrx_word' id='word_1_110' title='bbox 1382 1255 1487 1312; x_wconf 86' lang='lat' dir='ltr'>sq.,</span> <span class='ocrx_word' id='word_1_111' title='bbox 1535 1237 1944 1297; x_wconf 86' lang='lat' dir='ltr'>assentiuntur</span> <span class='ocrx_word' id='word_1_112' title='bbox 1986 1236 2231 1297; x_wconf 88' lang='lat' dir='ltr'>KLehrs</span> <span class='ocrx_word' id='word_1_113' title='bbox 2276 1237 2342 1295; x_wconf 89' lang='lat' dir='ltr'>in</span> <span class='ocrx_word' id='word_1_114' title='bbox 2385 1238 2572 1313; x_wconf 85' lang='lat' dir='ltr'>praef.</span> <span class='ocrx_word' id='word_1_115' title='bbox 2622 1235 2698 1296; x_wconf 89' lang='lat' dir='ltr'>ad</span> <span class='ocrx_word' id='word_1_116' title='bbox 2744 1237 2886 1296; x_wconf 86' lang='lat' dir='ltr'>fasc.</span> <span class='ocrx_word' id='word_1_117' title='bbox 2924 1236 2987 1294; x_wconf 90' lang='lat' dir='ltr'>II</span> <span class='ocrx_word' id='word_1_118' title='bbox 3031 1237 3149 1296; x_wconf 81' lang='lat' dir='ltr'>vol.</span> <span class='ocrx_word' id='word_1_119' title='bbox 3177 1236 3240 1296; x_wconf 92' lang='grc' dir='ltr'>Π</span> 
     </span>
     <span class='ocr_line' id='line_1_12' title="bbox 609 1325 3243 1402; baseline 0 -17"><span class='ocrx_word' id='word_1_120' title='bbox 609 1326 940 1386; x_wconf 85' lang='lat' dir='ltr'>Herodiani</span> <span class='ocrx_word' id='word_1_121' title='bbox 970 1345 1007 1385; x_wconf 90' lang='lat' dir='ltr'>a</span> <span class='ocrx_word' id='word_1_122' title='bbox 1037 1325 1283 1385; x_wconf 85' lang='lat' dir='ltr'>Lentzio</span> <span class='ocrx_word' id='word_1_123' title='bbox 1322 1326 1468 1384; x_wconf 87' lang='lat' dir='ltr'>editi</span> <span class='ocrx_word' id='word_1_124' title='bbox 1505 1346 1560 1402; x_wconf 89' lang='lat' dir='ltr'>p.</span> <span class='ocrx_word' id='word_1_125' title='bbox 1591 1326 1680 1385; x_wconf 91' lang='lat' dir='ltr'>IV</span> <span class='ocrx_word' id='word_1_126' title='bbox 1708 1328 1768 1386; x_wconf 90' lang='lat' dir='ltr'>et</span> <span class='ocrx_word' id='word_1_127' title='bbox 1803 1325 2023 1387; x_wconf 83' lang='lat' dir='ltr'>LOohn</span> <span class='ocrx_word' id='word_1_128' title='bbox 2060 1329 2123 1385; x_wconf 86' lang='lat' dir='ltr'>in</span> <span class='ocrx_word' id='word_1_129' title='bbox 2162 1326 2402 1402; x_wconf 82' lang='lat' dir='ltr'>Encycl.</span> <span class='ocrx_word' id='word_1_130' title='bbox 2430 1326 2574 1385; x_wconf 88' lang='lat' dir='ltr'>real.</span> <span class='ocrx_word' id='word_1_131' title='bbox 2605 1325 2692 1385; x_wconf 87' lang='lat' dir='ltr'>ed.</span> <span class='ocrx_word' id='word_1_132' title='bbox 2722 1325 3243 1402; x_wconf 80' lang='lat' dir='ltr'>Pauly-Wissowa</span> 
     </span>
     <span class='ocr_line' id='line_1_13' title="bbox 610 1407 3243 1497; baseline -0 -21"><span class='ocrx_word' id='word_1_133' title='bbox 610 1416 726 1476; x_wconf 87' lang='lat' dir='ltr'>vol.</span> <span class='ocrx_word' id='word_1_134' title='bbox 765 1414 828 1474; x_wconf 89' lang='lat' dir='ltr'>H</span> <span class='ocrx_word' id='word_1_135' title='bbox 872 1436 929 1492; x_wconf 86' lang='lat' dir='ltr'>p.</span> <span class='ocrx_word' id='word_1_136' title='bbox 974 1416 1341 1475; x_wconf 86' lang='lat'>137-139.</span> <span class='ocrx_word' id='word_1_137' title='bbox 1414 1414 1677 1475; x_wconf 84' lang='lat' dir='ltr'>Mediam</span> <span class='ocrx_word' id='word_1_138' title='bbox 1722 1417 2027 1492; x_wconf 88' lang='lat' dir='ltr'>quandam</span> <span class='ocrx_word' id='word_1_139' title='bbox 2063 1416 2226 1477; x_wconf 77' lang='lat' dir='ltr'>viam</span> <span class='ocrx_word' id='word_1_140' title='bbox 2269 1415 2606 1494; x_wconf 72' lang='lat' dir='ltr'>ingreditur</span> <span class='ocrx_word' id='word_1_141' title='bbox 2642 1416 2930 1475; x_wconf 83' lang='lat' dir='ltr'>Matthias</span> <span class='ocrx_word' id='word_1_142' title='bbox 2968 1407 3108 1497; x_wconf 83' lang='grc' dir='ltr'><strong>(Π),</strong></span> <span class='ocrx_word' id='word_1_143' title='bbox 3154 1417 3243 1475; x_wconf 85' lang='lat' dir='ltr'>ita</span> 
     </span>
     <span class='ocr_line' id='line_1_14' title="bbox 609 1501 3240 1583; baseline 0 -19"><span class='ocrx_word' id='word_1_144' title='bbox 609 1509 813 1564; x_wconf 87' lang='lat' dir='ltr'>tamen</span> <span class='ocrx_word' id='word_1_145' title='bbox 850 1508 920 1563; x_wconf 87' lang='lat' dir='ltr'>ut</span> <span class='ocrx_word' id='word_1_146' title='bbox 964 1505 1095 1581; x_wconf 92' lang='lat' dir='ltr'>ipse</span> <span class='ocrx_word' id='word_1_147' title='bbox 1133 1522 1368 1581; x_wconf 91' lang='lat' dir='ltr'>quoque</span> <span class='ocrx_word' id='word_1_148' title='bbox 1416 1506 1711 1564; x_wconf 73' lang='lat' dir='ltr'>exstitisse</span> <span class='ocrx_word' id='word_1_149' title='bbox 1747 1502 1983 1579; x_wconf 86' lang='grc' dir='ltr'>τέχνην</span> <span class='ocrx_word' id='word_1_150' title='bbox 2030 1501 2466 1581; x_wconf 87' lang='grc' dir='ltr'>γραμματικήν</span> <span class='ocrx_word' id='word_1_151' title='bbox 2502 1504 2813 1581; x_wconf 90' lang='lat' dir='ltr'>Apollonii</span> <span class='ocrx_word' id='word_1_152' title='bbox 2852 1508 3046 1583; x_wconf 88' lang='lat' dir='ltr'>neget.</span> <span class='ocrx_word' id='word_1_153' title='bbox 3119 1505 3240 1565; x_wconf 84' lang='lat' dir='ltr'>Ita-</span> 
     </span>
     <span class='ocr_line' id='line_1_15' title="bbox 611 1586 3241 1676; baseline 0 -23"><span class='ocrx_word' id='word_1_154' title='bbox 611 1615 727 1671; x_wconf 91' lang='lat' dir='ltr'>que</span> <span class='ocrx_word' id='word_1_155' title='bbox 773 1594 1029 1654; x_wconf 88' lang='lat' dir='ltr'>Dronkii</span> <span class='ocrx_word' id='word_1_156' title='bbox 1068 1586 1216 1675; x_wconf 93' lang='lat' dir='ltr'><strong>(III)</strong></span> <span class='ocrx_word' id='word_1_157' title='bbox 1264 1596 1326 1653; x_wconf 84' lang='lat' dir='ltr'>et</span> <span class='ocrx_word' id='word_1_158' title='bbox 1369 1593 1598 1672; x_wconf 83' lang='lat' dir='ltr'>Uhligii</span> <span class='ocrx_word' id='word_1_159' title='bbox 1638 1587 1785 1676; x_wconf 92' lang='lat' dir='ltr'><strong>(III)</strong></span> <span class='ocrx_word' id='word_1_160' title='bbox 1833 1597 2133 1655; x_wconf 89' lang='lat' dir='ltr'>sententia</span> <span class='ocrx_word' id='word_1_161' title='bbox 2176 1595 2477 1671; x_wconf 85' lang='lat' dir='ltr'>plerisque</span> <span class='ocrx_word' id='word_1_162' title='bbox 2522 1597 2668 1654; x_wconf 81' lang='lat' dir='ltr'>viris</span> <span class='ocrx_word' id='word_1_163' title='bbox 2706 1594 2896 1654; x_wconf 88' lang='lat' dir='ltr'>doctis</span> <span class='ocrx_word' id='word_1_164' title='bbox 2941 1613 3060 1654; x_wconf 91' lang='lat' dir='ltr'>non</span> <span class='ocrx_word' id='word_1_165' title='bbox 3105 1613 3241 1670; x_wconf 89' lang='lat' dir='ltr'>pro-</span> 
     </span>
     <span class='ocr_line' id='line_1_16' title="bbox 612 1682 3243 1761; baseline 0 -18"><span class='ocrx_word' id='word_1_166' title='bbox 612 1685 806 1743; x_wconf 88' lang='lat' dir='ltr'>batur.</span> <span class='ocrx_word' id='word_1_167' title='bbox 891 1682 1082 1753; x_wconf 86' lang='lat' dir='ltr'>Quam</span> <span class='ocrx_word' id='word_1_168' title='bbox 1127 1685 1191 1742; x_wconf 91' lang='lat' dir='ltr'>in</span> <span class='ocrx_word' id='word_1_169' title='bbox 1235 1703 1362 1742; x_wconf 90' lang='lat' dir='ltr'>rem</span> <span class='ocrx_word' id='word_1_170' title='bbox 1408 1684 1669 1743; x_wconf 85' lang='lat' dir='ltr'>alienum</span> <span class='ocrx_word' id='word_1_171' title='bbox 1714 1687 1803 1744; x_wconf 88' lang='lat' dir='ltr'>est</span> <span class='ocrx_word' id='word_1_172' title='bbox 1849 1685 1924 1744; x_wconf 91' lang='lat' dir='ltr'>ab</span> <span class='ocrx_word' id='word_1_173' title='bbox 1971 1686 2083 1745; x_wconf 89' lang='lat' dir='ltr'>hoc</span> <span class='ocrx_word' id='word_1_174' title='bbox 2127 1685 2258 1744; x_wconf 87' lang='lat' dir='ltr'>loco</span> <span class='ocrx_word' id='word_1_175' title='bbox 2305 1685 2640 1744; x_wconf 73' lang='lat' dir='ltr'>accuratius</span> <span class='ocrx_word' id='word_1_176' title='bbox 2686 1685 3007 1761; x_wconf 85' lang='lat' dir='ltr'>inquirere,</span> <span class='ocrx_word' id='word_1_177' title='bbox 3051 1703 3243 1760; x_wconf 91' lang='lat' dir='ltr'>neque</span> 
     </span>
     <span class='ocr_line' id='line_1_17' title="bbox 613 1771 3242 1851; baseline 0 -19"><span class='ocrx_word' id='word_1_178' title='bbox 613 1773 944 1851; x_wconf 84' lang='lat' dir='ltr'>quidquam</span> <span class='ocrx_word' id='word_1_179' title='bbox 989 1773 1129 1832; x_wconf 91' lang='lat' dir='ltr'>inde</span> <span class='ocrx_word' id='word_1_180' title='bbox 1176 1771 1253 1832; x_wconf 89' lang='lat' dir='ltr'>ad</span> <span class='ocrx_word' id='word_1_181' title='bbox 1299 1773 1767 1850; x_wconf 84' lang='lat' dir='ltr'>cognoscendam</span> <span class='ocrx_word' id='word_1_182' title='bbox 1812 1774 2122 1850; x_wconf 89' lang='lat' dir='ltr'>Apollonii</span> <span class='ocrx_word' id='word_1_183' title='bbox 2175 1773 2511 1833; x_wconf 85' lang='lat' dir='ltr'>doctrinam</span> <span class='ocrx_word' id='word_1_184' title='bbox 2564 1773 2886 1833; x_wconf 84' lang='lat' dir='ltr'>redundat:</span> <span class='ocrx_word' id='word_1_185' title='bbox 2939 1773 3053 1832; x_wconf 91' lang='lat' dir='ltr'>hoc</span> <span class='ocrx_word' id='word_1_186' title='bbox 3103 1793 3242 1833; x_wconf 81' lang='lat' dir='ltr'>vero</span> 
     </span>
     <span class='ocr_line' id='line_1_18' title="bbox 614 1862 3243 1941; baseline -0 -19"><span class='ocrx_word' id='word_1_187' title='bbox 614 1865 869 1937; x_wconf 87' lang='lat' dir='ltr'>constat,</span> <span class='ocrx_word' id='word_1_188' title='bbox 906 1865 1013 1939; x_wconf 90' lang='lat' dir='ltr'>qui</span> <span class='ocrx_word' id='word_1_189' title='bbox 1049 1863 1174 1921; x_wconf 89' lang='lat' dir='ltr'>eius</span> <span class='ocrx_word' id='word_1_190' title='bbox 1212 1863 1437 1938; x_wconf 88' lang='lat' dir='ltr'>scripta</span> <span class='ocrx_word' id='word_1_191' title='bbox 1475 1865 1534 1921; x_wconf 90' lang='lat' dir='ltr'>et</span> <span class='ocrx_word' id='word_1_192' title='bbox 1568 1863 1910 1941; x_wconf 84' lang='lat' dir='ltr'>fragmenta</span> <span class='ocrx_word' id='word_1_193' title='bbox 1942 1862 2210 1923; x_wconf 80' lang='lat' dir='ltr'>editurus</span> <span class='ocrx_word' id='word_1_194' title='bbox 2246 1864 2344 1939; x_wconf 86' lang='lat' dir='ltr'>sit,</span> <span class='ocrx_word' id='word_1_195' title='bbox 2382 1883 2517 1923; x_wconf 90' lang='lat' dir='ltr'>eum</span> <span class='ocrx_word' id='word_1_196' title='bbox 2554 1864 2816 1939; x_wconf 83' lang='lat' dir='ltr'>aliquem</span> <span class='ocrx_word' id='word_1_197' title='bbox 2853 1862 3120 1923; x_wconf 86' lang='lat' dir='ltr'>ordinem</span> <span class='ocrx_word' id='word_1_198' title='bbox 3156 1881 3243 1923; x_wconf 89' lang='lat' dir='ltr'>se-</span> 
     </span>
     <span class='ocr_line' id='line_1_19' title="bbox 615 1952 3240 2032; baseline 0 -21"><span class='ocrx_word' id='word_1_199' title='bbox 615 1955 719 2028; x_wconf 91' lang='lat' dir='ltr'>qui</span> <span class='ocrx_word' id='word_1_200' title='bbox 763 1970 998 2011; x_wconf 89' lang='lat' dir='ltr'>necesse</span> <span class='ocrx_word' id='word_1_201' title='bbox 1036 1970 1180 2025; x_wconf 89' lang='lat' dir='ltr'>esse,</span> <span class='ocrx_word' id='word_1_202' title='bbox 1225 1954 1287 2010; x_wconf 88' lang='lat' dir='ltr'>et</span> <span class='ocrx_word' id='word_1_203' title='bbox 1321 1955 1600 2010; x_wconf 89' lang='lat' dir='ltr'>naturam</span> <span class='ocrx_word' id='word_1_204' title='bbox 1636 1953 1789 2012; x_wconf 89' lang='lat' dir='ltr'>ferre</span> <span class='ocrx_word' id='word_1_205' title='bbox 1826 1955 1898 2012; x_wconf 90' lang='lat' dir='ltr'>ut</span> <span class='ocrx_word' id='word_1_206' title='bbox 1930 1954 1996 2012; x_wconf 92' lang='lat' dir='ltr'>in</span> <span class='ocrx_word' id='word_1_207' title='bbox 2032 1953 2144 2012; x_wconf 90' lang='lat' dir='ltr'>hoc</span> <span class='ocrx_word' id='word_1_208' title='bbox 2179 1956 2420 2032; x_wconf 85' lang='lat' dir='ltr'>negotio</span> <span class='ocrx_word' id='word_1_209' title='bbox 2458 1952 2750 2013; x_wconf 76' lang='lat' dir='ltr'>Prisciani</span> <span class='ocrx_word' id='word_1_210' title='bbox 2786 1953 2949 2013; x_wconf 82' lang='lat' dir='ltr'>viam</span> <span class='ocrx_word' id='word_1_211' title='bbox 2984 1952 3240 2013; x_wconf 74' lang='lat' dir='ltr'>insistat</span> 
     </span>
    </p>

    <p class='ocr_par' dir='ltr' id='par_1_4' title="bbox 600 2036 3242 2210">
     <span class='ocr_line' id='line_1_20' title="bbox 797 2036 3242 2122; baseline 0 -22"><span class='ocrx_word' id='word_1_212' title='bbox 797 2042 1044 2115; x_wconf 82' lang='lat'>213‚11</span> <span class='ocrx_word' id='word_1_213' title='bbox 1096 2040 1298 2119; x_wconf 80' lang='lat' dir='ltr'>Egger</span> <span class='ocrx_word' id='word_1_214' title='bbox 1342 2040 1455 2117; x_wconf 88' lang='lat' dir='ltr'>Ap.</span> <span class='ocrx_word' id='word_1_215' title='bbox 1509 2043 1664 2121; x_wconf 80' lang='lat'>2033</span> <span class='ocrx_word' id='word_1_216' title='bbox 1721 2036 1903 2121; x_wconf 78' lang='grc' dir='ltr'>(καθ’</span> <span class='ocrx_word' id='word_1_217' title='bbox 1949 2038 2075 2122; x_wconf 77' lang='grc' dir='ltr'>ἣν)</span> <span class='ocrx_word' id='word_1_218' title='bbox 2118 2042 2363 2103; x_wconf 86' lang='lat' dir='ltr'>KLehrs</span> <span class='ocrx_word' id='word_1_219' title='bbox 2408 2045 2471 2101; x_wconf 90' lang='lat' dir='ltr'>in</span> <span class='ocrx_word' id='word_1_220' title='bbox 2518 2042 2673 2103; x_wconf 88' lang='lat' dir='ltr'>Ann.</span> <span class='ocrx_word' id='word_1_221' title='bbox 2720 2044 2839 2102; x_wconf 84' lang='lat' dir='ltr'>litt.</span> <span class='ocrx_word' id='word_1_222' title='bbox 2886 2042 3018 2102; x_wconf 84' lang='lat' dir='ltr'>Jen.</span> <span class='ocrx_word' id='word_1_223' title='bbox 3071 2044 3242 2101; x_wconf 85' lang='lat'>1879</span> 
     </span>
     <span class='ocr_line' id='line_1_21' title="bbox 600 2126 1973 2210; baseline 0.001 -20"><span class='ocrx_word' id='word_1_224' title='bbox 600 2149 673 2208; x_wconf 88' lang='lat' dir='ltr'>·p.</span> <span class='ocrx_word' id='word_1_225' title='bbox 719 2133 876 2206; x_wconf 80' lang='lat'>2243</span> <span class='ocrx_word' id='word_1_226' title='bbox 920 2126 1046 2210; x_wconf 77' lang='grc' dir='ltr'>(ᾗ)</span> <span class='ocrx_word' id='word_1_227' title='bbox 1091 2130 1527 2208; x_wconf 78' lang='lat' dir='ltr'>Wackernagel</span> <span class='ocrx_word' id='word_1_228' title='bbox 1559 2131 1725 2208; x_wconf 89' lang='lat' dir='ltr'>path.</span> <span class='ocrx_word' id='word_1_229' title='bbox 1770 2152 1829 2209; x_wconf 89' lang='lat' dir='ltr'>p.</span> <span class='ocrx_word' id='word_1_230' title='bbox 1869 2133 1973 2191; x_wconf 85' lang='lat'>48.</span> 
     </span>
    </p>

    <p class='ocr_par' dir='ltr' id='par_1_5' title="bbox 617 2217 3249 2747">
     <span class='ocr_line' id='line_1_22' title="bbox 798 2217 3246 2300; baseline 0.001 -22"><span class='ocrx_word' id='word_1_231' title='bbox 798 2221 1048 2295; x_wconf 80' lang='lat'>21:3‚12</span> <span class='ocrx_word' id='word_1_232' title='bbox 1113 2219 1540 2293; x_wconf 84' lang='grc' dir='ltr'>κατορθοῦται</span> <span class='ocrx_word' id='word_1_233' title='bbox 1599 2219 1771 2282; x_wconf 88' lang='grc' dir='ltr'>πᾶςα</span> <span class='ocrx_word' id='word_1_234' title='bbox 1830 2217 2191 2300; x_wconf 87' lang='grc' dir='ltr'>διάλεκτος]</span> <span class='ocrx_word' id='word_1_235' title='bbox 2253 2221 2688 2299; x_wconf 81' lang='lat' dir='ltr'>Wackernagel</span> <span class='ocrx_word' id='word_1_236' title='bbox 2747 2221 2785 2280; x_wconf 93' lang='lat'>1.</span> <span class='ocrx_word' id='word_1_237' title='bbox 2833 2239 2878 2281; x_wconf 92' lang='lat' dir='ltr'>s.</span> <span class='ocrx_word' id='word_1_238' title='bbox 2926 2239 2971 2281; x_wconf 89' lang='lat' dir='ltr'>s.</span> <span class='ocrx_word' id='word_1_239' title='bbox 3030 2242 3086 2298; x_wconf 94' lang='lat' dir='ltr'>p.</span> <span class='ocrx_word' id='word_1_240' title='bbox 3129 2222 3246 2281; x_wconf 83' lang='lat'>51:</span> 
     </span>
     <span class='ocr_line' id='line_1_23' title="bbox 618 2305 3249 2388; baseline 0.001 -19"><span class='ocrx_word' id='word_1_241' title='bbox 618 2305 806 2387; x_wconf 73' lang='lat' dir='ltr'>‘Ergo</span> <span class='ocrx_word' id='word_1_242' title='bbox 853 2308 1292 2383; x_wconf 85' lang='grc' dir='ltr'>κατορθοῦμεν</span> <span class='ocrx_word' id='word_1_243' title='bbox 1339 2308 1690 2386; x_wconf 86' lang='lat' dir='ltr'>dialectum,</span> <span class='ocrx_word' id='word_1_244' title='bbox 1737 2330 1902 2387; x_wconf 91' lang='lat' dir='ltr'>cum,</span> <span class='ocrx_word' id='word_1_245' title='bbox 1950 2330 2103 2387; x_wconf 90' lang='lat' dir='ltr'>quae</span> <span class='ocrx_word' id='word_1_246' title='bbox 2149 2312 2342 2371; x_wconf 88' lang='lat' dir='ltr'>forma</span> <span class='ocrx_word' id='word_1_247' title='bbox 2387 2311 2713 2371; x_wconf 83' lang='lat' dir='ltr'>communis</span> <span class='ocrx_word' id='word_1_248' title='bbox 2761 2314 2941 2386; x_wconf 84' lang='lat' dir='ltr'>atque</span> <span class='ocrx_word' id='word_1_249' title='bbox 2987 2312 3249 2388; x_wconf 84' lang='lat' dir='ltr'>ingenua</span> 
     </span>
     <span class='ocr_line' id='line_1_24' title="bbox 619 2397 3247 2479; baseline -0.001 -19"><span class='ocrx_word' id='word_1_250' title='bbox 619 2401 837 2475; x_wconf 92' lang='lat' dir='ltr'>cuique</span> <span class='ocrx_word' id='word_1_251' title='bbox 884 2400 1015 2459; x_wconf 87' lang='lat' dir='ltr'>voci</span> <span class='ocrx_word' id='word_1_252' title='bbox 1060 2397 1443 2475; x_wconf 81' lang='lat' dir='ltr'>respondeat,</span> <span class='ocrx_word' id='word_1_253' title='bbox 1502 2419 1571 2458; x_wconf 90' lang='lat' dir='ltr'>ac</span> <span class='ocrx_word' id='word_1_254' title='bbox 1617 2419 1765 2477; x_wconf 89' lang='lat' dir='ltr'>quas</span> <span class='ocrx_word' id='word_1_255' title='bbox 1819 2400 1982 2479; x_wconf 87' lang='lat' dir='ltr'>leges</span> <span class='ocrx_word' id='word_1_256' title='bbox 2029 2401 2276 2461; x_wconf 81' lang='lat' dir='ltr'>deflexio</span> <span class='ocrx_word' id='word_1_257' title='bbox 2332 2403 2537 2460; x_wconf 86' lang='lat' dir='ltr'>secuta</span> <span class='ocrx_word' id='word_1_258' title='bbox 2590 2401 2697 2475; x_wconf 89' lang='lat' dir='ltr'>sit,</span> <span class='ocrx_word' id='word_1_259' title='bbox 2759 2402 3105 2477; x_wconf 85' lang='lat' dir='ltr'>exponimus</span> <span class='ocrx_word' id='word_1_260' title='bbox 3150 2401 3247 2459; x_wconf 84' lang='lat' dir='ltr'>vel</span> 
     </span>
     <span class='ocr_line' id='line_1_25' title="bbox 619 2485 3246 2565; baseline 0 -16"><span class='ocrx_word' id='word_1_261' title='bbox 619 2509 775 2564; x_wconf 90' lang='lat' dir='ltr'>cum,</span> <span class='ocrx_word' id='word_1_262' title='bbox 829 2491 898 2547; x_wconf 87' lang='lat' dir='ltr'>ut</span> <span class='ocrx_word' id='word_1_263' title='bbox 944 2488 1342 2563; x_wconf 87' lang='lat' dir='ltr'>Apolloniane</span> <span class='ocrx_word' id='word_1_264' title='bbox 1397 2489 1638 2565; x_wconf 85' lang='lat' dir='ltr'>loquar,</span> <span class='ocrx_word' id='word_1_265' title='bbox 1692 2509 1998 2565; x_wconf 87' lang='lat' dir='ltr'>curamus,</span> <span class='ocrx_word' id='word_1_266' title='bbox 2052 2494 2122 2550; x_wconf 89' lang='lat' dir='ltr'>ut</span> <span class='ocrx_word' id='word_1_267' title='bbox 2177 2508 2349 2551; x_wconf 86' lang='lat' dir='ltr'>voces</span> <span class='ocrx_word' id='word_1_268' title='bbox 2406 2485 2928 2550; x_wconf 84' lang='grc' dir='ltr'>ἐπιδεικνύωνται</span> <span class='ocrx_word' id='word_1_269' title='bbox 2983 2486 3090 2549; x_wconf 89' lang='grc' dir='ltr'>διὰ</span> <span class='ocrx_word' id='word_1_270' title='bbox 3134 2488 3246 2563; x_wconf 85' lang='grc' dir='ltr'>τῆς</span> 
     </span>
     <span class='ocr_line' id='line_1_26' title="bbox 617 2573 3243 2654; baseline -0 -15"><span class='ocrx_word' id='word_1_271' title='bbox 617 2578 750 2639; x_wconf 85' lang='grc' dir='ltr'>τῶν</span> <span class='ocrx_word' id='word_1_272' title='bbox 799 2575 1134 2652; x_wconf 86' lang='grc' dir='ltr'>ςυλλαβῶν</span> <span class='ocrx_word' id='word_1_273' title='bbox 1180 2575 1558 2653; x_wconf 85' lang='grc' dir='ltr'>ςυμμετρίας</span> <span class='ocrx_word' id='word_1_274' title='bbox 1604 2575 1707 2639; x_wconf 87' lang='grc' dir='ltr'>καὶ</span> <span class='ocrx_word' id='word_1_275' title='bbox 1751 2576 1828 2640; x_wconf 87' lang='grc' dir='ltr'>τὸ</span> <span class='ocrx_word' id='word_1_276' title='bbox 1885 2575 2249 2641; x_wconf 71' lang='grc' dir='ltr'>πλεονάζον</span> <span class='ocrx_word' id='word_1_277' title='bbox 2295 2575 2399 2639; x_wconf 89' lang='grc' dir='ltr'>καὶ</span> <span class='ocrx_word' id='word_1_278' title='bbox 2443 2574 2521 2638; x_wconf 89' lang='grc' dir='ltr'>τὸ</span> <span class='ocrx_word' id='word_1_279' title='bbox 2578 2573 2848 2639; x_wconf 84' lang='grc' dir='ltr'>ἐνδέον.’</span> <span class='ocrx_word' id='word_1_280' title='bbox 2894 2610 2983 2621; x_wconf 92' lang='lat'><strong>—</strong></span> <span class='ocrx_word' id='word_1_281' title='bbox 3027 2574 3243 2654; x_wconf 82' lang='grc' dir='ltr'>Ἑλλη-</span> 
     </span>
     <span class='ocr_line' id='line_1_27' title="bbox 619 2661 2096 2747; baseline -0.001 -19"><span class='ocrx_word' id='word_1_282' title='bbox 619 2663 827 2746; x_wconf 87' lang='grc' dir='ltr'>νικήν]</span> <span class='ocrx_word' id='word_1_283' title='bbox 877 2661 938 2725; x_wconf 62' lang='grc' dir='ltr'>ε1.</span> <span class='ocrx_word' id='word_1_284' title='bbox 976 2662 1427 2740; x_wconf 67' lang='grc' dir='ltr'>“Ελληνικῶνῖ’</span> <span class='ocrx_word' id='word_1_285' title='bbox 1491 2668 1692 2747; x_wconf 83' lang='lat' dir='ltr'>Egger</span> <span class='ocrx_word' id='word_1_286' title='bbox 1727 2668 1841 2746; x_wconf 93' lang='lat' dir='ltr'>Ap.</span> <span class='ocrx_word' id='word_1_287' title='bbox 1885 2670 2010 2729; x_wconf 83' lang='lat'>203</span> <span class='ocrx_word' id='word_1_288' title='bbox 2042 2690 2096 2727; x_wconf 92' lang='lat' dir='ltr'>n.</span> 
     </span>
    </p>

    <p class='ocr_par' dir='ltr' id='par_1_6' title="bbox 619 2750 3246 2922">
     <span class='ocr_line' id='line_1_28' title="bbox 801 2750 3246 2837; baseline 0.001 -21"><span class='ocrx_word' id='word_1_289' title='bbox 801 2757 947 2833; x_wconf 84' lang='lat'>213,</span> <span class='ocrx_word' id='word_1_290' title='bbox 971 2757 1051 2816; x_wconf 90' lang='lat'>13</span> <span class='ocrx_word' id='word_1_291' title='bbox 1101 2750 1139 2816; x_wconf 87' lang='grc' dir='ltr'>ὁ</span> <span class='ocrx_word' id='word_1_292' title='bbox 1185 2751 1363 2831; x_wconf 89' lang='grc' dir='ltr'>παρὰ</span> <span class='ocrx_word' id='word_1_293' title='bbox 1416 2756 1553 2819; x_wconf 88' lang='grc' dir='ltr'>τοῖς</span> <span class='ocrx_word' id='word_1_294' title='bbox 1600 2756 1913 2822; x_wconf 85' lang='grc' dir='ltr'>Στωικοῖς</span> <span class='ocrx_word' id='word_1_295' title='bbox 1966 2755 2113 2835; x_wconf 87' lang='grc' dir='ltr'>περὶ</span> <span class='ocrx_word' id='word_1_296' title='bbox 2159 2757 2384 2835; x_wconf 87' lang='grc' dir='ltr'>φωνῆς</span> <span class='ocrx_word' id='word_1_297' title='bbox 2431 2752 2654 2837; x_wconf 86' lang='grc' dir='ltr'>λόγος]</span> <span class='ocrx_word' id='word_1_298' title='bbox 2705 2778 2743 2818; x_wconf 87' lang='lat' dir='ltr'>a</span> <span class='ocrx_word' id='word_1_299' title='bbox 2788 2753 2978 2834; x_wconf 89' lang='grc' dir='ltr'>φωνή</span> <span class='ocrx_word' id='word_1_300' title='bbox 3027 2757 3246 2818; x_wconf 84' lang='lat' dir='ltr'>dialec-</span> 
     </span>
     <span class='ocr_line' id='line_1_29' title="bbox 619 2845 2266 2922; baseline -0.001 -14"><span class='ocrx_word' id='word_1_301' title='bbox 619 2849 802 2908; x_wconf 89' lang='lat' dir='ltr'>ticam</span> <span class='ocrx_word' id='word_1_302' title='bbox 849 2865 1020 2906; x_wconf 84' lang='lat' dir='ltr'>suam</span> <span class='ocrx_word' id='word_1_303' title='bbox 1065 2845 1467 2922; x_wconf 87' lang='lat' dir='ltr'>ordiebantur,</span> <span class='ocrx_word' id='word_1_304' title='bbox 1513 2849 1586 2907; x_wconf 90' lang='lat' dir='ltr'>cf.</span> <span class='ocrx_word' id='word_1_305' title='bbox 1627 2847 1900 2909; x_wconf 84' lang='lat' dir='ltr'>Schmidt</span> <span class='ocrx_word' id='word_1_306' title='bbox 1947 2849 2123 2909; x_wconf 86' lang='lat' dir='ltr'>Stoic.</span> <span class='ocrx_word' id='word_1_307' title='bbox 2167 2850 2266 2908; x_wconf 87' lang='lat'>16.</span> 
     </span>
    </p>
   </div>
   <div class='ocr_carea' id='block_1_3' title="bbox 620 2933 3263 4719">
    <p class='ocr_par' dir='ltr' id='par_1_7' title="bbox 620 2933 3248 3103">
     <span class='ocr_line' id='line_1_30' title="bbox 803 2933 3248 3018; baseline 0.001 -23"><span class='ocrx_word' id='word_1_308' title='bbox 803 2938 949 3010; x_wconf 89' lang='grc'><strong>213,</strong></span> <span class='ocrx_word' id='word_1_309' title='bbox 974 2936 1052 2994; x_wconf 86' lang='grc'>15</span> <span class='ocrx_word' id='word_1_310' title='bbox 1099 2934 1321 3014; x_wconf 82' lang='lat' dir='ltr'>Eggeri</span> <span class='ocrx_word' id='word_1_311' title='bbox 1363 2938 1834 2999; x_wconf 83' lang='lat' dir='ltr'>emendationem</span> <span class='ocrx_word' id='word_1_312' title='bbox 1881 2933 2572 3018; x_wconf 82' lang='grc' dir='ltr'>ὑπο&lt;δια&gt;ςταλήςεται</span> <span class='ocrx_word' id='word_1_313' title='bbox 2608 2937 2828 3013; x_wconf 83' lang='lat' dir='ltr'>probat</span> <span class='ocrx_word' id='word_1_314' title='bbox 2861 2938 3076 2997; x_wconf 87' lang='lat' dir='ltr'>Matth.</span> <span class='ocrx_word' id='word_1_315' title='bbox 3108 2938 3248 3013; x_wconf 67' lang='lat'>1,3;</span> 
     </span>
     <span class='ocr_line' id='line_1_31' title="bbox 620 3025 1464 3103; baseline -0.002 -17"><span class='ocrx_word' id='word_1_316' title='bbox 620 3027 889 3103; x_wconf 82' lang='lat' dir='ltr'>profecto</span> <span class='ocrx_word' id='word_1_317' title='bbox 935 3027 1066 3084; x_wconf 87' lang='lat' dir='ltr'>erat</span> <span class='ocrx_word' id='word_1_318' title='bbox 1108 3025 1464 3101; x_wconf 88' lang='lat' dir='ltr'>recipienda.</span> 
     </span>
    </p>

    <p class='ocr_par' dir='ltr' id='par_1_8' title="bbox 622 3108 3256 3998">
     <span class='ocr_line' id='line_1_32' title="bbox 807 3108 3249 3195; baseline 0.001 -22"><span class='ocrx_word' id='word_1_319' title='bbox 807 3115 953 3190; x_wconf 84' lang='lat'>213,</span> <span class='ocrx_word' id='word_1_320' title='bbox 977 3116 1060 3173; x_wconf 83' lang='lat'>20</span> <span class='ocrx_word' id='word_1_321' title='bbox 1106 3108 1197 3175; x_wconf 84' lang='grc' dir='ltr'>εἰς</span> <span class='ocrx_word' id='word_1_322' title='bbox 1253 3113 1550 3190; x_wconf 85' lang='grc' dir='ltr'>ςχολικὴν</span> <span class='ocrx_word' id='word_1_323' title='bbox 1606 3111 1956 3191; x_wconf 86' lang='grc' dir='ltr'>ἀντιβολὴν</span> <span class='ocrx_word' id='word_1_324' title='bbox 2000 3111 2412 3195; x_wconf 87' lang='grc' dir='ltr'>κατέςτημεν]</span> <span class='ocrx_word' id='word_1_325' title='bbox 2470 3109 2559 3174; x_wconf 79' lang='lat' dir='ltr'>‘L&#39;</span> <span class='ocrx_word' id='word_1_326' title='bbox 2607 3117 2947 3192; x_wconf 81' lang='lat' dir='ltr'>expression</span> <span class='ocrx_word' id='word_1_327' title='bbox 2994 3113 3249 3191; x_wconf 83' lang='grc' dir='ltr'>ςχολικὴ</span> 
     </span>
     <span class='ocr_line' id='line_1_33' title="bbox 625 3200 3251 3283; baseline 0 -18"><span class='ocrx_word' id='word_1_328' title='bbox 625 3200 957 3279; x_wconf 87' lang='grc' dir='ltr'>ἀντιβολή,</span> <span class='ocrx_word' id='word_1_329' title='bbox 1005 3203 1153 3262; x_wconf 89' lang='lat' dir='ltr'>dont</span> <span class='ocrx_word' id='word_1_330' title='bbox 1199 3223 1274 3262; x_wconf 92' lang='lat' dir='ltr'>on</span> <span class='ocrx_word' id='word_1_331' title='bbox 1322 3224 1394 3263; x_wconf 90' lang='lat' dir='ltr'>ne</span> <span class='ocrx_word' id='word_1_332' title='bbox 1441 3205 1684 3265; x_wconf 81' lang='lat' dir='ltr'>connait</span> <span class='ocrx_word' id='word_1_333' title='bbox 1727 3224 1863 3282; x_wconf 91' lang='lat' dir='ltr'>pas,</span> <span class='ocrx_word' id='word_1_334' title='bbox 1912 3208 1976 3283; x_wconf 90' lang='lat' dir='ltr'>je</span> <span class='ocrx_word' id='word_1_335' title='bbox 2021 3206 2201 3282; x_wconf 77' lang='lat' dir='ltr'>croiS,</span> <span class='ocrx_word' id='word_1_336' title='bbox 2247 3206 2477 3266; x_wconf 83' lang='lat' dir='ltr'>d&#39;autre</span> <span class='ocrx_word' id='word_1_337' title='bbox 2523 3207 2772 3282; x_wconf 88' lang='lat' dir='ltr'>emploi,</span> <span class='ocrx_word' id='word_1_338' title='bbox 2816 3200 3090 3282; x_wconf 73' lang='lat' dir='ltr'>presente</span> <span class='ocrx_word' id='word_1_339' title='bbox 3135 3226 3251 3265; x_wconf 90' lang='lat' dir='ltr'>une</span> 
     </span>
     <span class='ocr_line' id='line_1_34' title="bbox 622 3287 3251 3373; baseline 0 -20"><span class='ocrx_word' id='word_1_340' title='bbox 622 3295 759 3353; x_wconf 88' lang='lat' dir='ltr'>bien</span> <span class='ocrx_word' id='word_1_341' title='bbox 799 3312 980 3370; x_wconf 81' lang='lat' dir='ltr'>grave</span> <span class='ocrx_word' id='word_1_342' title='bbox 1018 3287 1330 3352; x_wconf 75' lang='lat' dir='ltr'>difficulte&#39;</span> <span class='ocrx_word' id='word_1_343' title='bbox 1369 3293 1638 3373; x_wconf 84' lang='lat' dir='ltr'>EEgger,</span> <span class='ocrx_word' id='word_1_344' title='bbox 1683 3295 1933 3354; x_wconf 83' lang='lat' dir='ltr'>Journal</span> <span class='ocrx_word' id='word_1_345' title='bbox 1971 3296 2073 3356; x_wconf 87' lang='lat' dir='ltr'>des</span> <span class='ocrx_word' id='word_1_346' title='bbox 2113 3295 2369 3355; x_wconf 84' lang='lat' dir='ltr'>Savants</span> <span class='ocrx_word' id='word_1_347' title='bbox 2404 3297 2574 3355; x_wconf 84' lang='lat'>1882</span> <span class='ocrx_word' id='word_1_348' title='bbox 2613 3316 2669 3371; x_wconf 92' lang='lat' dir='ltr'>p.</span> <span class='ocrx_word' id='word_1_349' title='bbox 2703 3297 2851 3371; x_wconf 82' lang='lat'>271,</span> <span class='ocrx_word' id='word_1_350' title='bbox 2898 3297 3084 3354; x_wconf 88' lang='lat' dir='ltr'>allato</span> <span class='ocrx_word' id='word_1_351' title='bbox 3122 3297 3251 3354; x_wconf 89' lang='lat' dir='ltr'>loco</span> 
     </span>
     <span class='ocr_line' id='line_1_35' title="bbox 624 3379 3251 3461; baseline -0 -18"><span class='ocrx_word' id='word_1_352' title='bbox 624 3383 990 3458; x_wconf 82' lang='lat' dir='ltr'>Thucydidis</span> <span class='ocrx_word' id='word_1_353' title='bbox 1036 3381 1156 3442; x_wconf 88' lang='lat' dir='ltr'>VH</span> <span class='ocrx_word' id='word_1_354' title='bbox 1204 3383 1365 3458; x_wconf 83' lang='lat'>75,4</span> <span class='ocrx_word' id='word_1_355' title='bbox 1414 3380 1579 3459; x_wconf 86' lang='grc' dir='ltr'>πρὸς</span> <span class='ocrx_word' id='word_1_356' title='bbox 1637 3380 1761 3459; x_wconf 90' lang='grc' dir='ltr'>γὰρ</span> <span class='ocrx_word' id='word_1_357' title='bbox 1820 3379 2192 3461; x_wconf 87' lang='grc' dir='ltr'>ἀντιβολίαν</span> <span class='ocrx_word' id='word_1_358' title='bbox 2238 3381 2342 3445; x_wconf 88' lang='grc' dir='ltr'>καὶ</span> <span class='ocrx_word' id='word_1_359' title='bbox 2398 3379 2782 3460; x_wconf 87' lang='grc' dir='ltr'>ὀλοφυρμὸν</span> <span class='ocrx_word' id='word_1_360' title='bbox 2838 3381 3251 3460; x_wconf 84' lang='grc' dir='ltr'>τραπόμενοι.</span> 
     </span>
     <span class='ocr_line' id='line_1_36' title="bbox 626 3465 3249 3552; baseline 0 -20"><span class='ocrx_word' id='word_1_361' title='bbox 626 3473 741 3532; x_wconf 83' lang='lat' dir='ltr'>Sed</span> <span class='ocrx_word' id='word_1_362' title='bbox 786 3472 1092 3532; x_wconf 88' lang='lat' dir='ltr'>notionem</span> <span class='ocrx_word' id='word_1_363' title='bbox 1128 3465 1536 3547; x_wconf 79' lang='lat' dir='ltr'>‘supplicatio&#39;</span> <span class='ocrx_word' id='word_1_364' title='bbox 1575 3473 1650 3533; x_wconf 91' lang='lat' dir='ltr'>ab</span> <span class='ocrx_word' id='word_1_365' title='bbox 1694 3473 1805 3533; x_wconf 92' lang='lat' dir='ltr'>hoc</span> <span class='ocrx_word' id='word_1_366' title='bbox 1841 3475 1974 3533; x_wconf 91' lang='lat' dir='ltr'>loco</span> <span class='ocrx_word' id='word_1_367' title='bbox 2010 3492 2250 3550; x_wconf 89' lang='lat' dir='ltr'>prorsus</span> <span class='ocrx_word' id='word_1_368' title='bbox 2289 3475 2548 3533; x_wconf 89' lang='lat' dir='ltr'>alienam</span> <span class='ocrx_word' id='word_1_369' title='bbox 2584 3491 2709 3534; x_wconf 88' lang='lat' dir='ltr'>esse</span> <span class='ocrx_word' id='word_1_370' title='bbox 2752 3477 3031 3552; x_wconf 82' lang='lat' dir='ltr'>apparet3</span> <span class='ocrx_word' id='word_1_371' title='bbox 3077 3469 3249 3533; x_wconf 87' lang='grc' dir='ltr'>ἀντι-</span> 
     </span>
     <span class='ocr_line' id='line_1_37' title="bbox 628 3555 3252 3640; baseline 0 -18"><span class='ocrx_word' id='word_1_372' title='bbox 628 3558 787 3638; x_wconf 87' lang='grc' dir='ltr'>βολή</span> <span class='ocrx_word' id='word_1_373' title='bbox 836 3565 926 3621; x_wconf 89' lang='lat' dir='ltr'>est</span> <span class='ocrx_word' id='word_1_374' title='bbox 963 3563 1145 3620; x_wconf 88' lang='lat' dir='ltr'>etiam</span> <span class='ocrx_word' id='word_1_375' title='bbox 1187 3555 1623 3637; x_wconf 77' lang='lat' dir='ltr'>‘comparatio&#39;,</span> <span class='ocrx_word' id='word_1_376' title='bbox 1669 3555 1965 3623; x_wconf 74' lang='lat' dir='ltr'>‘collatio’</span> <span class='ocrx_word' id='word_1_377' title='bbox 2002 3565 2074 3622; x_wconf 84' lang='lat' dir='ltr'>cf.</span> <span class='ocrx_word' id='word_1_378' title='bbox 2114 3563 2330 3622; x_wconf 85' lang='lat' dir='ltr'>Strabo</span> <span class='ocrx_word' id='word_1_379' title='bbox 2367 3562 2560 3636; x_wconf 83' lang='lat' dir='ltr'><strong>XVII,</strong></span> <span class='ocrx_word' id='word_1_380' title='bbox 2601 3566 2634 3623; x_wconf 94' lang='lat'>1</span> <span class='ocrx_word' id='word_1_381' title='bbox 2687 3560 2727 3639; x_wconf 67' lang='grc' dir='ltr'>ἓ</span> <span class='ocrx_word' id='word_1_382' title='bbox 2759 3564 2795 3622; x_wconf 88' lang='grc'><strong>5</strong></span> <span class='ocrx_word' id='word_1_383' title='bbox 2845 3584 2903 3640; x_wconf 91' lang='lat' dir='ltr'>p.</span> <span class='ocrx_word' id='word_1_384' title='bbox 2946 3565 3074 3623; x_wconf 87' lang='grc'>790</span> <span class='ocrx_word' id='word_1_385' title='bbox 3122 3559 3252 3635; x_wconf 81' lang='grc' dir='ltr'>ἐγὼ</span> 
     </span>
     <span class='ocr_line' id='line_1_38' title="bbox 625 3645 3255 3728; baseline 0 -17"><span class='ocrx_word' id='word_1_386' title='bbox 625 3651 786 3724; x_wconf 86' lang='grc' dir='ltr'>γοῦν</span> <span class='ocrx_word' id='word_1_387' title='bbox 834 3645 1283 3726; x_wconf 86' lang='grc' dir='ltr'>ἀπορούμενος</span> <span class='ocrx_word' id='word_1_388' title='bbox 1338 3646 1761 3727; x_wconf 86' lang='grc' dir='ltr'>ἀντιγράφων</span> <span class='ocrx_word' id='word_1_389' title='bbox 1809 3648 1899 3713; x_wconf 85' lang='grc' dir='ltr'>εἰς</span> <span class='ocrx_word' id='word_1_390' title='bbox 1956 3650 2072 3727; x_wconf 88' lang='grc' dir='ltr'>τὴν</span> <span class='ocrx_word' id='word_1_391' title='bbox 2133 3646 2480 3728; x_wconf 86' lang='grc' dir='ltr'>ἀντιβολὴν</span> <span class='ocrx_word' id='word_1_392' title='bbox 2527 3648 2598 3712; x_wconf 82' lang='grc' dir='ltr'>ἐκ</span> <span class='ocrx_word' id='word_1_393' title='bbox 2655 3649 2932 3727; x_wconf 85' lang='grc' dir='ltr'>θατέρου</span> <span class='ocrx_word' id='word_1_394' title='bbox 2980 3647 3255 3727; x_wconf 86' lang='grc' dir='ltr'>θάτερον</span> 
     </span>
     <span class='ocr_line' id='line_1_39' title="bbox 627 3735 3253 3816; baseline -0.001 -14"><span class='ocrx_word' id='word_1_395' title='bbox 627 3735 1003 3815; x_wconf 85' lang='grc' dir='ltr'>ἀντέβαλον.</span> <span class='ocrx_word' id='word_1_396' title='bbox 1050 3739 1188 3800; x_wconf 86' lang='lat' dir='ltr'>Hes.</span> <span class='ocrx_word' id='word_1_397' title='bbox 1211 3758 1329 3799; x_wconf 75' lang='lat' dir='ltr'>av.</span> <span class='ocrx_word' id='word_1_398' title='bbox 1368 3737 1815 3816; x_wconf 82' lang='grc' dir='ltr'>παραβλήδην·</span> <span class='ocrx_word' id='word_1_399' title='bbox 1875 3736 2296 3816; x_wconf 86' lang='grc' dir='ltr'>ἀπατητικῶς.</span> <span class='ocrx_word' id='word_1_400' title='bbox 2352 3739 2919 3816; x_wconf 88' lang='grc' dir='ltr'>παραλογιςτικῶς.</span> <span class='ocrx_word' id='word_1_401' title='bbox 2978 3737 3044 3802; x_wconf 79' lang='grc' dir='ltr'>ἐξ</span> <span class='ocrx_word' id='word_1_402' title='bbox 3084 3737 3253 3802; x_wconf 88' lang='grc' dir='ltr'>ἀντι-</span> 
     </span>
     <span class='ocr_line' id='line_1_40' title="bbox 629 3825 3256 3907; baseline 0 -17"><span class='ocrx_word' id='word_1_403' title='bbox 629 3828 824 3907; x_wconf 88' lang='grc' dir='ltr'>βολῆς</span> <span class='ocrx_word' id='word_1_404' title='bbox 859 3825 1403 3904; x_wconf 85' lang='grc' dir='ltr'>παραβάλλοντες.</span> <span class='ocrx_word' id='word_1_405' title='bbox 1478 3830 1775 3891; x_wconf 87' lang='lat' dir='ltr'>Usitatior</span> <span class='ocrx_word' id='word_1_406' title='bbox 1820 3835 1913 3891; x_wconf 84' lang='lat' dir='ltr'>est</span> <span class='ocrx_word' id='word_1_407' title='bbox 1956 3849 2072 3891; x_wconf 83' lang='lat' dir='ltr'>vox</span> <span class='ocrx_word' id='word_1_408' title='bbox 2109 3825 2593 3906; x_wconf 88' lang='grc' dir='ltr'>ἀντιπαραβολή</span> <span class='ocrx_word' id='word_1_409' title='bbox 2632 3831 2839 3891; x_wconf 87' lang='lat' dir='ltr'>eodem</span> <span class='ocrx_word' id='word_1_410' title='bbox 2874 3850 3066 3892; x_wconf 87' lang='lat' dir='ltr'>sensu.</span> <span class='ocrx_word' id='word_1_411' title='bbox 3132 3831 3256 3890; x_wconf 88' lang='lat' dir='ltr'>Ita-</span> 
     </span>
     <span class='ocr_line' id='line_1_41' title="bbox 628 3913 3253 3998; baseline 0 -20"><span class='ocrx_word' id='word_1_412' title='bbox 628 3939 741 3996; x_wconf 90' lang='lat' dir='ltr'>que</span> <span class='ocrx_word' id='word_1_413' title='bbox 771 3914 1025 3993; x_wconf 85' lang='grc' dir='ltr'>ςχολικὴ</span> <span class='ocrx_word' id='word_1_414' title='bbox 1056 3913 1360 3994; x_wconf 86' lang='grc' dir='ltr'>ἀντιβολή</span> <span class='ocrx_word' id='word_1_415' title='bbox 1391 3937 1515 3980; x_wconf 91' lang='lat' dir='ltr'>esse</span> <span class='ocrx_word' id='word_1_416' title='bbox 1538 3920 1777 3979; x_wconf 85' lang='lat' dir='ltr'>videtur</span> <span class='ocrx_word' id='word_1_417' title='bbox 1795 3915 2063 3981; x_wconf 75' lang='lat' dir='ltr'>‘collatio</span> <span class='ocrx_word' id='word_1_418' title='bbox 2093 3923 2372 3980; x_wconf 87' lang='lat' dir='ltr'>accurata</span> <span class='ocrx_word' id='word_1_419' title='bbox 2399 3939 2553 3998; x_wconf 90' lang='lat' dir='ltr'>quae</span> <span class='ocrx_word' id='word_1_420' title='bbox 2581 3922 2828 3997; x_wconf 87' lang='lat' dir='ltr'>propria</span> <span class='ocrx_word' id='word_1_421' title='bbox 2854 3924 2946 3981; x_wconf 88' lang='lat' dir='ltr'>est</span> <span class='ocrx_word' id='word_1_422' title='bbox 2973 3914 3253 3981; x_wconf 88' lang='lat' dir='ltr'>scholae&#39;.</span> 
     </span>
    </p>

    <p class='ocr_par' dir='ltr' id='par_1_9' title="bbox 638 4004 3255 4174">
     <span class='ocr_line' id='line_1_42' title="bbox 808 4004 3255 4089; baseline 0.001 -23"><span class='ocrx_word' id='word_1_423' title='bbox 808 4011 955 4082; x_wconf 83' lang='lat'>214,</span> <span class='ocrx_word' id='word_1_424' title='bbox 976 4009 1013 4066; x_wconf 89' lang='grc'><strong>3</strong></span> <span class='ocrx_word' id='word_1_425' title='bbox 1062 4004 1141 4069; x_wconf 85' lang='grc' dir='ltr'>οὐ</span> <span class='ocrx_word' id='word_1_426' title='bbox 1180 4055 1192 4068; x_wconf 94' lang='grc'><strong>.</strong></span> <span class='ocrx_word' id='word_1_427' title='bbox 1233 4056 1246 4068; x_wconf 93' lang='grc'>.</span> <span class='ocrx_word' id='word_1_428' title='bbox 1295 4005 1457 4070; x_wconf 85' lang='grc' dir='ltr'>κατὰ</span> <span class='ocrx_word' id='word_1_429' title='bbox 1502 4006 1581 4070; x_wconf 88' lang='grc' dir='ltr'>τὸ</span> <span class='ocrx_word' id='word_1_430' title='bbox 1627 4006 1966 4089; x_wconf 86' lang='grc' dir='ltr'>παντελές]</span> <span class='ocrx_word' id='word_1_431' title='bbox 2015 4029 2421 4086; x_wconf 89' lang='lat' dir='ltr'>nequaquam,</span> <span class='ocrx_word' id='word_1_432' title='bbox 2467 4011 2507 4070; x_wconf 90' lang='lat' dir='ltr'>i.</span> <span class='ocrx_word' id='word_1_433' title='bbox 2547 4030 2601 4087; x_wconf 93' lang='lat' dir='ltr'>q.</span> <span class='ocrx_word' id='word_1_434' title='bbox 2651 4005 2729 4071; x_wconf 84' lang='grc' dir='ltr'>οὐ</span> <span class='ocrx_word' id='word_1_435' title='bbox 2776 4006 3042 4071; x_wconf 87' lang='grc' dir='ltr'>πάντως</span> <span class='ocrx_word' id='word_1_436' title='bbox 3086 4029 3255 4087; x_wconf 87' lang='lat' dir='ltr'>pron.</span> 
     </span>
     <span class='ocr_line' id='line_1_43' title="bbox 638 4097 1140 4174; baseline 0.002 -18"><span class='ocrx_word' id='word_1_437' title='bbox 638 4097 863 4172; x_wconf 85' lang='lat'>20‚15.</span> <span class='ocrx_word' id='word_1_438' title='bbox 915 4099 1140 4174; x_wconf 86' lang='lat' dir='ltr'>2s,13.</span> 
     </span>
    </p>

    <p class='ocr_par' dir='ltr' id='par_1_10' title="bbox 629 4185 3259 4355">
     <span class='ocr_line' id='line_1_44' title="bbox 809 4185 3259 4265; baseline 0.001 -21"><span class='ocrx_word' id='word_1_439' title='bbox 809 4188 955 4262; x_wconf 87' lang='grc'><strong>214,</strong></span> <span class='ocrx_word' id='word_1_440' title='bbox 978 4188 1014 4246; x_wconf 88' lang='grc'><strong>3</strong></span> <span class='ocrx_word' id='word_1_441' title='bbox 1062 4192 1200 4263; x_wconf 87' lang='lat' dir='ltr'>post</span> <span class='ocrx_word' id='word_1_442' title='bbox 1244 4185 1435 4263; x_wconf 84' lang='grc' dir='ltr'>δόξης</span> <span class='ocrx_word' id='word_1_443' title='bbox 1473 4209 1605 4250; x_wconf 88' lang='lat' dir='ltr'>eam</span> <span class='ocrx_word' id='word_1_444' title='bbox 1649 4188 1790 4248; x_wconf 88' lang='lat' dir='ltr'>libri</span> <span class='ocrx_word' id='word_1_445' title='bbox 1835 4192 2088 4265; x_wconf 81' lang='lat' dir='ltr'>partem,</span> <span class='ocrx_word' id='word_1_446' title='bbox 2133 4208 2288 4265; x_wconf 88' lang='lat' dir='ltr'>quae</span> <span class='ocrx_word' id='word_1_447' title='bbox 2325 4187 2472 4264; x_wconf 87' lang='grc' dir='ltr'>περὶ</span> <span class='ocrx_word' id='word_1_448' title='bbox 2518 4189 2630 4264; x_wconf 85' lang='grc' dir='ltr'>τῆς</span> <span class='ocrx_word' id='word_1_449' title='bbox 2675 4185 2957 4263; x_wconf 86' lang='grc' dir='ltr'>κλήςεως</span> <span class='ocrx_word' id='word_1_450' title='bbox 3004 4191 3067 4248; x_wconf 87' lang='lat' dir='ltr'>et</span> <span class='ocrx_word' id='word_1_451' title='bbox 3110 4185 3259 4263; x_wconf 86' lang='grc' dir='ltr'>περὶ</span> 
     </span>
     <span class='ocr_line' id='line_1_45' title="bbox 629 4273 3257 4355; baseline 0 -20"><span class='ocrx_word' id='word_1_452' title='bbox 629 4274 747 4336; x_wconf 84' lang='grc' dir='ltr'>τοῦ</span> <span class='ocrx_word' id='word_1_453' title='bbox 794 4273 1196 4351; x_wconf 83' lang='grc' dir='ltr'>δηλουμένου</span> <span class='ocrx_word' id='word_1_454' title='bbox 1243 4279 1339 4338; x_wconf 84' lang='lat' dir='ltr'>vel</span> <span class='ocrx_word' id='word_1_455' title='bbox 1386 4279 1499 4352; x_wconf 87' lang='grc' dir='ltr'>τῆς</span> <span class='ocrx_word' id='word_1_456' title='bbox 1547 4274 1803 4339; x_wconf 79' lang='grc' dir='ltr'>ἐννοίας</span> <span class='ocrx_word' id='word_1_457' title='bbox 1847 4281 1994 4353; x_wconf 83' lang='lat' dir='ltr'>erat,</span> <span class='ocrx_word' id='word_1_458' title='bbox 2039 4279 2340 4338; x_wconf 80' lang='lat' dir='ltr'>interiisse</span> <span class='ocrx_word' id='word_1_459' title='bbox 2376 4281 2503 4338; x_wconf 85' lang='lat' dir='ltr'>veri</span> <span class='ocrx_word' id='word_1_460' title='bbox 2548 4279 2743 4338; x_wconf 88' lang='lat' dir='ltr'>simile</span> <span class='ocrx_word' id='word_1_461' title='bbox 2789 4283 2895 4339; x_wconf 87' lang='lat' dir='ltr'>est.</span> <span class='ocrx_word' id='word_1_462' title='bbox 2969 4278 3042 4338; x_wconf 91' lang='lat' dir='ltr'>V.</span> <span class='ocrx_word' id='word_1_463' title='bbox 3080 4280 3257 4355; x_wconf 89' lang='lat' dir='ltr'>epim.</span> 
     </span>
    </p>

    <p class='ocr_par' dir='ltr' id='par_1_11' title="bbox 621 4366 3263 4719">
     <span class='ocr_line' id='line_1_46' title="bbox 807 4366 3260 4442; baseline 0.001 -17"><span class='ocrx_word' id='word_1_464' title='bbox 807 4366 1159 4426; x_wconf 74' lang='lat' dir='ltr'>Posidonius</span> <span class='ocrx_word' id='word_1_465' title='bbox 1202 4370 1270 4427; x_wconf 73' lang='lat' dir='ltr'>in</span> <span class='ocrx_word' id='word_1_466' title='bbox 1314 4368 1461 4427; x_wconf 73' lang='lat' dir='ltr'>libro</span> <span class='ocrx_word' id='word_1_467' title='bbox 1506 4369 1578 4427; x_wconf 83' lang='lat' dir='ltr'>dc</span> <span class='ocrx_word' id='word_1_468' title='bbox 1612 4368 2111 4427; x_wconf 70' lang='lat' dir='ltr'>coniunctionibus</span> <span class='ocrx_word' id='word_1_469' title='bbox 2156 4370 2378 4442; x_wconf 78' lang='lat' dir='ltr'>refutat</span> <span class='ocrx_word' id='word_1_470' title='bbox 2420 4368 2518 4428; x_wconf 82' lang='lat' dir='ltr'>ille</span> <span class='ocrx_word' id='word_1_471' title='bbox 2562 4370 2797 4442; x_wconf 72' lang='lat' dir='ltr'>quidem</span> <span class='ocrx_word' id='word_1_472' title='bbox 2843 4386 2935 4428; x_wconf 81' lang='lat' dir='ltr'>cos</span> <span class='ocrx_word' id='word_1_473' title='bbox 2980 4370 3083 4442; x_wconf 77' lang='lat' dir='ltr'>qui</span> <span class='ocrx_word' id='word_1_474' title='bbox 3127 4384 3260 4427; x_wconf 80' lang='lat' dir='ltr'>con·</span> 
     </span>
     <span class='ocr_line' id='line_1_47' title="bbox 629 4457 3258 4530; baseline -0 -15"><span class='ocrx_word' id='word_1_475' title='bbox 629 4457 1022 4515; x_wconf 73' lang='lat' dir='ltr'>iwnctionibus</span> <span class='ocrx_word' id='word_1_476' title='bbox 1073 4458 1222 4516; x_wconf 77' lang='lat' dir='ltr'>nihil</span> <span class='ocrx_word' id='word_1_477' title='bbox 1279 4459 1633 4530; x_wconf 67' lang='lat' dir='ltr'>siqniftcari,</span> <span class='ocrx_word' id='word_1_478' title='bbox 1698 4458 1802 4517; x_wconf 82' lang='lat' dir='ltr'>scd</span> <span class='ocrx_word' id='word_1_479' title='bbox 1864 4460 2186 4517; x_wconf 80' lang='lat' dir='ltr'>orationem</span> <span class='ocrx_word' id='word_1_480' title='bbox 2248 4459 2643 4518; x_wconf 66' lang='lat' dir='ltr'>tamummodo</span> <span class='ocrx_word' id='word_1_481' title='bbox 2697 4460 2955 4519; x_wconf 78' lang='lat' dir='ltr'>connecti</span> <span class='ocrx_word' id='word_1_482' title='bbox 3013 4460 3258 4517; x_wconf 76' lang='lat' dir='ltr'>censent.</span> 
     </span>
     <span class='ocr_line' id='line_1_48' title="bbox 629 4538 3263 4627; baseline 0 -23"><span class='ocrx_word' id='word_1_483' title='bbox 629 4544 745 4605; x_wconf 80' lang='lat' dir='ltr'>Sed</span> <span class='ocrx_word' id='word_1_484' title='bbox 780 4548 907 4619; x_wconf 77' lang='lat' dir='ltr'>ipse</span> <span class='ocrx_word' id='word_1_485' title='bbox 941 4562 1163 4620; x_wconf 78' lang='lat' dir='ltr'>quoque</span> <span class='ocrx_word' id='word_1_486' title='bbox 1199 4539 1298 4627; x_wconf 89' lang='lat' dir='ltr'>(ut</span> <span class='ocrx_word' id='word_1_487' title='bbox 1326 4538 1543 4627; x_wconf 82' lang='lat' dir='ltr'>Stoici)</span> <span class='ocrx_word' id='word_1_488' title='bbox 1582 4549 2043 4608; x_wconf 77' lang='lat' dir='ltr'>coniunctionem</span> <span class='ocrx_word' id='word_1_489' title='bbox 2067 4548 2671 4622; x_wconf 71' lang='lat' dir='ltr'>praepositionemque</span> <span class='ocrx_word' id='word_1_490' title='bbox 2709 4550 2952 4608; x_wconf 79' lang='lat' dir='ltr'>eamdem</span> <span class='ocrx_word' id='word_1_491' title='bbox 2977 4548 3263 4606; x_wconf 71' lang='lat' dir='ltr'>orationis</span> 
     </span>
     <span class='ocr_line' id='line_1_49' title="bbox 621 4628 2742 4719; baseline 0.001 -26"><span class='ocrx_word' id='word_1_492' title='bbox 621 4639 859 4710; x_wconf 80' lang='lat' dir='ltr'>partem</span> <span class='ocrx_word' id='word_1_493' title='bbox 906 4652 1028 4695; x_wconf 80' lang='lat' dir='ltr'>csse</span> <span class='ocrx_word' id='word_1_494' title='bbox 1070 4638 1361 4696; x_wconf 71' lang='lat' dir='ltr'>existimat</span> <span class='ocrx_word' id='word_1_495' title='bbox 1410 4638 1812 4712; x_wconf 88' lang='grc'><strong>214,4-10.</strong></span> <span class='ocrx_word' id='word_1_496' title='bbox 1891 4635 1976 4696; x_wconf 82' lang='lat' dir='ltr'>Cf.</span> <span class='ocrx_word' id='word_1_497' title='bbox 2016 4640 2173 4713; x_wconf 82' lang='lat' dir='ltr'>synt.</span> <span class='ocrx_word' id='word_1_498' title='bbox 2216 4628 2742 4719; x_wconf 75' lang='lat'>265,12—-16.*)</span> 
     </span>
    </p>
   </div>
   <div class='ocr_carea' id='block_1_4' title="bbox 951 4764 1062 4772">
    <p class='ocr_par' dir='ltr' id='par_1_12' title="bbox 951 4764 1062 4772">
     <span class='ocr_line' id='line_1_50' title="bbox 951 4764 1062 4772; baseline 0.018 -2"><span class='ocrx_word' id='word_1_499' title='bbox 951 4764 1062 4772; x_wconf 79' lang='lat'>——.</span> 
     </span>
    </p>
   </div>
   <div class='ocr_carea' id='block_1_5' title="bbox 638 4766 946 4773">
    <p class='ocr_par' dir='ltr' id='par_1_13' title="bbox 638 4766 946 4773">
     <span class='ocr_line' id='line_1_51' title="bbox 638 4766 946 4773; baseline 0 0"><span class='ocrx_word' id='word_1_500' title='bbox 638 4766 946 4773; x_wconf 95' lang='lat' dir='ltr'> </span> 
     </span>
    </p>
   </div>
   <div class='ocr_carea' id='block_1_6' title="bbox 633 4835 3264 4986">
    <p class='ocr_par' dir='ltr' id='par_1_14' title="bbox 633 4835 3264 4986">
     <span class='ocr_line' id='line_1_52' title="bbox 808 4835 3264 4914; baseline 0 -18"><span class='ocrx_word' id='word_1_501' title='bbox 808 4840 855 4906; x_wconf 67' lang='lat'>⁸)</span> <span class='ocrx_word' id='word_1_502' title='bbox 895 4842 1039 4909; x_wconf 78' lang='lat' dir='ltr'>synt.</span> <span class='ocrx_word' id='word_1_503' title='bbox 1070 4845 1193 4906; x_wconf 82' lang='grc'><strong>265,</strong></span> <span class='ocrx_word' id='word_1_504' title='bbox 1214 4847 1282 4894; x_wconf 87' lang='grc'>22</span> <span class='ocrx_word' id='word_1_505' title='bbox 1321 4841 1461 4912; x_wconf 85' lang='lat' dir='ltr'>(scil.</span> <span class='ocrx_word' id='word_1_506' title='bbox 1490 4845 1527 4910; x_wconf 86' lang='grc' dir='ltr'>ἡ</span> <span class='ocrx_word' id='word_1_507' title='bbox 1559 4846 1871 4911; x_wconf 79' lang='grc' dir='ltr'>διςτακτικὴ</span> <span class='ocrx_word' id='word_1_508' title='bbox 1910 4845 2160 4914; x_wconf 84' lang='grc' dir='ltr'>ἔγκλιςις)</span> <span class='ocrx_word' id='word_1_509' title='bbox 2196 4846 2539 4912; x_wconf 84' lang='grc' dir='ltr'>παρεδέξατο</span> <span class='ocrx_word' id='word_1_510' title='bbox 2577 4846 2640 4899; x_wconf 82' lang='grc' dir='ltr'>ἐκ</span> <span class='ocrx_word' id='word_1_511' title='bbox 2677 4835 2969 4913; x_wconf 75' lang='grc' dir='ltr'>δυνάμεως</span> <span class='ocrx_word' id='word_1_512' title='bbox 3006 4849 3109 4898; x_wconf 81' lang='grc' dir='ltr'>τοῦ</span> <span class='ocrx_word' id='word_1_513' title='bbox 3140 4859 3264 4898; x_wconf 76' lang='lat' dir='ltr'>cuv·</span> 
     </span>
     <span class='ocr_line' id='line_1_53' title="bbox 633 4914 2160 4986; baseline 0.001 -17"><span class='ocrx_word' id='word_1_514' title='bbox 633 4916 835 4982; x_wconf 83' lang='grc' dir='ltr'>δέςμου</span> <span class='ocrx_word' id='word_1_515' title='bbox 872 4917 980 4982; x_wconf 83' lang='grc' dir='ltr'>τὴν</span> <span class='ocrx_word' id='word_1_516' title='bbox 1014 4918 1118 4968; x_wconf 82' lang='grc' dir='ltr'>τοῦ</span> <span class='ocrx_word' id='word_1_517' title='bbox 1157 4914 1436 4981; x_wconf 86' lang='grc' dir='ltr'>ὀνόματος</span> <span class='ocrx_word' id='word_1_518' title='bbox 1473 4918 1619 4970; x_wconf 87' lang='grc' dir='ltr'>θέςιν</span> <span class='ocrx_word' id='word_1_519' title='bbox 1658 4916 1971 4986; x_wconf 77' lang='grc' dir='ltr'>[εἰληφέναι</span> <span class='ocrx_word' id='word_1_520' title='bbox 2011 4915 2160 4985; x_wconf 90' lang='lat' dir='ltr'>del.].</span> 
     </span>
    </p>
   </div>
  </div>
 </body>
</html>
