3738 5530
1465 366 1656 420 ΩΜοΙ
1690 368 2141 422 ADVERBIVM.
2329 336 2345 345 ’
2971 369 3088 434 127

505 574 803 654 πρῶτον,
871 568 1032 651 ὅπερ
1088 568 1256 638 ἴδιον
1313 572 1765 656 ἀντωνυμιῶν,
1833 571 2081 653 «εἴγε»,
2149 573 2329 654 φαςί,
2397 573 2512 637 «τὸ
2578 574 2691 655 μὲν
2759 573 3090 659 ἐπίρρημα,

372 683 470 734 537
505 674 702 752 μένον
747 674 895 738 καθ’
939 674 1054 739 ἕνα
1098 675 1550 756 ςχηματιςμόν,
1608 676 1767 739 κατὰ
1809 676 2055 740 παντὸς
2099 676 2453 754 προςώπου
2508 675 2713 758 δίειςι,
2768 676 2843 740 τὸ
2903 678 2975 740 δὲ
3019 677 3090 742 ἐν

429 1196 455 1235 5

507 775 800 853 διακρίςει
848 777 1201 854 προςώπου
1246 777 1511 854 πρώτου
1554 777 1593 854 ἢ
1640 777 1710 842 ἐν
1756 776 2018 855 ρήμαςίν
2064 776 2228 841 ἐςτιν
2272 777 2311 854 ἢ
2356 776 2427 840 ἐν
2484 775 2937 856 ἀντωνυμίαις·
2988 780 3092 842 καὶ

506 876 560 941 εἰ
613 880 695 957 μὴ
753 875 919 955 ῥῆμα
967 879 1044 943 τό
1090 877 1286 962 ὤμοι,
1343 881 1541 959 ςαφὲς
1598 876 1696 943 ὅτι
1751 877 2173 956 ἀντωνυμία».
2250 879 2411 956 πρὸς
2469 877 2596 954 οἷς,
2654 879 2753 943 ὅτι
2808 880 2940 961 καί,
3000 879 3091 945 ὡς

506 980 784 1062 ἔφαμεν,
842 979 919 1043 τὸ
975 983 1215 1059 πλῆρες
1273 983 1386 1056 τῆς
1443 983 1670 1059 φωνῆς
1725 978 2067 1045 ἀκούουςιν
2123 981 2176 1044 ὢ
2233 979 2400 1058 ἐμοί,
2460 980 2551 1045 ὡς
2596 979 2726 1059 ἔχει
2770 982 2874 1045 καὶ
2913 982 3090 1060 παρὰ
3126 997 3158 1045 5

503 1079 842 1166 Παρθενίῳ

759 1182 812 1246 ὢ
860 1183 969 1264 ἐμὲ
1011 1185 1129 1262 τὴν
1172 1184 1254 1248 τὰ
1296 1184 1580 1263 περιςςά·
3191 1268 3198 1273 ¹

506 1286 608 1349 καὶ
672 1285 1063 1364 ἐπίμεμπτον
1126 1284 1435 1362 ἡγοῦνται
1490 1285 1565 1350 τό
1630 1285 1826 1365 ὤμοι
1892 1285 2042 1362 ἐγώ
2110 1284 2170 1368 (ε
2216 1283 2405 1368 299),
2462 1284 2955 1365 προβιβάζονταί
3018 1306 3088 1377 τε

505 1387 802 1463 λέγοντες
847 1387 945 1451 καὶ
991 1387 1062 1453 ἐν
1104 1378 1296 1472 τρίτῳ
1343 1386 1508 1453 εἶναι
1551 1389 1627 1452 τὸ
1673 1387 1880 1452 ὠοιοί.
2601 1390 2614 1413 ‘

674 1489 855 1553 Ἀλλ’
909 1487 1035 1553 ἐςτι
1091 1488 1256 1568 πρὸς
1311 1488 1585 1555 τούτους
1637 1490 1790 1555 τοὺς
1848 1488 2086 1566 λόγους
2144 1488 2362 1570 φάναι.
2446 1489 2608 1554 διότι
2662 1491 2778 1570 μὲν
2834 1489 2953 1556 οὖν
3008 1493 3087 1556 τὰ
3126 1504 3190 1554 10

502 1589 895 1670 ἐπιρρήματα
938 1595 1136 1655 ταῦτα
1181 1590 1261 1656 οὐ
1307 1592 1536 1671 μέτειςι
1580 1592 1738 1656 κατὰ
1780 1592 1909 1656 πᾶν
1955 1591 2336 1673 πρόςωπον,
2383 1593 2580 1672 ςαφὲς
2622 1592 2961 1669 γενήςεται.
3006 1629 3085 1639 -

402 1705 453 1788 19
506 1692 795 1757 Καθόλου
837 1694 917 1757 τὰ
960 1696 1227 1757 τοιαῦτα
1269 1700 1402 1759 τῶν
1438 1691 1957 1775 ἐπιφθεγμάτων,
2002 1693 2066 1759 ἐξ
2101 1691 2527 1758 αὐτοπαθείας
2562 1692 3086 1773 ἀναπεμπόμενα,

402 2111 449 2151 15

396 2927 447 2967 25

500 1795 613 1877 τὴν
669 1795 817 1873 περὶ
868 1793 984 1859 τὸν
1039 1794 1313 1869 λέγοντα
1364 1794 1569 1872 μόνον
1625 1797 1829 1860 πεῑςιν
1876 1795 2243 1877 ἀφηγεῑται,
2297 1797 2400 1859 καὶ
2454 1794 2641 1861 ἐνθεν
2688 1795 2807 1860 οὐκ
2850 1795 3086 1861 ἐπικοι-

500 1898 697 1962 νωνεῖ
753 1896 1075 1975 δευτέροις
1119 1897 1221 1960 καὶ
1270 1896 1523 1976 τρίτοις.
1600 1895 1846 1978 ἔφαμεν
1903 1897 2006 1979 δέ,Ι
2068 1896 2164 1961 ὅτι
2211 1895 2367 1961 οὐδὲ
2422 1894 2527 1960 ἐπὶ
2581 1896 2748 1975 ῥῆμα
2801 1896 3083 1977 φέρεται.

500 1998 599 2061 καὶ
641 1997 718 2061 τὸ
763 2000 1065 2062 τοιοῦτον
1110 1997 1305 2064 πάλιν
1351 1998 1693 2080 ἐπελύετο,
1749 1998 1840 2063 ὡς
1885 2002 2015 2064 πᾶν
2061 1999 2268 2063 πάθος
2322 1997 2564 2073 γίνεται
2609 1994 2678 2062 ἔκ
2722 2018 2895 2064 τινος
2952 1982 3085 2063 δια-
3127 2014 3188 2061 15

499 2099 762 2181 θέςεως,
820 2097 991 2163 ἴδιον
1037 2099 1110 2164 δὲ
1151 2103 1283 2164 τῶν
1341 2099 1639 2180 ῥημάτων
1695 2101 1996 2179 διάθεςις,
2051 2101 2153 2165 καὶ
2196 2100 2276 2179 ἦν
2320 2100 2480 2163 κατὰ
2522 2099 2718 2163 τοῦτό
2772 2120 2845 2177 γε
2890 2099 3087 2165 πάλιν

499 2199 817 2281 ἐπίρρημα
858 2201 934 2264 τὸ
981 2199 1177 2283 ὤμοι,
1233 2201 1373 2266 ἐπεὶ
1416 2202 1691 2267 διάθεςιν
1734 2204 1850 2282 τὴν
1896 2202 1966 2269 ἐκ
2022 2201 2301 2283 ῥήματος
2347 2201 2890 2283 ἀναπεμπομένην
2936 2199 3087 2280 εἶχε.

497 2302 597 2366 καὶ
641 2300 734 2365 ὡς
775 2302 891 2381 μὲν
937 2301 1017 2367 οὐ
1063 2302 1238 2369 δίειςι
1282 2305 1442 2369 κατὰ
1485 2306 1613 2368 πᾶν
1658 2303 2048 2387 πρόςωπον,
2108 2304 2321 2384 ςαφές.
2367 2339 2447 2350 --
2508 2302 2839 2368 Οὐδέποτε
2883 2301 3086 2368 ἀντω·

497 2403 708 2482 νυμίαι
755 2404 1298 2487 διπλαςιάζονται,
1357 2408 1438 2471 τὰ
1494 2407 1565 2469 δὲ
1609 2407 2035 2485 ςχετλιαςτικὰ
2076 2409 2210 2472 τῶν
2255 2405 2732 2484 ἐπιρρημάτων·
2788 2409 2906 2469 τοῦ
2960 2403 3085 2484 γάῤ

497 2504 746 2570 πάθους
801 2505 1219 2586 ἐπιμένοντος
1272 2507 1732 2588 ἐπεκτείνεται,
1803 2506 1872 2571 αἴ
1925 2505 1993 2570 αἴ
2047 2505 2144 2591 αἴ,
2211 2506 2276 2572 οἴ
2329 2505 2395 2572 οἴ
2449 2505 2533 2570 οἴ.
2631 2506 2734 2571 ἐπὶ
2790 2508 2905 2586 μὲν
2964 2504 3084 2572 οὖν
3121 2520 3189 2569 20

497 2607 740 2686 θρήνου
785 2605 931 2690 αἰαί,
978 2606 1121 2673 οἰοί.
1174 2611 1478 2674 τοιοῦτον
1523 2609 1593 2673 δέ
1639 2608 1764 2673 ἐςτι
1807 2609 1911 2672 καὶ
1953 2609 2028 2674 τὸ
2066 2607 2360 2688 οἰμοιμοῑ.
2394 2644 2474 2654 —-
2520 2608 2589 2672 ‘H
2627 2611 2692 2672 ᾖ
2731 2609 3083 2688 δίφθογγος

498 2708 704 2788 μακρά
747 2708 910 2775 ἐςτιν
967 2707 1036 2775 ἐν
1083 2709 1435 2793 ἀπτώτοις,
1496 2708 1586 2777 ὡς
1633 2709 1964 2790 ἐπεδείχθη
2012 2710 2082 2776 ἐν
2132 2718 2225 2795 τῷ
2280 2711 2427 2790 περὶ
2482 2708 2767 2794 χρόνων,
2822 2710 2927 2775 καὶ
2980 2710 3085 2775 διὰ

496 2815 692 2876 τοῦτο
738 2811 1051 2892 ἐπίρρημα
1095 2815 1208 2892 μὲν
1253 2815 1330 2878 τὸ
1378 2817 1539 2892 ὤμὀἶ
1585 2813 1663 2879 ὂν
1709 2813 2154 2892 παροξύνεται,
2202 2812 2411 2892 ὄνομα
2448 2813 2520 2876 δὲ
2560 2815 3085 2892 προπεριςπᾶται.

499 2911 678 2992 εἴπερ
723 2911 849 2992 ἄρα
893 2912 1013 2977 δύο
1060 2915 1216 2995 μέρη
1262 2915 1463 2992 λόγου
1508 2915 1583 2981 τὸ
1629 2915 1788 2995 ὤμοι
1834 2912 1951 2998 ἦν,
1995 2915 2099 2979 καὶ
2140 2915 2401 2979 πάντως
2441 2914 2482 2992 ἡ
2525 2918 2644 2979 τοῦ
2679 2913 2733 2978 ὦ
2766 2932 3084 2992 περιςπω-

498 3016 653 3094 μένη
710 3014 1014 3099 ἐςώζετο,
1073 3014 1205 3092 εἴγε
1259 3015 1633 3097 ἀμετάθετοι
1690 3015 1754 3079 αἱ
1807 3017 2313 3099 περιςπώμεναι,
2371 3016 2489 3082 κᾶν
2543 3016 2893 3092 ἐγκλιτικὸν
2952 3015 3084 3080 ἐπι·
3120 3028 3187 3078 25

498 3116 766 3196 φέρηται
808 3115 929 3181 κᾶν
975 3115 1366 3194 ἀνέγκλιτον.
1442 3117 1531 3181 ὡς
1590 3118 1671 3182 ἂν
1720 3116 1839 3182 οὖν
1893 3118 2236 3200 ἡνωμένου
2279 3122 2396 3183 τοῦ
2441 3117 2755 3198 ςχήματος
2809 3117 2848 3195 ἡ
2907 3116 3086 3183 ὀξεῖα

497 3217 625 3297 πρὸ
684 3218 910 3283 τέλους
966 3218 1131 3284 ἐςτὶν
1189 3219 1260 3285 ἐν
1315 3226 1407 3303 τῷ
1464 3219 1645 3299 ὤμοι.
1706 3242 1781 3267 ·--
1847 3219 2005 3284 Πῶς
2070 3219 2138 3283 δ’
2193 3218 2336 3299 οὐχὶ
2389 3221 2493 3283 καὶ
2545 3219 2807 3296 γέλοιον
2863 3218 2934 3284 ἐν
2988 3224 3083 3303 τῷ

397 3333 451 3372 ³⁰
501 3318 681 3383 ὠοιοί
724 3320 841 3400 <τό
886 3323 994 3402 Ut>
1038 3320 1107 3386 ἐκ
1149 3322 1366 3401 τρίτου
1411 3322 1859 3400 ἀντωνυμικοῦ
1895 3324 2337 3401 παρακεῑςθαι;
2382 3325 2523 3386 πῶς
2558 3321 2753 3387 πάλιν
2788 3324 3081 3385 δεδιπλα-

500 3421 761 3497 ςίαςται;
818 3425 949 3485 ποῦ
1009 3422 1050 3500 ἡ
1106 3425 1323 3488 δαςεῖα
1374 3426 1487 3502 τῆς
1538 3423 1967 3505 ἀντωνυμίας,
2026 3425 2064 3503 ἢ
2110 3428 2240 3490 ποῦ
2283 3423 2322 3501 ἡ
2367 3423 2843 3503 περιςπωμένη;
2899 3422 3085 3500 ἡνίκα

496 3523 621 3601 γὰρ
687 3523 808 3587 οὐκ
871 3523 1249 3608 ἐγκλίνεται,
1315 3528 1705 3605 περιςπᾶται.
1779 3526 2064 3604 καθάπερ
2131 3524 2250 3590 οὖν
2317 3531 2408 3608 τῷ
2475 3525 2678 3590 πόποι
2742 3526 2818 3589 τὸ
2878 3524 3084 3589 παπαί
3119 3537 3185 3586 30

364 3634 468 3687 538
501 3624 875 3704 παράκειται
926 3626 1026 3690 καὶ
1078 3633 1173 3711 τῷ
1230 3626 1451 3692 ὀτοτοῖ
1504 3629 1580 3693 τό
1635 3626 1895 3710 άταταῖ,
1950 3626 2159 3692 οὕτως
2214 3627 2318 3691 καὶ
2370 3633 2461 3710 τῷ
2518 3626 2702 3691 ὠοιοί
2756 3627 2833 3690 τὸ
2879 3624 3082 3708 ὠαιαί,

629 3811 847 3865 Anevu.
920 3816 984 3864 10
1019 3808 1131 3865 Sed
1155 3811 1442 3870 falluntur.
1481 3842 1547 3851 —
1585 3817 1648 3865 12
1672 3809 1822 3865 Nam
1858 3814 1902 3881 1)
1938 3812 2356 3867 interiectionee
2393 3812 2595 3880 suapte
2631 3812 2833 3865 natura
2866 3809 3081 3878 primae

497 3894 767 3946 personae
803 3879 958 3943 sunm
996 3908 1060 3918 —
1104 3886 1162 3934 18
1197 3883 1244 3948 8)
1269 3896 1557 3948 nunquam
1592 3894 1905 3948 pronomen
1939 3880 2202 3947 iteratur,
2241 3879 2394 3948 quod
2419 3879 2631 3934 factum
2655 3881 2803 3933 esset
2824 3878 2883 3931 in
2906 3878 3082 3942 οἰμοι-

500 3952 618 4011 μοῖς
675 3975 744 3985 -
793 3947 840 4014 e)
894 3945 941 3999 ei
993 3952 1085 4013 ffb‘t
1128 3963 1439 4027 pronougen
1485 3948 1657 4013 esset,
1711 3962 1823 4001 non
1879 3950 2022 4015 ὤμοι
2075 3948 2196 4026 sed·
2221 3949 2366 4013 ὦμοι
2420 3947 2774 4000 scribendum
2827 3947 2977 4010 erat;
3016 3975 3081 4024 ‚-

498 4014 772 4136 &imaum
814 4015 956 4134 ὤμιέι
1001 4031 1128 4068 eum
1173 4033 1294 4083 μοι,
1342 4018 1426 4069 lta
1470 4015 1632 4137 dtffto(
1677 4031 1803 4069 eum
1847 4016 1907 4071 ot
1950 4015 2324 4085 eompomtum
2370 4016 2541 4081 esset,
2590 4015 2741 4083 quod
2785 4030 2889 4068 nec
2923 4014 3080 4068 nono

496 4098 535 4151 p
722 4125 736 4150 ,
773 4097 878 4135 nee
939 4097 1120 4149 orma,
1161 4100 1266 4138 nee
1301 4099 1470 4138 accen
1538 4100 1590 4150 ες

628 4251 821 4309 Βιεοιι.
862 4269 1062 4305 sempr.
1138 4258 1184 4307 1.
1223 4255 1294 4308 τὸ
1332 4255 1435 4320 μὲν
1468 4251 1535 4322 b,
1575 4269 1676 4318 μεν
1712 4270 1780 4307 το
1815 4256 1889 4320 Α,
1936 4269 2073 4318 non,
2108 4256 2175 4306 ut
2205 4254 2245 4307 b
2279 4252 2454 4307 refert
2492 4252 2551 4306 in
2587 4268 2703 4307 var.
2738 4252 2886 4318 lect„
2926 4269 3029 4318 μεν
3067 4251 3075 4320 Ι

496 4326 543 4374 4.
579 4318 663 4375 οἷς
699 4321 763 4385 b,
802 4335 899 4373 ους
935 4320 978 4374 Α
1011 4322 1020 4384 Ι
1050 4325 1096 4379 5.
1135 4338 1225 4375 και
1259 4323 1330 4388 Α,
1368 4336 1475 4374 om.
1512 4323 1550 4375 b
1584 4321 1644 4374 in
1679 4322 1871 4387 textu,
1919 4320 2127 4376 adiecit
2160 4321 2218 4375 in
2254 4338 2370 4375 var.
2406 4320 2534 4374 leci:⁴
2566 4323 2574 4380 Ι
2611 4327 2686 4373 12.
2725 4322 2979 4376 Καθολου
3015 4322 3077 4385 Α,

497 4388 586 4440 cui
620 4390 890 4457 punctum
925 4402 1027 4464 pxjo
1064 4390 1340 4444 commate
1373 4390 1704 4458 praeposuit
1736 4388 2117 4455 RSchneider,
2155 4392 2295 4444 καθὸ
2331 4388 2368 4441 b
2399 4394 2409 4453 1
2443 4394 2521 4442 13.
2557 4406 2725 4457 πηςιν
2759 4404 2862 4457 pro
2897 4395 3081 4443 πεῑςιν

500 4458 569 4522 Α,
615 4456 772 4509 euius
814 4471 938 4509 mar
1039 4454 1060 4508 i
1094 4456 1274 4510 adseri
1318 4457 1391 4510 eit
1425 4459 1491 4511 Αι
1529 4475 1695 4526 πηςιν
1731 4473 1988 4511 τουτεςτι
2022 4475 2131 4526 την
2163 4463 2406 4525 παθηςιν
2469 4460 2478 4524 Ι
2547 4462 2623 4514 14.
2661 4473 2944 4525 επιρρημα
2979 4472 3078 4523 φε-

499 4541 664 4591 ρηται
687 4526 731 4578 Α
763 4533 772 4585 ι
802 4528 886 4581 21.
909 4539 941 4576 ο
967 4532 1153 4589 μοιμοῖ
1179 4475 1643 4591 ΟΡὲοὴοοωιιιιιι,
1682 4526 1737 4580 οἴ
1762 4526 1854 4590 μοί
1880 4541 1974 4591 μοι
1999 4526 2034 4578 b
2066 4535 2074 4590 Ι
2105 4527 2233 4594 poet
2254 4524 2360 4579 hoe
2384 4523 2722 4578 vocabulum
2746 4524 2841 4577 fol.
2876 4530 3035 4577 117v.
3067 4525 3073 4590 Ι

502 4594 543 4645 Η
582 4595 714 4646 ante
748 4591 849 4645 lin.
890 4593 931 4643 Α
964 4593 973 4655 Ι
1004 4598 1085 4646 22².
1112 4595 1407 4661 επεδειχθη
1443 4593 1561 4647 fere
1597 4609 1755 4647 evan.
1792 4593 1851 4645 in
1879 4595 1922 4648 Α
1954 4598 1963 4658 Ι
1992 4610 2026 4659 χ
2063 4611 2095 4647 ο
2120 4595 2201 4647 Aa:
2235 4593 2294 4646 in
2329 4609 2433 4645 rae.
2468 4598 2477 4655 Ι
2506 4598 2723 4646 25-26.
2751 4607 3080 4659 επιφερεται

499 4658 542 4712 Α
596 4663 604 4725 Ι
655 4665 737 4716 ⁶26.
774 4658 990 4727 ςχηματ
1027 4662 1070 4715 Α
1120 4661 1129 4725 Ι
1199 4665 1281 4714 28.
1320 4678 1388 4714 ωι
1425 4678 1516 4727 μοι
1552 4663 1595 4716 Α
1662 4665 1672 4728 Ι
1735 4663 1805 4715 τὸ
1841 4678 1899 4716 οι
1934 4610 2061 4715 aelf.
2096 4659 2347 4725 KLehre,
2383 4663 2451 4714 τὸ
2488 4659 2547 4715 οἳ
2581 4657 3026 4713 GFSchoemann
3065 4660 3073 4726 1

499 4733 579 4784 30.
616 4727 843 4795 ‘Aptius
878 4725 987 4796 leg.
1023 4731 1094 4781 τὸ
1131 4729 1307 4782 πόποι
1343 4734 1429 4797 τῷ
1467 4731 1651 4784 παπαί
1686 4730 2021 4796 παράκειται
2056 4732 2147 4783 καὶ
2182 4729 2253 4781 τὸ
2290 4731 2482 4782 ὀτοτοῖ
2511 4733 2597 4795 τῷ
2623 4729 2852 4794 ἀταταῑ,
2890 4729 3078 4782 οὕτως

500 4797 588 4847 καὶ
621 4797 691 4849 τὸ
729 4792 889 4850 ὠοιοί
923 4801 1010 4862 τῷ
1048 4796 1237 4850 ὠαιαί’
1274 4796 1310 4849 b
1348 4795 1407 4848 in
1443 4812 1558 4850 var.
1586 4799 1713 4851 leot.
1744 4799 1755 4865 Ι
1784 4804 1866 4855 31.
1904 4798 2099 4852 ὀτοτοῖ
2133 4798 2204 4851 τὸ
2242 4798 2444 4850 ἀταταῑ
2467 4794 2850 4864 RSehneider,
2884 4796 3078 4850 ὁτοτοί

498 4865 567 4915 τὸ
602 4863 802 4918 ἀταταί
839 4864 875 4916 b
906 4866 917 4931 Ι
949 4880 976 4918 ς
1010 4862 1070 4917 in
1104 4880 1293 4920 ουτως
1328 4880 1549 4919 erasum
1582 4865 1642 4917 in
1679 4866 1723 4918 Α
