3738 5530
572 347 1014 404 Commentarius
1043 347 1270 403 criticus
1299 350 1357 403 et
1385 348 1704 419 exegeticus
1730 347 1793 402 in
1819 347 2107 417 Apollonii
2135 347 2364 417 Dyscoli
2394 348 2603 419 scripta
2629 349 2862 404 minora.
2952 350 3039 414 45

605 517 879 579 Fuerimt
936 520 1038 593 qui
1095 519 1349 578 dicerent
1394 519 1713 593 pleniorem
1776 534 1899 578 esse
1954 519 2273 578 orationenz
2331 520 2630 578 ooniwneto
2685 536 2817 578 owm
2869 519 3040 578 verbo

420 609 787 682 pronomine,
834 609 987 682 quod
1029 625 1453 683 nonnumquam
1496 607 1743 667 sublatis
1776 608 2227 681 pronominibus
2274 625 2488 667 manca
2534 610 2797 669 evaderet
2838 611 3040 668 oratio.

430 697 561 772 Eyo
607 715 741 757 vero
786 715 929 772 neyo
977 699 1101 756 eius
1140 699 1371 772 ymerio
1416 697 1718 756 emmtiata
1751 698 2172 771 pronominum
2214 698 2490 772 indiyere,
2534 698 2638 757 ubi
2671 700 2820 771 ipsis
2852 698 3043 757 verbis

418 788 627 860 prima
677 787 1042 860 secundaque
1084 804 1346 861 persona
1377 786 1634 860 prolatis
1667 802 2065 860 personarwm
2106 787 2441 846 amatodo
2485 787 2815 858 indicatw·;
2865 788 3042 846 immo

429 878 794 950 euperflwum
838 893 1033 936 censeo
1068 878 1426 951 pronomina
1470 875 1644 944 addi,
1690 875 1792 934 ubi
1834 892 1955 934 non
2001 878 2083 935 est
2125 893 2597 950 opuspersonas
2639 879 2792 936 inter
2834 893 2898 936 se
2940 893 3040 950 op-

418 966 584 1040 poni.
647 962 741 1025 Ae
765 982 961 1040 paene
996 983 1065 1025 ea
1098 967 1326 1025 ratione
1360 966 1548 1024 onmis
1582 981 1768 1024 sermo
1805 964 2133 1024 cotidianus
2167 982 2413 1025 maneus
2450 983 2571 1025 esse
2605 966 2924 1037 viticomam
2959 968 3045 1025 sie

435 1056 592 1115 enim
637 1055 926 1129 loquimur
974 1056 1076 1129 23,
1099 1056 1332 1114 6—19.
1426 1052 1512 1113 Cf.
1560 1056 1715 1130 synt.
1768 1054 2017 1128 116,16
2049 1072 2134 1130 sq.
2202 1055 2346 1129 118,
2369 1056 2468 1114 26.
2520 1056 2769 1129 119,25
2800 1073 2925 1131 sqq.

615 1145 717 1219 23,
740 1146 776 1204 6
815 1139 1025 1222 Τινές]
1062 1144 1128 1202 in
1165 1143 1379 1221 quibus
1406 1142 1611 1203 Habro
1648 1143 1768 1202 fuit
1801 1146 1956 1219 synt.
1991 1145 2137 1220 119,
2158 1145 2213 1202 6.
2287 1143 2468 1204 Prisc.
2497 1145 2536 1202 l.
2576 1163 2619 1203 s.
2657 1162 2702 1204 s.
2739 1166 2795 1223 p.
2821 1144 3040 1219 155‚5.

615 1234 717 1307 23,
738 1234 956 1292 8-10
1003 1232 1183 1293 Prisc.
1232 1232 1348 1291 XII
1386 1235 1423 1292 8
1471 1252 1528 1309 p.
1569 1232 2018 1306 581,14-16.

614 1323 717 1398 23,
739 1325 816 1382 11
887 1317 1190 1400 ἐλλιπεῖς]
1257 1318 1371 1382 τὰς
1434 1318 1735 1382 τοιαύτας
1798 1317 2063 1397 φρὰςεις
2126 1323 2449 1382 sententias
2475 1327 2634 1383 ‘esse
2689 1326 2835 1401 puto
2891 1341 3043 1400 quae

433 1407 548 1485 μέν
584 1443 673 1454 -
709 1408 782 1472 δέ
825 1412 1136 1489 particulis
1191 1412 1573 1490 copulantur:
1637 1430 1789 1489 quae
1844 1430 1986 1471 sane
2040 1410 2142 1471 ubi
2197 1431 2306 1471 nec
2350 1411 2616 1472 subiecta
2661 1431 2769 1472 nec
2814 1412 3044 1473 obiecta

432 1502 589 1560 inter
630 1519 691 1561 se
729 1504 1127 1579 opponuntur,
1172 1520 1290 1562 non
1325 1501 1599 1580 indigent
1634 1501 2080 1579 pronominibus
2118 1501 2515 1561 subiectorum
2549 1502 2645 1561 vel
2683 1502 3044 1562 obiectorum

431 1592 559 1650 vice
622 1590 1033 1668 fungentibus:
1098 1590 1400 1651 sufficiunt
1458 1593 1617 1650 enim
1676 1590 1855 1650 verba
1914 1593 2045 1666 ipsa
2109 1590 2322 1667 quibus
2380 1610 2766 1668 personarum
2819 1593 3044 1651 vicissi-

430 1679 668 1739 tudines
722 1681 1087 1741 indicantur:
1150 1680 1301 1739 nihil
1357 1682 1516 1740 enim
1569 1681 1685 1739 nisi
1738 1680 1846 1738 has
1901 1678 2155 1739 indicari
2208 1698 2356 1757 opus
2412 1683 2527 1756 est3
2589 1681 2861 1759 indigent
2903 1699 3043 1740 vero

430 1769 877 1846 pronominibus
932 1769 1036 1829 ubi
1090 1769 1355 1830 subiecta
1407 1772 1565 1829 inter
1623 1788 1685 1829 se
1741 1771 2139 1845 opponuntur.
2249 1769 2490 1830 Rectius
2548 1772 2735 1847 igitur
2788 1788 2896 1848 pro
2951 1770 3044 1829 his

435 1856 730 1933 περιςςὸν
779 1854 994 1933 μέντοι
1032 1890 1121 1901 -
1158 1854 1213 1919 εἰ
1260 1856 1341 1933 μὴ
1388 1858 1500 1937 Ap.
1549 1858 1795 1918 dixisset
1840 1852 2193 1928 ἀναγκαίαν
2241 1854 2456 1933 μέντοι
2494 1890 2583 1901 -
2620 1854 2700 1919 εἰς
2748 1859 2851 1919 sed
2895 1860 3046 1918 talia

435 1947 677 2008 admisit
729 1949 847 2008 ille.
941 1940 1165 2029 (Quare
1211 1947 1681 2008 emendationem
1725 1947 1981 2026 Uhligfi,
2046 1950 2152 2024 qui
2196 1942 2366 2008 ὅπου
2413 1942 2621 2025 ‘quod’
2666 1966 2790 2009 esse
2837 1949 3046 2023 voluit,

434 2055 553 2097 non
597 2030 830 2119 probo.)
924 2037 1150 2098 Eadem
1194 2040 1429 2112 iterum,
1473 2039 1544 2096 ut
1588 2038 1756 2112 solet,
1801 2036 1997 2097 verbis
2042 2037 2378 2114 paullulum
2417 2040 2665 2097 mutatis
2702 2038 3044 2097 1.21—30

436 2129 705 2203 exponit,
766 2130 1048 2187 nimirum
1101 2129 1228 2205 ipse
1284 2129 1470 2187 sensit
1522 2145 1584 2186 se
1640 2130 1818 2186 antea
1872 2144 1991 2186 non
2051 2128 2196 2186 satis
2242 2128 2548 2203 perspicue
2593 2128 2858 2187 locutum
2902 2145 3043 2187 esse.

440 2214 714 2276 Ceterum
759 2219 810 2276 si
854 2219 1090 2294 quaeris
1136 2218 1469 2294 exemplum
1513 2218 1577 2275 in
1623 2235 1740 2293 quo
1785 2217 2113 2276 sententiae
2161 2211 2276 2289 μέν
2313 2247 2402 2258 -
2438 2212 2510 2276 δέ
2554 2217 2865 2294 particulis
2911 2235 3045 2276 con-

432 2308 669 2366 iunctae
704 2306 1151 2384 pronominibus
1191 2309 1419 2383 primae
1456 2304 1861 2382 secundaeque
1898 2323 2049 2382 pers.
2087 2308 2317 2365 carent.
2364 2306 2572 2381 quidni
2606 2306 2787 2365 liceat
2822 2308 3046 2366 oratori

434 2397 520 2454 sic
564 2395 784 2455 dicere:
830 2391 1042 2456 Τοῦτο
1090 2392 1204 2469 μὲν
1250 2391 1489 2455 πάντες
1532 2390 1733 2469 ἴςμεν·
1779 2389 1911 2455 ἴςτε
1957 2392 2029 2454 δὲ
2075 2391 2179 2454 καὶ
2224 2389 2323 2455 ὅτι
2368 2393 2542 2455 mk?
2630 2395 2776 2456 Eius
2813 2398 3044 2474 generis

436 2485 708 2561 exempla
750 2485 1071 2562 Apollonio
1115 2487 1180 2545 in
1225 2488 1506 2563 promptu
1550 2486 1733 2544 fuisse
1778 2483 2058 2544 videntur
2101 2487 2255 2560 synt.
2309 2488 2339 2543 1
2357 2489 2383 2543 1
2397 2485 2454 2559 7,
2477 2487 2531 2543 1.

617 2575 720 2648 23,
744 2577 820 2633 11
871 2570 978 2634 διὰ
1024 2568 1326 2649 ῥημάτων
1364 2573 1522 2634 delet
1556 2573 1836 2634 Hoersch.
1868 2575 1995 2633 379
2046 2567 2313 2633 ‘Erstens
2349 2572 2562 2652 besagt
2598 2569 2704 2634 διὰ
2741 2567 3043 2649 ῥημάτων

434 2662 729 2738 dasselbe‚
784 2682 906 2724 was
950 2666 1015 2723 in
1059 2659 1097 2737 ἡ
1146 2663 1278 2723 τῶν
1334 2657 1635 2739 ῥημάτων
1690 2657 2034 2737 παράθεςις
2089 2665 2152 2721 1ιι
2209 2661 2312 2722 der
2358 2661 2617 2739 Sprache
2674 2663 2777 2723 des
2822 2662 3044 2723 Autors

435 2752 624 2832 vollig
668 2753 804 2813 klar
838 2753 1236 2833 ausgedriickt
1271 2755 1379 2829 ist3
1423 2755 1699 2813 zweitens
1734 2752 1903 2813 hatte
1940 2773 2003 2812 er
2038 2752 2206 2812 nicht
2246 2751 2404 2813 diese
2434 2752 3046 2833 Zusammenstellung

435 2842 696 2922 gewahlt
738 2837 777 2915 ἡ
825 2842 958 2903 τῶν
1004 2838 1305 2918 ῥημάτων
1343 2838 1684 2917 παράθεςις
1721 2839 1827 2902 διὰ
1864 2836 2208 2917 ῥημάτων’.
2301 2842 2457 2912 Quid
2494 2845 2545 2902 si
2572 2842 2820 2903 dixisset
2843 2838 2883 2918 ἡ
2912 2842 3044 2903 τῶν

436 2927 737 3007 ῥημάτων
782 2928 1126 3007 παράθεςις
1172 2928 1250 2993 δι’
1298 2928 1514 2993 αὐτῶν
1559 2931 1691 2992 τῶν
1739 2926 2042 3006 ῥημάτων
2100 2927 2463 3006 ἀναπληροῖ
2507 2928 2624 3006 τὴν
2671 2931 2804 2992 τῶν
2849 2947 3042 3006 προς-

439 3017 639 3081 ώπων
687 3017 1023 3097 μετάβαςιν
1071 3016 1275 3082 ‘verba
1322 3021 1538 3098 quibus
1583 3022 1811 3081 utimur
1845 3040 1953 3098 per
1988 3040 2051 3081 se
2086 3023 2218 3098 ipsa
2255 3024 2403 3081 satis
2440 3016 2730 3082 indicant’
2777 3041 2825 3081 e.
2863 3042 2918 3098 q.
2958 3019 3048 3081 ss?

441 3109 513 3168 Id
559 3113 758 3188 ipsum
802 3112 1012 3186 voluit,
1058 3112 1161 3172 sed
1206 3113 1408 3171 omisit
1452 3106 1684 3170 αὐτῶν.

617 3202 1074 3276 23,12—24,1
1128 3202 1199 3259 ef.
1248 3200 1432 3270 Prisc.
1474 3199 1591 3258 m
1633 3203 1668 3259 2
1714 3220 1771 3276 p.
1814 3199 2387 3275 577‚22—57e,7.

617 3290 822 3363 23,18
878 3285 917 3363 ἡ
966 3289 1178 3365 χρῆςις
1233 3289 1350 3351 τοῦ
1400 3285 1566 3368 βίου]
1630 3284 1724 3347 ‘Id
1770 3292 1860 3349 est
1905 3284 1944 3362 ἡ
1991 3283 2118 3348 ἀνὰ
2164 3288 2345 3364 χεῖρα
2391 3284 2604 3362 ὁμιλία
2649 3293 2803 3366 synt.
2854 3291 3046 3366 37,2;

437 3373 476 3451 ἡ
524 3376 702 3452 κοινὴ
751 3374 978 3454 φράςις
1022 3380 1098 3438 11).
1146 3381 1290 3454 116,
1313 3381 1423 3454 28,
1485 3374 1524 3452 ἡ
1573 3376 1751 3453 κοινὴ
1801 3377 2014 3453 χρῆςις
2059 3377 2137 3436 11).
2190 3378 2425 3453 255,2;
2489 3375 2564 3438 τὸ
2621 3376 2841 3440 κοινὸν
2900 3374 3047 3440 ἔθος

435 3467 512 3526 ib.
565 3468 845 3544 184‚18;
909 3463 947 3528 ὁ
995 3465 1263 3543 ςυνήθης
1318 3465 1514 3540 λόγος
1569 3468 1646 3526 11).
1700 3468 1985 3542 122,18;
2048 3462 2087 3540 ἡ
2146 3463 2443 3542 ςυνήθεια
2496 3466 2572 3527 11).
2625 3470 2905 3543 323,22;
2969 3465 3046 3528 τὸ

437 3552 700 3631 ςύνηθες
745 3557 823 3616 ib.
878 3559 1022 3632 131,
1045 3552 1152 3617 28⁹
1198 3558 1237 3617 b
1282 3560 1346 3617 in
1390 3577 1513 3616 var.
1560 3558 1692 3617 lect.
1786 3556 2012 3626 Quibus
2077 3556 2220 3616 haec
2283 3556 2475 3616 adicio
2540 3553 2615 3617 τὸ
2681 3553 2901 3617 κοινόν
2965 3556 3043 3616 ib.

443 3647 545 3720 92,
569 3648 679 3721 1ος
723 3642 762 3720 ἡ
811 3642 989 3722 τριβή
1035 3647 1113 3706 11).
1145 3648 1249 3722 36,
1272 3649 1383 3722 2ος
1427 3642 1466 3720 ἡ
1515 3642 1786 3720 ςυνήθης
1832 3640 2061 3721 φράςις
2105 3647 2588 3723 pron.112‚13;
2634 3642 2671 3706 ὸ
2714 3642 2847 3722 βίος
2884 3650 3040 3723 synt.

438 3736 542 3810 40,
565 3738 631 3810 1;
677 3734 808 3794 adv.
860 3737 1006 3810 130,
1027 3736 1094 3811 6,
1156 3730 1195 3808 ἡ
1244 3733 1405 3796 κατὰ
1450 3732 1526 3795 τὸ
1573 3731 1720 3795 ἔθος
1764 3729 2077 3810 προφορά
2123 3737 2276 3811 synt.
2328 3736 2432 3810 38,
2453 3736 2565 3811 26,
2618 3730 2658 3810 ἡ
2707 3734 2919 3810 χρῆςις
2964 3736 3044 3794 11).

438 3826 542 3898 44,
566 3827 619 3883 7.
671 3827 773 3900 50,
795 3826 908 3902 2ος
970 3820 1009 3898 ἡ
1065 3820 1242 3900 παρὰ
1296 3823 1445 3885 πᾶςι
1502 3824 1713 3899 χρῆςις
1775 3824 1851 3883 ib.
1902 3825 2108 3899 43,17
2176 3816 2382 3906 (saepe
2447 3827 2767 3901 opponitur
2830 3821 3045 3897 λόγος,

433 3905 730 3996 η110);ἡ
770 3913 982 3989 χρῆςις
1027 3910 1152 3994 <ἡ>
1197 3910 1345 3989 παρ’
1384 3910 1673 3988 Ἕλληςιν
1712 3913 1841 3972 adv.
1877 3915 2022 3990 171,
2050 3917 2114 3988 7;
2158 3909 2197 3987 ἡ
2227 3910 2437 3987 πολλὴ
2468 3913 2681 3988 χρῆςις
2708 3913 2785 3973 11).
2821 3914 2967 3989 126,
2987 3916 3045 3973 4.

436 4002 607 4072 Quod
643 4005 798 4079 synt.
829 4005 988 4077 46,1
1032 4004 1250 4063 dicitur
1296 4000 1546 4064 ἐθνικόν
1593 4020 1651 4062 τι
1699 3998 1845 4063 ἔθος
1891 3958 2114 4080 potius
2130 4005 2221 4062 est
2257 4003 2546 4063 dialectus
2593 3995 2693 4085 (cf.
2727 4003 2803 4062 ib.
2838 4004 2940 4078 50,
2964 4005 3043 4063 16

433 4090 510 4153 τὸ
539 4088 804 4167 Δώριον
833 4085 1023 4174 ἔθος).
1089 4093 1215 4152 Α111
1243 4094 1377 4152 aliis
1406 4092 1646 4153 vocibus
1680 4095 1946 4151 utuntur.
1993 4092 2132 4151 Her.
2161 4091 2225 4150 H
2247 4093 2394 4166 935,
2408 4092 2445 4150 6
2475 4086 2514 4164 ἡ
2545 4089 2686 4153 νυνὶ
2725 4088 3045 4166 ςυνήθεια;

438 4181 593 4242 Sext.
643 4181 812 4259 Emp.
861 4182 991 4240 adv.
1038 4202 1124 4261 gr.
1172 4181 1202 4241 Ι
1243 4184 1369 4241 170
1419 4177 1458 4255 ἡ
1506 4178 1577 4243 ἐν
1622 4181 1761 4242 ταῖς
1808 4177 2079 4255 ὁμιλίαις
2124 4176 2571 4255 παρατήρηςις.
2657 4181 2925 4241 Ammon.
2976 4182 3048 4241 de

435 4274 743 4349 interpret.
792 4292 847 4349 p.
891 4273 1017 4330 214
1065 4267 1103 4345 ἡ
1152 4267 1463 4346 ςυνήθεια.

629 4361 945 4420 Verborwm
989 4363 1143 4420 enim
1188 4365 1270 4420 est
1320 4366 1541 4422 natura
1585 4365 1650 4419 ut
1696 4364 1747 4419 et
1791 4363 2072 4420 actionem
2118 4364 2170 4419 et
2207 4362 2473 4434 primam
2505 4377 2827 4435 personam
2886 4351 3049 4442 (eum

439 4453 542 4526 qui
586 4442 743 4532 agit)
802 4451 1082 4519 indicent,
1137 4452 1553 4524 pronominum
1608 4454 1800 4510 autem
1858 4453 1925 4509 ut
1980 4450 2167 4509 solam
2209 4467 2532 4524 personam
2586 4453 2640 4509 et
2680 4451 2735 4509 si
2777 4466 2924 4523 opus
2970 4453 3053 4508 est

438 4541 848 4614 oppositionem
900 4541 1238 4615 siqnifieent.
1328 4540 1542 4614 Itaque
1594 4558 1725 4599 cum
1778 4540 1956 4598 verba
1990 4542 2323 4613 ponwntuff,
2383 4541 2748 4613 superflamm
2794 4543 2876 4598 est
2907 4556 3049 4613 pro-

438 4631 680 4690 nomina
721 4632 1079 4690 nominativo
1125 4647 1268 4689 casu
1313 4630 1553 4697 addere,
1618 4629 1904 4702 siqwidem
1945 4629 2011 4688 id
2055 4630 2222 4687 ouius
2268 4646 2452 4688 eausa
2496 4629 2843 4689 adhibentur
2888 4621 2952 4710 (i.
3001 4648 3047 4686 e.

441 4737 824 4794 personarum
850 4709 1321 4800 vicissitudines)
1367 4719 1559 4778 verbis
1604 4735 1939 4792 effre-asum
1984 4721 2079 4778 est.
2159 4716 2275 4777 Ubi
2309 4735 2444 4777 vero
2479 4720 2664 4777 oratio
2700 4719 3052 4792 oppositione

440 4808 657 4881 indiget
712 4814 770 4868 et
821 4809 993 4870 verba
1049 4827 1177 4868 eam
1228 4826 1349 4867 non
1401 4809 1547 4868 satis
1602 4809 1919 4882 exprimere
1961 4811 2239 4880 possum,
2299 4825 2525 4866 neeesse
2571 4811 2652 4866 est
2694 4810 3052 4881 pronomina

430 4898 667 4970 primae
711 4902 765 4956 et
804 4900 1091 4958 semmdae
1123 4914 1282 4972 pere.
1330 4897 1619 4965 adhiberi,
1685 4896 2167 4971 quemadmodem
2222 4898 2394 4956 etiam
2436 4897 2769 4955 nommz‘bus
2813 4898 3049 4956 utimur.

441 4984 580 5044 Hae
605 4988 845 5057 ratione,
891 4991 962 5048 ut
988 5007 1169 5065 supra
1196 4987 1471 5060 dimne,
1515 4987 1668 5046 illud
1703 4980 2243 5059 παρεγενόμην
2292 4982 2448 5059 μέν,
2498 4981 2585 5046 οὐ
2624 4982 3051 5060 παρέτυχες
