3738 5530
1475 372 1574 424 DE
1610 366 1979 422 PERSONIS.
2945 364 3023 427 21

441 580 719 644 ἑαυτοὺς
776 577 1380 659 ςυλλαμβανόντων·
1482 576 1560 641 οὐ
1615 578 1737 655 γὰρ
1791 575 2086 654 ἄντικρυς
2142 572 2587 653 προςτακτικαὶ
2640 571 2704 634 αἱ
2747 572 3033 633 τοιαῦται

281 699 337 747 25
358 695 406 748 A
441 680 737 760 ἐκφοραί.

612 782 966 860 Ἐχομένως
1015 781 1318 847 ςκεπτέον
1363 782 1466 844 καὶ
1509 781 1655 858 περὶ
1696 784 1830 843 τῶν
1878 779 2035 843 κατὰ
2092 776 2386 854 κλητικὴν
2431 774 2836 855 προςώπων,
2890 771 3031 835 τίνα

434 883 504 946 τὲ
555 883 727 948 ἐςτιν
771 883 842 947 ἐν
887 882 1369 963 πρωτοτύποις,
1414 882 1555 946 τίνα
1597 901 1666 946 τε
1710 881 1782 946 ἐν
1826 882 2154 959 κτητικαῖς.
2244 876 2305 940 Εἰ
2352 876 2605 953 κλητική
2652 875 2774 939 ἐςτι
2820 877 3031 951 κλῆςις

431 988 570 1048 τῶν
616 985 847 1067 πέλας,
892 983 1102 1063 ὀρθῶς
1148 982 1298 1047 οὔτε
1342 984 1421 1047 τὰ
1464 988 1692 1061 πρῶτα
1734 983 2032 1060 κλητικὴν
2077 981 2207 1059 ἔχει
2252 982 2384 1042 τῶν
2423 976 2871 1055 πρωτοτύπων
2901 973 3032 1057 (καὶ
3067 994 3099 1041 5

432 1087 559 1164 γὰρ
619 1087 767 1164 περὶ
824 1085 1040 1151 αὐτῶν
1096 1084 1212 1150 τὸν
1272 1082 1473 1159 λόγον
1529 1085 1828 1164 ποιεῖται)
1888 1082 2037 1147 οὔτε
2092 1083 2172 1145 τὰ
2222 1079 2430 1165 τρίτα,
2486 1079 2625 1142 ἐπεὶ
2681 1079 2719 1155 ἢ
2773 1076 3030 1141 ἄπεςτιν

436 1188 857 1267 ἀναφορικῶς
903 1185 1244 1261 λεγόμενα,
1292 1184 1382 1248 ὡς
1428 1184 1619 1249 αὐτός
1666 1186 1765 1249 καὶ
1809 1185 2073 1261 ἐκεῖνος,

696 1291 906 1352 κεῖνος
951 1287 1142 1365 ἀνήρ,
1189 1287 1299 1352 ὅτ’
1347 1286 1521 1364 ἐμεῖο
1566 1287 1932 1351 κυνώπιδος
1978 1283 2176 1349 εἵνεκ’
2221 1281 2458 1361 Ἀχαιοί
2502 1282 2569 1364 (δ
2608 1277 2775 1364 145),

354 1402 399 1456 Β
432 1390 472 1467 ἢ
506 1389 830 1454 δείκνυται
873 1390 944 1454 ἐν
990 1389 1330 1470 διαςτάςει,
1377 1387 1467 1453 ὡς
1511 1388 1582 1452 ἐν
1626 1394 1717 1468 τῷ
1765 1384 2017 1469 [οὗτος]
2062 1386 2321 1450 ἐκεῖνος.
2388 1381 2552 1461 ὅπερ
2598 1381 2676 1446 οὐ
2709 1379 3032 1460 προςίεται

431 1491 471 1568 ἡ
517 1491 798 1568 κλητική.
887 1492 989 1554 καὶ
1031 1489 1270 1554 τούτου
1316 1491 1513 1554 πίςτις
1557 1489 1633 1553 τὸ
1678 1490 1793 1565 τὴν
1840 1489 1957 1567 μὲν
2003 1485 2195 1551 οὗτος
2251 1485 2350 1549 καὶ
2394 1484 2498 1549 ἐπὶ
2555 1485 2833 1563 κλήςεως
2887 1481 3029 1546 τάς·
3067 1499 3133 1548 10

430 1597 678 1674 ςεςθαι,
737 1593 895 1656 καθὸ
950 1591 1292 1668 πληςιάζει.
1402 1588 1456 1653 ὦ
1520 1587 1791 1671 οὗτος,
1846 1588 1886 1667 ἦ
1948 1587 2070 1671 οἰῇ
2139 1587 2553 1666 ςτρατείαν
2613 1584 3027 1659 ἐςςείςθαι;

435 1692 739 1773 (ώφρων
765 1691 869 1773 (fr.
895 1691 978 1754 23
1002 1689 1308 1776 Abrens).
1359 1692 1669 1768 Κρατῖνος
1700 1692 1771 1754 ἐν
1795 1691 2181 1768 Δραπέτιςιν
2207 1683 2746 1770 (oom.gr.IIp.5l
2769 1683 2996 1767 Mein.)
3015 1703 3029 1717 ·

607 1792 836 1876 οὗτος,
880 1793 1238 1865 καθεύδεις;
1286 1794 1353 1857 Β.
1403 1792 1525 1856 οὐκ.
1564 1792 1932 1870 ἀναςτήςεις
1978 1796 2181 1872 βοῶν·

436 1896 905 1975 Ἀριςτοφάνης
951 1896 1022 1959 ἐν
1068 1893 1301 1973 (φηξίν
1347 1896 1430 1974 (v.
1486 1892 1575 1977 1)-

605 1994 837 2079 οὗτος,
881 1997 941 2059 τί
984 1996 1276 2074 πάςχεις;
1322 1993 1376 2058 ὦ
1419 1994 1805 2072 κακόδαιμον
1851 1993 2118 2059 Ξανθία.
3069 2008 3127 2056 15

356 2112 393 2167 c
426 2098 658 2162 Ἄλλοι
705 2099 776 2162 δέ
818 2117 985 2161 τινες
1031 2096 1357 2177 ὑπέλαβον
1404 2097 1871 2174 ὠλιγωρῆςθαι,
1919 2096 2055 2160 ἐπεὶ
2100 2096 2205 2159 ἐπὶ
2247 2096 2533 2172 κλητικῆς
2579 2094 2776 2170 ἐτέθη.
2845 2092 3026 2156 «δέον

428 2199 613 2280 γάρ»,
680 2220 853 2281 φαςι,
922 2200 1067 2276 «τὴν
1127 2198 1198 2263 ςύ
1265 2200 1722 2277 παρειλῆφθαι·
1793 2198 1989 2276 ἐχρῆν
2045 2217 2114 2261 τε
2180 2196 2269 2261 εἰς
2313 2200 2351 2259 ἐ
2419 2196 2664 2272 λήγειν;
2729 2194 2886 2257 καθὸ
2949 2193 3029 2256 τὰ
3121 2264 3146 2295 a

433 2301 661 2365 τοιάδε
717 2304 851 2365 τῶν
907 2305 1241 2365 πτωτικῶν
1298 2299 1387 2364 εἰς
1430 2306 1470 2363 ἐ
1525 2301 1703 2379 λήγει
1756 2300 1916 2363 κατὰ
1959 2300 2075 2377 τὴν
2120 2297 2447 2376 κλητικήν·
2505 2296 2597 2360 ἔτι
2654 2315 2727 2370 γε
2784 2296 2905 2373 μὴν
2951 2294 3027 2358 τὸ

430 2402 614 2481 παρὰ
673 2400 974 2480 (ώφρονι
1033 2403 1135 2466 καὶ
1188 2401 1431 2480 ἄρθρον
1487 2402 1884 2481 προςέλαβεν
1931 2386 2012 2464 ’ἐν
2068 2404 2161 2481 τῷ
2218 2400 2271 2462 ὦ
2327 2396 2613 2462 οὗτος.»
2713 2395 2900 2460 Πάνυ
2955 2398 3026 2459 δὲ

434 2502 669 2581 εὔηθες
710 2502 786 2566 τὸ
830 2507 1154 2568 τοιοῦτον.
1256 2503 1347 2567 δι’
1402 2502 1483 2567 οὗ
1526 2502 1650 2581 γὰρ
1694 2503 1899 2578 λόγου
1943 2499 2339 2566 κανονίῑεται
2383 2499 2459 2563 τὸ
2505 2499 2747 2564 ἐκεῖνος
2790 2498 2890 2561 καὶ
2934 2498 3027 2562 ἔτι
3063 2516 3131 2564 20

424 2605 501 2668 τὸ
549 2605 761 2668 πόςος
813 2604 916 2668 καὶ
970 2607 1163 2669 ποῖος
1216 2602 1504 2682 ἀμοιρεῖν
1548 2606 1867 2682 κλητικῆς,
1925 2604 2032 2667 διὰ
2086 2599 2324 2667 τούτου
2369 2598 3028 2666 καταςκευάζεται·ὡς

274 2721 398 2774 26A
433 2705 510 2770 τὸ
561 2702 764 2770 οὗτος
808 2703 1021 2783 ὀρθῶς
1068 2705 1173 2770 ἐπὶ
1216 2707 1504 2784 κλητικῆς
1547 2706 1883 2772 τετάξεται.
1969 2704 2222 2782 κλητικὴ
2253 2702 2375 2781 γὰρ
2422 2703 2629 2780 κλῆςις
2659 2706 2776 2767 τοῦ
2806 2701 3027 2783 πέλας,

430 2807 641 2871 πέλας
690 2807 763 2871 δέ
808 2807 934 2870 ἐςτι
979 2807 1056 2871 τὸ
1104 2805 1323 2884 οὗτος,
1388 2811 1678 2887 κλητικῆς
1723 2807 1848 2887 ἄρα
1892 2807 2190 2871 τεύξεται.
2235 2841 2321 2852 -
2363 2806 2646 2882 προαλὲς
2692 2806 2781 2868 δὲ·
2808 2803 2908 2867 καὶ
2951 2803 3027 2866 τὸ

427 2907 481 2969 ὦ
528 2907 784 2986 ἄρθρον
830 2908 1320 2986 παραδέχεςθαι·
1367 2909 1648 2974 ἐκπίπτει
1692 2910 1817 2987 γὰρ
1857 2911 1971 2984 τῆς
2010 2910 2143 2970 τῶν
2175 2905 2434 2984 ἄρθρων
2466 2906 2736 2971 ἐννοίας.
2815 2904 3028 2968 ἄλλως

425 3029 493 3072 τε
542 3008 890 3087 διδομένης
932 3013 1045 3086 τῆς
1090 3012 1378 3088 κλητικῆς
1422 3011 1755 3088 δοθήςεται
1798 3011 1902 3073 καὶ
1943 3010 2020 3073 τὸ
2067 3006 2142 3070 ὦ.
2197 3044 2264 3053 -
2315 3007 2464 3072 ἰ’ςως
2507 3009 2580 3070 δὲ
2623 3007 2726 3070 καὶ
2769 3005 3026 3089 Ἀττικῷ
3066 3020 3131 3069 25

424 3109 555 3174 ἔθει
605 3108 702 3174 εἰς
749 3113 821 3172 (Tc
867 3109 1087 3188 ἔληξεν
1133 3110 1238 3174 ἐπὶ
1280 3113 1569 3190 κλητικῆς
1613 3110 1850 3190 ὁμοίως
1894 3115 1985 3192 τῷ

1376 3213 1489 3277 δὸς
1534 3212 1727 3292 φίλος
1774 3216 1841 3296 (ρ
1885 3209 2060 3296 415).

426 3311 649 3377 ἄλλως
697 3332 767 3376 τε
810 3312 1177 3391 ἐδείχθηςαν
1221 3313 1530 3377 πολλάκις
1573 3313 2006 3378 ἀνακόλουθοι
2048 3312 2114 3376 αἱ
2157 3311 2559 3390 ἀντωνυμίαι.

354 3466 393 3518 Β
608 3445 749 3509 Ἐπί
804 3467 877 3521 γε
921 3451 1042 3527 μὴν
1088 3452 1218 3512 τῶν
1262 3452 1565 3526 κτητικῶν
1613 3448 1960 3513 ἀκωλύτως
2004 3447 2107 3511 ἐπὶ
2151 3450 2269 3511 τοῦ
2314 3447 2607 3523 πρώτου·
2666 3445 2859 3508 οὐδὲν
2903 3445 3029 3524 γὰρ

428 3549 508 3628 ἧν
561 3549 905 3627 ἐμποδών,
957 3548 1117 3613 ὥςτε
1161 3549 1277 3614 τὸν
1323 3550 1707 3627 κεκτημένον
1751 3550 1826 3613 τὸ
1873 3552 2072 3626 κτῆμα
2115 3551 2569 3628 προςφωνεῑν,
3062 3572 3131 3620 30

562 3701 792 3751 Auovx.
863 3706 893 3751 3
938 3698 1217 3752 Vocativo
1265 3699 1705 3769 compellantur,
1756 3715 1901 3767 quae
1954 3713 2131 3768 prope
2185 3698 2340 3762 sunt3
2385 3696 2578 3765 itaque
2615 3695 2937 3764 personalia
2972 3701 3029 3750 et

421 3783 652 3851 primae
692 3782 950 3838 vocativo
987 3785 1208 3848 carent,
1244 3786 1304 3837 et
1336 3782 1540 3837 tertiae
1577 3785 1805 3851 praeter
1837 3784 2032 3844 οὗτοςς
2070 3797 2202 3835 nam
2227 3782 2395 3835 οὗτος
2423 3797 2491 3835 ea
2513 3781 2860 3834 demonstrat
2883 3796 3030 3847 quae

420 3868 479 3921 in
527 3868 855 3936 propinquo
901 3868 1060 3930 eunt,
1108 3881 1235 3919 oum
1280 3870 1472 3921 cetera
1512 3867 1717 3921 tertiae
1762 3868 1862 3920 ant
1905 3866 2196 3920 relationis
2242 3869 2353 3919 vim
2399 3864 2650 3919 habeant
2696 3865 2797 3918 ant
2841 3863 2915 3917 ad
2960 3880 3030 3917 ea

421 3953 696 4021 spectent
718 3966 862 4019 quae
888 3951 1107 4005 remota
1129 3953 1276 4008 sunt.
1300 3982 1362 3991 —
1390 3958 1456 4005 29
1481 3950 1813 4006 Possessivia
1835 3951 2052 4021 primae
2075 3965 2349 4019 personae
2375 3949 2664 4003 vocativus
2695 3947 3030 4002 tribuendus

422 4037 538 4100 est:
578 4034 865 4089 secundae
903 4035 1288 4104 abrogandas,
1327 4052 1436 4089 non
1475 4037 1555 4090 eie
1591 4036 1662 4089 de
1699 4036 1908 4100 causis,
1946 4050 2091 4102 quae
2130 4034 2254 4087 aliie
2287 4034 2439 4088 visae
2482 4034 2636 4086 suntz

564 4169 763 4223 D1scn.
804 4188 996 4225 scmrr.
1072 4178 1119 4225 3.
1160 4173 1431 4239 κλητικὴν
1465 4171 1529 4235 b,
1566 4174 1782 4239 κλιτικη
1820 4172 1918 4237 Α“,
1957 4169 2013 4222 in
2052 4172 2287 4238 κλητικη
2325 4170 2460 4222 mut.
2502 4169 2582 4223 A³
2644 4170 2654 4235 Ι
2719 4175 2766 4221 4.
2802 4185 2849 4222 ει
2886 4184 2954 4220 ex
2991 4186 3028 4236 η

422 4272 565 4311 corr.
606 4256 675 4308 ΑΙ
724 4259 735 4321 Ι
773 4271 920 4310 εςτιν
956 4257 999 4309 Α
1031 4255 1042 4324 Ι
1073 4259 1259 4323 κλῆςις
1296 4255 1448 4319 Aah,
1493 4260 1662 4310 κλιςις
1699 4257 1761 4308 A·
1806 4262 1815 4313 ι
1854 4259 2022 4307 5-6.
2068 4255 2159 4308 καὶ
2194 4256 2302 4321 γὰρ
2338 4251 2589 4322 GUhlig‚
2635 4254 2703 4307 οὐ
2739 4255 2846 4320 γὰρ
2884 4252 2975 4306 Ab
3018 4254 3024 4320 Ι

422 4345 472 4392 9.
512 4340 693 4393 οὗτος
731 4338 1008 4408 expungit·
1041 4337 1404 4394 RSkrzeczka
1456 4349 1464 4396 Ι
1524 4347 1597 4393 11.
1633 4341 1668 4404 ἦ
1708 4339 1798 4407 oh]
1836 4338 2171 4405 HLAhrenS,
2210 4357 2245 4405 η
2283 4356 2373 4404 οιη
2400 4339 2443 4393 Α
2482 4339 2548 4391 ut
2583 4336 2770 4402 7207,
2807 4338 2899 4404 οἴῃ
2938 4336 2974 4389 b
3018 4339 3022 4402 Ι

424 4424 733 4490 ςτρατείαν
757 4422 1123 4490 δ,·ςτρατιαν
1150 4425 1192 4476 Α
1225 4428 1235 4491 Ι
1266 4424 1525 4479 ἐςςείςθαι
1553 4423 1869 4477 HLAhrens
1882 4463 1901 4489 ,
1925 4424 2186 4477 ἑςςεῖςθαι
2211 4422 2249 4476 b
2280 4425 2289 4490 Ι
2324 4430 2401 4476 13.
2429 4423 2601 4476 οὗτος
2625 4420 2689 4487 b,
2731 4438 2917 4475 ουτως
2943 4423 2986 4475 Α
3017 4422 3024 4488 Ι

427 4509 486 4562 Β.
527 4508 643 4560 οὐκ
680 4508 1004 4582 ἀναςτήςεις
1041 4511 1195 4573 βοῶν
1233 4506 1468 4572 GKoen,
1505 4525 1608 4562 ουκ
1643 4523 1968 4574 αναςτηςεις
2007 4511 2196 4573 βοτων
2233 4510 2303 4573 Α,
2338 4508 2443 4560 οὐκ
2480 4507 2772 4572 ἀναςτήςει
2798 4506 3027 4571 Βάτων;

422 4590 733 4659 'l'hBergk‚
762 4591 949 4645 ὀὗτος
975 4594 1290 4656 καθεύδεις;
1318 4594 1421 4646 οὐκ
1447 4594 1790 4658 ἀναςτὴςει;’
1817 4595 1973 4657 βοῶν
1997 4588 2274 4646 CGCobet
2302 4592 2312 4657 Ι
2345 4597 2423 4643 16.
2452 4591 2621 4644 οὗτος
2644 4589 2709 4654 b,
2735 4606 2922 4644 ουτως
2948 4591 2990 4643 Α
3019 4589 3024 4656 Ι

428 4681 507 4731 16.
548 4676 943 4741 ὠλιγωρῆςθαι
980 4675 1044 4739 b,
1082 4679 1452 4744 ωλιγορηςθαι
1478 4677 1521 4731 Α
1554 4686 1562 4740 Ι
1592 4682 1675 4730 21.
1705 4678 1877 4731 πόςος
1914 4675 1980 4740 b,
2019 4692 2225 4731 οποςος
2246 4677 2319 4740 Α,
2354 4672 2536 4727 sedin
2561 4691 2731 4730 ποςος
2757 4675 2895 4727 mut.
2923 4675 2990 4727 ΑΙ
3018 4676 3026 4741 Ι

424 4766 508 4817 22.
546 4763 820 4826 κλητικῆς
855 4759 890 4811 b
927 4759 989 4813 οδ
1023 4760 1094 4824 Α,
1133 4775 1302 4827 quem
1339 4762 1588 4828 κληςεως
1622 4760 1832 4814 habore
1867 4759 2009 4813 saiso
2047 4759 2186 4813 dicit
2218 4759 2254 4812 b
2290 4758 2350 4812 in
2386 4774 2502 4817 var.
2536 4758 2668 4816 loofi.
2715 4760 2725 4825 Ι
2772 4763 2855 4813 23.
2881 4775 3032 4814 εςτιν

426 4847 471 4898 Α
502 4855 513 4912 ι
544 4846 821 4912 κλητικῆς
854 4844 926 4911 b,
963 4848 1214 4912 κληςεως
1252 4845 1295 4899 Α
1329 4853 1337 4910 Ι
1367 4851 1450 4900 29.
1486 4862 1503 4898 ι
1539 4844 1596 4900 in
1634 4861 1770 4901 voce
1808 4862 1901 4902 επι
1935 4844 1994 4899 in
2030 4860 2226 4900 rasura
2260 4845 2326 4900 Αι
