3738 5530
584 360 1024 418 Commentarius
1055 361 1281 417 criticus
1309 365 1368 418 et
1394 363 1714 434 exegeticus
1742 363 1800 417 in
1831 362 2121 434 Apollonii
2147 361 2383 433 Dyscoli
2412 363 2621 434 scripta
2647 364 2881 419 minora.
2956 363 3088 429 203

645 533 728 591 In
782 527 1151 608 οὐρανόθι
1207 529 1352 608 πρό
1405 535 1701 608 scriptura
1751 534 2072 593 Homerica
2114 535 2366 608 plurimi
2420 534 2744 606 offendunt,
2805 536 2959 608 quod
3018 526 3090 592 θῖ

471 624 758 695 suffixum
801 624 903 682 ubi
956 624 1097 696 quid
1139 625 1218 681 sit
1265 624 1530 682 indicare
1581 623 1774 682 soleat.
1872 624 2068 699 Quare
2112 618 2482 698 οὐρανόθι
2535 624 2601 681 in
2657 618 3087 697 οὐρανόθεν

472 714 694 770 mutari
736 713 1056 770 voluerant.
1152 711 1265 772 Gai
1310 712 1418 771 alii
1459 713 1564 771 hoc
1607 717 1922 786 opponant,
1978 708 2407 787 οὐρανόθεν
2452 714 2608 771 idem
2652 729 2772 770 esse
2816 713 2968 786 quod
3015 707 3089 772 ἐξ

470 797 834 875 οὐρανοῦ,
879 802 1075 874 itaque
1118 797 1267 876 πρὸ
1314 797 1387 862 ἐξ
1434 798 1774 876 οὐρανοῦ
1819 802 1970 873 ferri
2012 819 2133 861 non
2166 819 2356 875 posse.
2446 800 2564 860 Sed
2596 804 2787 875 potest
2827 802 2992 874 fervi,
3037 803 3093 859 si

471 885 900 965 οὐρανόθεν
944 891 1031 949 ita
1076 893 1294 964 accipis
1337 895 1405 950 ut
1445 892 1600 950 idem
1643 891 1837 951 valeat
1880 892 2033 965 quod
2078 886 2434 964 οὐρανοῦ.
2510 890 2880 965 Quamquam
2911 908 3091 964 prae—

467 984 583 1038 stat
623 982 690 1038 in
732 978 1031 1053 scriptura
1076 975 1461 1055 οὐρανόφι
1507 976 1659 1055 πρό
1704 982 2080 1055 acquiescere,
2126 982 2269 1054 quia
2302 981 2530 1053 formae
2572 983 2636 1039 in
2671 977 2750 1055 δι
2795 981 3093 1039 derivatae

466 1069 629 1127 haud
673 1086 814 1127 raro
857 1068 1006 1127 nih-sl
1050 1068 1217 1128 aliud
1256 1071 1593 1144 siqnificant
1626 1072 1746 1129 nisi
1785 1073 2145 1143 genetivmm·
2188 1072 2275 1129 ita
2319 1072 2390 1142 fit
2431 1073 2497 1128 al
2533 1086 2664 1128 cum
2700 1070 3093 1143 compluribus

458 1159 992 1233 praepositionibus
1036 1161 1291 1218 construi
1325 1161 1557 1233 possim
1606 1160 2008 1235 195,3—22.

653 1249 798 1323 195,
820 1249 858 1307 3
909 1243 1252 1327 Σέλευκος]
1301 1251 1454 1324 synt.
1490 1249 1637 1323 167,
1659 1250 1726 1323 93
1771 1249 1843 1307 cf.
1873 1247 2224 1322 MSchmidt,
2272 1246 2550 1307 Seleucus
2596 1246 2701 1307 der
2741 1247 3094 1307 Homeriker

472 1338 593 1396 und
640 1338 801 1396 scine
847 1336 1521 1412 Namensverwandten,
1566 1337 1780 1397 Philol.
1800 1337 1952 1396 VIII
1990 1338 2148 1413 4363
2193 1338 2393 1415 Bapp,
2441 1335 2765 1397 Comment.
2813 1336 3092 1396 Ribbeck.

482 1427 605 1485 258
627 1445 754 1502 sqq.
846 1427 984 1485 Max
1030 1426 1296 1501 Mueller,
1342 1427 1432 1486 De
1480 1426 1724 1486 Seleuco
1770 1427 2104 1502 HomericO,
2152 1426 2344 1487 Goett.
2387 1428 2575 1486 1891.

656 1516 799 1591 195,
833 1516 870 1573 5
932 1515 1004 1573 cf.
1054 1513 1427 1575 OSchneider
1471 1516 1534 1575 Π
1580 1518 1738 1591 448,
1797 1518 1895 1575 cui
1954 1518 2275 1576 assentitur
2333 1516 2611 1595 Egenolff
2648 1515 2679 1575 I
2727 1517 2873 1576 839.
2980 1515 3094 1575 Sed

471 1605 734 1664 medium
795 1600 1309 1679 μεταγράφεεθαι
1368 1605 1689 1682 Apollonio
1748 1609 1990 1665 omnino
2054 1625 2173 1665 non
2234 1606 2325 1665 est
2380 1606 2705 1680 usitatum3
2769 1624 2950 1681 quare
3010 1606 3095 1664 sic

471 1695 672 1771 potius
720 1694 972 1753 scribere
1016 1696 1081 1752 in
1135 1696 1391 1754 mentem
1437 1696 1670 1755 venerit
1714 1689 1878 1770 ὅπερ
1935 1691 2348 1769 μετέγραψαν
2391 1689 2568 1775 (eie)
2612 1692 2689 1754 τὸ
2737 1690 3094 1769 οὐρανόθεν

477 1784 549 1842 cl.
586 1803 753 1860 pron.
795 1785 897 1858 48,
923 1786 959 1842 2
1006 1780 1172 1843 τὸ..
1220 1779 1334 1844 ἑὸν
1382 1778 1662 1855 ἄγγελον
1710 1779 2229 1860 μεταγράφουειν
2287 1778 2377 1844 εἰ(
2420 1781 2497 1843 τὸ
2543 1780 2746 1858 ταχὺν
2795 1778 3093 1855 ἄγγελον.

473 1873 544 1931 Id
589 1876 788 1950 ipsum
825 1875 1075 1931 coniecit
1109 1872 1389 1933 Hoersch.
1423 1874 1568 1932 387.
1643 1873 1867 1933 Verum
1907 1869 2342 1948 μεταγράφειν
2388 1891 2521 1932 cum
2567 1876 2750 1933 etiam
2796 1875 2881 1933 sic
2926 1891 3095 1932 usur-

470 1964 663 2039 petur,
719 1963 789 2020 ut
843 1964 924 2021 sit
978 1957 1184 2022 ‘aliam
1238 1964 1594 2040 scripturam
1648 1957 2031 2022 substituere'
2080 1956 2274 2044 (pron.
2315 1964 2419 2037 42,
2442 1965 2522 2021 22
2581 1958 2685 2022 καὶ
2738 1958 2844 2021 διὰ
2898 1961 3094 2023 τοῦτο

471 2048 623 2112 τοὺς
680 2049 795 2124 μὲν
852 2047 1285 2127 μεταγράφειν
1342 2049 1418 2111 τὸ
1476 2047 1729 2113 ἔτευξεν
1777 2046 1953 2112 ‘alios
2012 2054 2371 2128 scripturam
2426 2047 2679 2113 ἔτευξεν
2735 2052 3095 2112 substituere

471 2143 544 2199 ut
588 2132 1165 2222 praestantiorem'),
1210 2144 1542 2200 mutatione
1590 2160 1739 2218 opus
1784 2161 1905 2201 non
1952 2159 2077 2201 esse
2125 2142 2415 2216 existimo,
2469 2144 2520 2200 si
2569 2135 2731 2215 ὅπερ
2778 2142 2869 2199 ita
2913 2143 3093 2199 inter-

471 2231 726 2306 pretaris
773 2233 842 2289 ut
886 2230 967 2289 sit
1013 2225 1220 2306 ‘quam
1266 2231 1340 2290 ob
1385 2225 1564 2305 rem'3
1611 2250 1729 2306 quo
1775 2231 1849 2289 de
1895 2249 2009 2290 usu
2054 2230 2131 2289 ad
2177 2250 2343 2307 pron.
2389 2232 2534 2306 103,
2558 2233 2593 2288 7
2643 2229 2780 2288 dixi

655 2319 801 2393 195,
824 2321 859 2378 6
909 2314 1104 2379 πάλιν
1152 2315 1362 2380 ἐδόκει
1406 2314 1536 2398 καί]
1586 2316 1690 2380 καὶ
1735 2316 1931 2379 πάλιν
1979 2315 2188 2381 ἐδόκει
2232 2319 2445 2379 Matth.
2486 2320 2516 2378 Ι
2565 2320 2664 2378 78.
2740 2320 3003 2379 Frustra.

656 2410 800 2482 195,
825 2411 861 2467 9
911 2405 1105 2483 χωρὶς
1152 2403 1204 2469 εἰ
1253 2404 1364 2488 μή]
1403 2408 1476 2467 de
1513 2409 1624 2467 hac
1660 2409 2092 2486 particularum
2129 2408 2540 2469 coniunctione
2580 2402 2759 2491 (197,
2782 2411 2893 2484 243
2939 2411 3092 2485 synt.

477 2500 579 2573 59,
600 2499 683 2555 25
716 2454 844 2580 311.)
892 2499 964 2557 cf
1011 2496 1155 2557 Lob
1196 2497 1271 2557 ad
1317 2498 1536 2574 Phryn.
1577 2500 1723 2557 459

652 2588 1081 2661 195,10—17
1113 2589 1184 2645 cf.
1207 2587 1340 2646 adv.
1365 2589 1512 2663 185,
1531 2589 1697 2646 17-
1708 2589 1832 2647 186
1838 2589 1940 2663 ,9;
1976 2607 2143 2664 pron.
2168 2589 2270 2661 66,
2290 2588 2699 2662 20—67,19,
2736 2587 2851 2645 EM
2874 2588 3092 2664 466,3.

658 2677 907 2751 195,16
958 2672 1036 2737 οὐ
1085 2671 1480 2757 λεκτικῶς]
1483 2696 1604 2736 non
1648 2678 1737 2736 ita
1781 2680 1851 2735 ut
1887 2678 2193 2755 propriam
2231 2677 2498 2753 aliquam
2534 2677 2657 2736 vim
2701 2671 2971 2751 habeat'3
3019 2677 3095 2736 ad

475 2786 640 2843 pron.
685 2767 865 2841 59,1.

654 2856 801 2932 195,
837 2859 918 2915 19
994 2852 1099 2916 ἐπὶ
1170 2855 1422 2932 γενικῆς
1493 2819 2060 2934 παραλαμβάνεται
2131 2855 2170 2916 1.
2224 2876 2270 2916 3.
2339 2857 2496 2916 idem
2568 2855 2866 2935 significat
2937 2857 3096 2933 quod

479 2946 802 3024 genetivus.

657 3035 801 3109 195,
824 3037 901 3093 21
956 3030 1027 3095 ἐν
1074 3036 1430 3115 παραγωγῇ
1474 3032 1677 3110 μόνον
1713 3031 1877 3096 κατὰ
1923 3032 2038 3097 τὰ(
2084 3030 2289 3110 ἀρχὰ(
2323 3031 2406 3095 τὰ
2442 3035 2710 3096 τοιαῦτα
2745 3034 2878 3095 τῶν
2917 3031 3090 3110 ἐπιρ-

474 3119 775 3198 ρημάτων
823 3119 1427 3205 παρελαμβάνομεν]
1480 3127 1623 3200 164,
1645 3127 1928 3200 4-165,
1953 3127 2053 3186 19.
2146 3125 2261 3184 Sed
2307 3124 2394 3183 ibi
2438 3124 2708 3201 pluribus
2754 3124 2951 3185 verbis
2997 3145 3093 3184 ex-

472 3216 735 3289 positum
781 3217 895 3289 est,
957 3210 1036 3272 τὰ
1080 3213 1823 3285 τοιαῦτα,1.3.1“οι·ιιι3ε
1871 3234 1978 3290 per
2023 3233 2098 3290 φι
2143 3214 2362 3290 factas,
2415 3233 2562 3273 non
2618 3233 2744 3274 esse
2801 3214 3096 3274 adverbiis

477 3301 946 3376 adnumeranda,
993 3303 1094 3361 sed
1140 3304 1197 3361 ei
1242 3304 1557 3363 verborum
1602 3307 1803 3382 generi
1850 3305 2017 3364 cuius
2062 3304 2372 3381 primitiva
2416 3306 2602 3363 erant
2694 3304 2906 3379 Itaque
2954 3303 3098 3379 quid

476 3390 608 3451 τῶν
656 3387 1102 3466 ἐπιρρημάτων
1157 3392 1337 3452 verba
1394 3394 1507 3452 sibi
1563 3391 1817 3453 volunt?
1888 3393 1985 3452 An
2040 3390 2202 3454 κατὰ
2246 3388 2363 3453 τὰς
2409 3387 2612 3467 ἀρχὰ(
2658 3392 2791 3453 τῶν
2838 3388 3096 3468 ἐπιρρή-

477 3496 801 3555 ματιιιν-ἶ
849 3483 912 3539 in
957 3482 1131 3541 initio
1178 3481 1661 3559 epirrhematici‘?
1734 3483 1819 3542 cf.
1860 3483 1995 3543 adn.
2035 3482 2112 3542 ad
2160 3482 2290 3542 adv
2334 3483 2479 3558 166,
2503 3484 2559 3541 6
2623 3482 2702 3541 ib.
2738 3483 2882 3557 198,
2905 3484 3005 3541 25.

650 3561 720 3651 p)
781 3568 1083 3630 Advcrbia
1135 3573 1202 3630 in
1256 3569 1311 3631 ’ὧ
1367 3574 1580 3632 localia
1633 3577 1687 3630 et
1737 3573 1840 3631 ubi
1898 3573 2041 3645 quid
2098 3575 2175 3632 sil
2228 3576 2281 3631 et
2337 3590 2450 3646 quo
2508 3573 2706 3631 tendat
2752 3572 3098 3646 plerumque

476 3661 823 3733 siynificant.
919 3660 1082 3735 Quae
1126 3678 1167 3719 a
1214 3663 1750 3736 praepositionibus
1804 3662 2104 3736 bisyllabis
2149 3663 2416 3720 derivata
2459 3666 2622 3730 sunt,
2679 3662 2921 3735 syllabis
2966 3677 3099 3720 omn

478 3750 559 3807 eis
615 3766 926 3823 conyruere
977 3750 1184 3818 solent,
1245 3769 1394 3824 quae
1448 3769 1489 3810 a
1540 3752 1979 3825 monosyllabi-3,
2037 3769 2164 3810 una
2216 3751 2447 3823 syllaba
2499 3753 2795 3824 superant.
2886 3750 3099 3822 Itaque

477 3839 752 3896 abnorme
805 3856 926 3897 non
971 3842 1055 3897 est
1108 3833 1281 3899 εἴεω
1337 3835 1631 3915 δόρπον
1689 3835 2015 3914 ἐκόεμει,
2075 3856 2186 3914 quo
2242 3841 2360 3899 loco
2415 3840 2656 3913 qwiclam
2712 3834 2939 3899 ἔνδον
2986 3839 3099 3912 leyl

479 3927 691 3985 volunt.
800 3926 916 3986 Sed
979 3922 1224 3988 ἔνδον
1295 3928 1534 3988 localem
1595 3931 1714 3988 vim
1774 3930 2019 3988 induere
2079 3931 2281 4003 potius
2346 3930 2620 3988 abnorme
2684 3932 2765 3987 est
2831 3930 2977 4003 195,
3013 3929 3094 3987 23

481 4018 715 4090 .--196,
742 4019 839 4075 11.
894 4048 971 4057 -
1023 4014 1110 4075 Cf.
1149 4017 1389 4077 Dronke
1430 4017 1524 4077 III
1572 4019 1727 4092 3443
1790 4018 2004 4077 Matth.
2044 4018 2074 4076 I
2124 4020 2235 4092 17·
2282 4018 2454 4094 epim.

660 4106 805 4181 195,
836 4106 1095 4164 23—27
1155 4109 1218 4165 in
1278 4107 1643 4167 restituendo
1701 4107 1758 4165 11
1797 4107 1834 4165 l.
1886 4106 2461 4167 GFSchoemannum
2520 4098 2620 4188 (H
2672 4107 2867 4166 15·-
2784 4133 2867 4154 =
2898 4126 3095 4184 opusc.

475 4194 562 4253 IV
603 4186 760 4296 260)
808 4195 1063 4254 maxime
1109 4198 1344 4256 secutus
1390 4215 1534 4256 sum.
1613 4194 1733 4255 Cur
1776 4196 1928 4254 illud
1975 4190 2073 4257 ὅτι
2122 4192 2411 4270 μάλιετα,
2459 4195 2616 4272 quod
2664 4215 2733 4256 ex
2781 4195 3098 4256 GFSchoe-

475 4285 677 4343 manni
734 4285 1072 4343 coniectura
1127 4305 1236 4361 pro
1293 4280 1402 4346 ὅτε
1450 4281 1716 4360 μάλιετα
1759 4287 1961 4361 posui,
2021 4285 2303 4345 adiecerit
2346 4285 2666 4361 DyscoluS,
2722 4290 2974 4362 apparet
3028 4306 3099 4345 ex

476 4375 560 4432 eis
625 4372 907 4450 exemplis
974 4392 1125 4448 quae
1195 4375 1339 4452 165,
1371 4377 1454 4435 20
1520 4376 1752 4448 attulit,
1816 4394 2007 4450 neque
2072 4371 2147 4434 τὸ
2213 4369 2303 4435 εἰ(
2364 4370 2572 4436 τόπον
2636 4394 2826 4450 neque
2884 4372 2961 4435 τὸ
3027 4371 3098 4434 ἐν

476 4458 659 4541 τόπῳ
705 4461 1176 4540 significantibus
1225 4456 1322 4544 (ex
1367 4485 1424 4540 p.
1468 4465 1594 4523 588
1626 4490 1710 4512 =
1747 4466 1958 4523 176-
1969 4466 2005 4522 7
2055 4467 2116 4523 et
2164 4465 2291 4522 624
2322 4489 2407 4511 =
2440 4466 2566 4524 209
2619 4483 2905 4552 apparere
2951 4465 3100 4523 dicit

478 4522 788 4630 Schobm).
855 4552 1079 4611 Verum
1116 4551 1614 4613 GFSchoemanni
1659 4555 1955 4630 scriptura
2001 4549 2117 4627 τὴν
2155 4548 2279 4627 γὰρ
2326 4547 2433 4612 διὰ
2479 4551 2595 4614 τοῦ
2632 4547 2745 4613 θεν
2791 4569 3095 4628 παραγω-

478 4637 599 4713 γήν
658 4636 790 4714 ἔχει
846 4635 977 4701 ἀπὸ
1032 4637 1240 4702 τόπου
1296 4662 1412 4701 non
1467 4646 1659 4721 magis
1714 4645 2027 4720 perspicua
2081 4644 2172 4701 est
2217 4662 2396 4718 quam
2443 4661 2596 4718 quae
2641 4642 2705 4701 in
2750 4643 2807 4701 A
2852 4644 3098 4721 legitur3

476 4732 679 4805 itaque
734 4725 897 4810 <τό>
954 4731 1201 4805 inserui,
1279 4733 1349 4789 ut
1401 4732 1548 4792 haec
1611 4735 1908 4791 sententia
1976 4732 2277 4791 evaderet:
2351 4725 2660 4791 ‘adverbia
2732 4751 2883 4807 quae
2943 4732 3099 4792 unde

477 4818 624 4895 quid
669 4822 873 4878 veniat
919 4820 1210 4896 indicant,
1259 4820 1688 4882 derivationem
1733 4824 1795 4880 in
1843 4814 1955 4881 e-eV
2000 4821 2247 4895 habent,
2303 4822 2400 4880 vel
2445 4819 2793 4880 derivantur
2835 4822 2898 4879 in
2946 4815 3099 4882 θᾞῖ

482 4906 602 4967 Gur
647 4904 779 4968 ἀπὸ
817 4906 1180 4983 προθέεεωε
1216 4913 1482 4970 mutetur
1524 4913 1589 4969 in
1627 4907 1758 4971 ἀπὸ
1804 4906 2173 4984 προθέεεων
2221 4914 2282 4969 et
2328 4905 2761 4985 ἐεχημάτιεται
2808 4912 2871 4969 111
2918 4907 3095 4985 ἐεχη-

480 4993 765 5074 ματίεθη,
819 5017 913 5057 me
959 5019 1199 5077 prorsus
1245 5000 1416 5079 fugit.
1508 5001 1666 5062 Nam
1719 5000 1830 5060 hac
1876 5001 1941 5058 in
1984 5019 2048 5059 re
2102 4998 2280 5060 modo
2324 5000 2577 5077 pluralis
2634 5002 2877 5078 ponitur
2919 5001 3096 5060 modo
