3738 5530
681 360 811 425 236
888 359 1329 417 Commentarius
1358 361 1584 416 criticus
1613 363 1673 415 et
1700 361 2021 431 exegeticus
2049 361 2110 415 in
2137 360 2425 431 Apollonii
2451 361 2681 430 Dyscoli
2708 361 2919 431 scripta
2946 361 3178 416 minora.

861 529 1179 591 Commode
1225 530 1297 590 fit
1340 532 1410 591 ut
1462 530 1535 590 de
1581 531 1787 591 eadem
1831 550 1897 590 re
1945 530 2166 591 eisdem
2220 532 2344 591 fere
2399 531 2596 591 verbis
2642 531 2834 610 egerit
2878 530 2991 607 Ap.
3038 533 3102 589 in
3147 531 3304 590 libro

680 619 751 678 de
814 619 1109 680 adverbiis
1173 622 1317 697 133,
1351 622 1674 698 13—137,
1708 623 1808 683 19.
1915 620 2110 692 Quare
2170 640 2323 699 quae
2381 622 2565 681 verba
2627 620 2954 680 exciderint
3010 622 3124 679 etsi
3181 639 3304 679 non

677 711 857 785 plane
903 712 1165 786 constat,
1220 710 1292 769 de
1338 713 1634 771 sententia
1679 713 1881 770 tamen
1929 711 2155 788 ambigi
2208 729 2328 769 non
2373 712 2573 788 potest
2618 703 3147 792 (232,22-233,
3170 702 3301 790 22).

681 799 790 859 Est
836 802 994 859 enim
1039 799 1210 859 haec:
1277 794 1486 859 ‘Haud
1530 819 1668 861 raro
1721 800 1826 859 ubi
1882 799 2173 861 vocabula
2218 790 2571 882 (simplicia)
2618 799 2896 878 ponenda
2950 802 3122 859 erant
3165 799 3304 875 duo,

678 908 864 947 unum
907 890 1170 964 ponitur,
1214 891 1381 949 velut
1426 889 1586 968 apud
1630 889 1957 950 Homerum
2003 893 2094 949 est
2138 885 2406 964 ποιητός
2449 908 2560 966 pro
2608 882 2680 949 εὖ
2728 885 3022 963 ποιητός,
3077 904 3301 961 τετυγ-

680 973 872 1052 μένος
926 998 1034 1055 pro
1091 972 1164 1039 εὖ
1209 976 1611 1054 τετυγμένος.
1702 979 1774 1038 Iu
1820 980 2043 1039 talibus
2091 981 2293 1038 autem
2340 973 2534 1056 (ἅπερ
2583 973 2807 1039 ἁπλῶς
2864 975 2981 1053 μὲν
3027 975 3299 1050 λέγεται,

679 1063 993 1127 ςυνθέτως
1039 1065 1111 1129 δὲ
1157 1067 1418 1140 νοεῖται,
1466 1069 1598 1128 adv.
1634 1070 1780 1143 136,
1803 1061 1916 1151 19)
1963 1068 2026 1128 id
2073 1068 2231 1145 quod
2276 1069 2523 1145 ponitur
2563 1068 2660 1127 vel
2705 1070 2976 1146 superest
3021 1064 3125 1145 (τὸ
3172 1066 3298 1128 λει-

677 1152 994 1234 πόμενον)
1050 1157 1208 1217 idem
1263 1158 1427 1218 valet
1479 1157 1641 1234 quod
1700 1159 1874 1218 ambo
1929 1158 2221 1218 vocabula
2278 1154 2423 1235 (τοῦ
2484 1152 2646 1218 ὅλου
2707 1153 3111 1232 δηλουμένου
3172 1151 3301 1217 ἑςτὶ

677 1243 1163 1322 παραςτατικόν,
1200 1250 1238 1307 i.
1270 1266 1317 1307 e.
1348 1243 1614 1322 ποιητός
1651 1250 1690 1307 i.
1721 1268 1776 1324 q.
1808 1242 1880 1308 εύ
1919 1243 2232 1325 ποιητός),
2270 1250 2361 1306 ita
2397 1247 2636 1324 quidem
2673 1250 2744 1306 ut
2769 1267 2841 1306 ex
2867 1247 3108 1306 notione
3146 1265 3300 1323 quae

677 1332 944 1409 ποιητός
981 1339 1114 1396 voci
1149 1338 1297 1397 insit
1332 1339 1588 1415 oportet,
1627 1332 1699 1397 εὖ
1737 1337 2110 1397 subtractum
2138 1355 2263 1397 esse
2291 1335 2613 1416 colligatur
2640 1328 2803 1418 (adv.
2837 1337 2983 1410 136,
3007 1337 3301 1411 15-183

677 1425 824 1485 coni.
880 1426 1030 1500 233,
1059 1418 1368 1508 10-13).
1461 1425 1771 1487 Consimili
1828 1426 2007 1487 modo
2067 1425 2360 1487 vocabula
2418 1425 2712 1503 quaedam
2771 1425 3079 1502 aphaeresi
3138 1426 3304 1485 facta

677 1516 841 1589 sunt,
904 1534 1055 1591 quae
1101 1535 1465 1592 quamquam
1511 1516 1790 1576 videntur
1834 1516 2135 1594 simplicia
2179 1533 2304 1576 esse
2349 1519 2553 1575 tamen
2596 1518 2906 1592 tamquam
2951 1517 3300 1575 memoriam

674 1604 899 1664 habent
934 1624 1138 1664 earum
1173 1624 1387 1665 vocum
1425 1597 1577 1687 (sive
1615 1608 2080 1683 compositarum
2117 1608 2242 1666 sive
2281 1597 2865 1686 decompositarum)‚
2902 1604 3059 1664 unde
3095 1623 3301 1664 earum

677 1696 844 1771 origo
881 1694 1204 1771 repetenda
1246 1698 1340 1755 est
1374 1687 1538 1777 (adv.
1581 1696 1727 1771 135,
1750 1696 2074 1772 21—136,
2099 1697 2210 1771 143
2255 1697 2404 1755 coni.
2446 1695 2592 1770 233,
2617 1696 2861 1770 1-103
2908 1690 3011 1755 καὶ
3057 1689 3297 1755 ἀποκο-

676 1779 792 1843 παὶ
838 1778 1222 1859 ύπομνήςεις
1268 1780 1482 1859 ἔχουςι
1528 1784 1661 1845 τῶν
1708 1779 2251 1859 ἀποκεκομμένων
2298 1782 2635 1858 ςυλλαβῶν
2682 1783 2814 1844 adv.
2856 1785 3003 1858 157,
3025 1775 3155 1865 23).

857 1874 1003 1949 232,
1027 1876 1108 1935 23
1167 1870 1270 1934 καὶ
1328 1869 1696 1952 δη<λοῦντα
1753 1869 1852 1935 ὅτι
1906 1870 1984 1935 τὸ
2039 1869 2315 1953 πά>θος]
2376 1873 2508 1933 adv.
2561 1873 2812 1948 135,23
2861 1868 2986 1934 ἔςτι
3043 1889 3117 1945 γε
3163 1869 3298 1934 ἐπι-

675 1960 897 2035 νοῆςαι
951 1960 1057 2023 καὶ
1113 1957 1217 2023 ἐπὶ
1269 1962 1403 2024 τῶν
1459 1959 1621 2025 κατὰ
1677 1959 1985 2039 ςύμπηξιν
2045 1958 2358 2037 ςωμάτων
2418 1957 2752 2038 ἀποβολάς
2811 1978 3006 2023 τινων
3067 1961 3296 2038 μερῶν,

676 2046 1042 2125 ἁπλότητος
1103 2049 1218 2127 μὲν
1279 2048 1617 2128 ἐχομένας,
1682 2049 2063 2126 δηλούςας
2127 2050 2198 2114 δὲ
2259 2048 2376 2126 τήν
2436 2068 2597 2112 ποτε
2657 2048 3011 2126 γενομένην
3078 2048 3300 2112 αὐτοῖς

676 2137 996 2215 ςύμπηξιν.
1052 2142 1213 2202 idem
1248 2145 1341 2203 est
1375 2144 1536 2203 infra
1567 2144 1713 2218 136,
1735 2145 1772 2204 3
1812 2138 2167 2217 ὑπόμνηςιν
2206 2137 2353 2216 ἔχει.
2384 2174 2472 2184 —
2499 2137 2817 2220 Ὑπαντᾷ]
2858 2144 3008 2201 coni.
3040 2142 3190 2215 256,
3212 2144 3294 2200 16

674 2225 930 2304 ὑπήντα
975 2228 1080 2291 καὶ
1124 2229 1344 2307 γραφὴ
1384 2230 1749 2307 ςυνδεςμικὴ
1796 2231 1916 2293 τοῦ
1954 2230 2628 2307 παραπληρωματικοῡ
2675 2228 2777 2291 καὶ
2825 2225 3150 2303 ἀνάλογος
3191 2226 3294 2291 θέ-

675 2335 780 2379 ςις.
848 2321 921 2379 cf.
959 2319 1280 2382 καταντᾶν
1325 2321 1404 2380 ib.
1446 2323 1592 2397 254,
1618 2323 1716 2381 16.

854 2411 1001 2486 232,
1024 2412 1106 2468 24
1155 2405 1260 2471 ἐπὶ
1303 2410 1437 2472 τῶν
1484 2407 1712 2472 ἁπλῶν
1759 2406 2127 2490 ςχημάτων]
2176 2412 2380 2489 qualia
2425 2413 2566 2471 sunt
2620 2406 2887 2485 ποιητός
2933 2411 3028 2470 vel
3075 2426 3295 2482 τετυγ-

674 2493 881 2572 μένος,
931 2517 1081 2575 quae
1128 2500 1288 2578 apud
1324 2500 1651 2561 Homerum
1695 2500 1856 2560 idem
1893 2500 2234 2578 significant
2269 2500 2429 2578 quod
2468 2494 2541 2561 εὖ
2585 2496 2988 2575 τετυγμένος,
3036 2493 3109 2560 εὖ
3155 2515 3296 2560 ποι-

673 2584 851 2662 ητός;
914 2590 1131 2649 omisso
1187 2585 1260 2651 εὖ
1316 2594 1586 2667 superest
1639 2587 1715 2651 τὸ
1771 2586 2176 2665 λειπόμενον,
2231 2591 2271 2649 i.
2318 2610 2365 2650 e.
2421 2586 2690 2664 ποιητός
2743 2590 2839 2650 vel
2894 2585 3296 2664 τετυγμένος,

677 2678 834 2754 quod
879 2678 998 2739 τοῦ
1037 2674 1199 2741 ὅλου
1246 2677 1648 2755 δηλουμένου
1696 2675 1824 2741 ἑςτὶ
1869 2676 2357 2755 παραςτατικόν,
2402 2681 2443 2738 i.
2473 2699 2521 2739 e.
2570 2698 2704 2738 eam
2747 2681 2872 2739 vim
2917 2678 3100 2738 habet
3144 2697 3297 2756 quae

671 2771 910 2846 proprie
946 2771 1039 2850 τῷ
1067 2764 1221 2850 ὅλῳ,
1261 2771 1386 2831 scil.
1415 2772 1706 2832 locutioni
1742 2771 2073 2847 completae
2111 2764 2182 2831 εὖ
2220 2767 2503 2844 ποιητός,
2543 2763 2615 2830 εὖ
2652 2764 3040 2844 τετυγμένος
3076 2769 3296 2829 subest.

854 2860 1001 2934 233,
1023 2861 1056 2918 1
1109 2860 1314 2920 eodem
1358 2860 1534 2922 modo
1572 2853 1665 2943 (in
1703 2860 2009 2921 vocabulis
2053 2861 2144 2920 ita
2188 2860 2364 2920 factis
2410 2862 2481 2918 ut
2523 2851 2793 2941 ἠνορέη)
2839 2860 3090 2936 simplex
3136 2859 3297 2935 quod

669 2950 809 3025 post
847 2949 1193 3024 aphaeresin
1231 2953 1499 3027 superest
1537 2947 1641 3028 (τό
1680 2946 2068 3025 λειπόμενον
2106 2945 2387 3027 ἁπλοῦν)
2426 2951 2666 3009 notione
2702 2947 3011 3024 indicabit,
3055 2949 3295 3025 plenam

672 3057 877 3097 vocem
915 3033 1286 3117 (εύηνορέη)
1326 3043 1717 3117 compositam
1762 3041 1963 3116 fuisse,
2008 3042 2154 3118 quia
2200 3039 2507 3117 aphaeresi
2552 3039 2715 3098 facta
2759 3038 2943 3099 dictio
2989 3041 3298 3116 supererat

672 3145 824 3204 quae
880 3129 941 3186 et
993 3145 1101 3204 per
1154 3147 1215 3188 se
1269 3131 1547 3207 usurpari
1600 3132 1840 3207 poterat
1893 3149 2179 3205 suamque
2232 3128 2493 3189 habebat
2535 3129 2661 3189 vim
2720 3123 2827 3205 (τὸ
2875 3122 3295 3208 ἀφῃρημένον

672 3212 745 3276 ἐν
806 3212 1009 3294 λεκτῷ
1070 3214 1511 3296 καθειςτήκει),
1571 3222 1641 3278 ut
1699 3216 1965 3295 φρονέω
2025 3239 2096 3279 ex
2155 3213 2490 3295 ἀφρονέω,
2550 3212 2787 3292 ἠνορέη
2849 3237 2921 3276 ex
2981 3213 3292 3292 εὐηνορέη

673 3307 898 3378 ortum3
943 3304 1015 3363 cf.
1044 3325 1209 3381 pron.
1243 3309 1344 3384 59,
1369 3311 1402 3367 1
1446 3304 1674 3369 λεκτὸν
1721 3303 2238 3383 καταλιμπάνειν,
2286 3307 2419 3368 adv.
2453 3307 2599 3382 158,
2622 3309 2707 3367 20
2750 3301 2822 3367 έν
2860 3305 3063 3386 λεκτῷ
3102 3323 3291 3368 κατα·
3359 3329 3376 3346 ·

673 3387 1109 3465 λιμπάνεςθαι,
1167 3400 1316 3456 coni.
1358 3398 1505 3473 253,
1529 3399 1565 3458 5
1615 3393 1686 3459 ἐν
1733 3396 1937 3478 λεκτῷ
1984 3394 2337 3473 προςιέναι,
2395 3396 2525 3456 adv.
2570 3397 2714 3472 195,
2740 3397 2820 3456 16
2870 3392 2949 3456 οὐ
2996 3394 3294 3457 λεκτικῶς

672 3477 1153 3557 προςὲρχεςθαι,
1212 3480 1284 3546 ἐν
1330 3484 1403 3546 δὲ
1449 3482 1653 3560 μόνον
1708 3489 2083 3567 παραγωγῇ.
2175 3487 2312 3546 Non
2358 3487 2567 3564 utique
2620 3488 2760 3562 post
2804 3486 3154 3562 aphaeresin
3200 3486 3294 3545 vel

674 3590 977 3650 apocopen
1024 3571 1253 3635 λεκτόν
1309 3579 1601 3652 superest,
1655 3595 1821 3654 pron.
1865 3577 1968 3651 59,
1991 3578 2027 3636 5
2078 3571 2182 3652 ἐφ’
2232 3571 2310 3637 οὗ
2358 3572 2473 3650 μὲν
2519 3571 2642 3650 γὰρ
2690 3570 3045 3650 ἀφαίρεςις,
3095 3621 3110 3634 .
3140 3622 3154 3635 .
3192 3571 3292 3635 καὶ

673 3657 917 3733 λεκτόν,
967 3657 1072 3738 ἐφ’
1121 3658 1200 3725 οὗ
1247 3661 1321 3725 δὲ
1367 3660 1595 3726 οὐκέτι.
1657 3665 1788 3725 adv.
1830 3668 1978 3741 203,
2004 3668 2083 3725 17
2131 3662 2215 3726 τὰ
2259 3660 2490 3725 τοπικὰ
2535 3661 2951 3739 παραχθέντα
2996 3660 3289 3742 ἀποβολῇ

671 3751 788 3813 τοῦ
836 3744 910 3813 δὲ
957 3748 1078 3813 οὐκ
1123 3748 1553 3829 ἀπολιμπάνει
1599 3751 1767 3816 λέξιν
1815 3749 2241 3828 ςημαίνουςάν
2287 3770 2362 3814 τι.

852 3844 1000 3918 233,
1022 3843 1059 3901 6
1121 3839 1506 3922 παρέποιτο]
1570 3840 1922 3919 παρείπετο
1983 3843 2263 3923 Egenolff
2299 3843 2331 3901 Ι
2380 3844 2538 3918 847,
2601 3846 2809 3903 contra
2866 3842 3083 3902 Matth.
3129 3843 3161 3901 Ι
3208 3844 3286 3901 76

670 3936 909 3993 servata
954 3928 1313 4007 παρέποιτο
1359 3933 1567 3993 scribit
1611 3934 1649 3992 l.
1683 3935 1719 3993 5
1769 3929 2218 4013 μετ<απέςοι>;
2267 3951 2378 4012 ego
2415 3932 2747 4011 Egenolffio
2794 3933 3104 4007 assentior,
3155 3951 3288 3992 nam

666 4041 733 4081 re
778 4041 922 4082 vera
972 4025 1039 4081 in
1086 4019 1338 4097 εύήνωρ
1383 4020 1428 4083 ἃ
1474 4026 1535 4082 et
1577 4021 1617 4098 ἦ
1666 4043 1818 4099 quae
1861 4026 1928 4082 in
1975 4018 2138 4098 ἀνήρ
2192 4023 2363 4082 erant
2407 4023 2471 4081 in
2517 4018 2555 4095 ἦ
2603 4024 2664 4082 et
2706 4020 2765 4082 ff»
2810 4023 3082 4081 mutatae
3137 4025 3284 4082 sunt

853 4113 1059 4187 233,6
1109 4107 1295 4192 (καὶ)
1342 4107 1676 4187 Ἐλπήνωρ
1721 4113 1937 4172 Matth.
1974 4113 2006 4171 I
2047 4115 2159 4188 703
2206 4113 2283 4171 ad
2327 4131 2496 4188 pron.
2530 4114 2586 4186 7,
2611 4112 2711 4171 28.

852 4203 1000 4274 233,
1021 4202 1058 4260 8
1106 4200 1345 4263 Lobeck
1381 4202 1599 4262 Parall.
1634 4203 1790 4278 1583
1839 4198 2184 4277 Νεςτόρεια
2227 4202 2614 4280 praetulerim
2659 4203 2923 4261 locorum
2964 4200 3287 4262 Herodiani

668 4293 732 4350 in
777 4293 998 4352 testim.
1048 4291 1368 4351 allatorum
1412 4294 1645 4352 ratione
1689 4292 1925 4368 habita3
1971 4311 2109 4351 nam
2154 4295 2329 4369 pater
2373 4294 2434 4351 et
2475 4290 2664 4366 filius,
2710 4290 2815 4350 ubi
2860 4290 2932 4350 de
2978 4291 3186 4351 eadem
3227 4309 3286 4350 re

669 4398 860 4441 sermo
907 4383 1016 4456 est,
1061 4380 1283 4441 eisdem
1327 4382 1450 4442 fere
1495 4382 1780 4459 exemplis
1826 4384 1918 4442 uti
1966 4382 2174 4442 solent.

851 4472 999 4546 233,
1022 4471 1101 4530 21
1160 4467 1447 4542 γείτονες
1474 4504 1564 4515 -
1596 4474 1676 4531 24
1725 4467 2044 4552 προπύλῳ
2098 4470 2259 4531 delet
2311 4470 2525 4531 Matth.
2571 4469 2603 4529 Ι
2650 4471 2763 4545 33,
2825 4471 2970 4547 quia
3024 4470 3285 4548 exempla

670 4560 859 4620 allata
905 4555 1362 4621 ‘concludantur
1404 4562 1665 4621 formula
1708 4561 1746 4619 l.
1780 4564 1864 4622 20
1913 4556 2001 4622 εἰς
2046 4557 2123 4620 τὸ
2171 4556 2331 4622 αὐτὸ
2377 4553 2873 4635 ςυναχθήςεται’.
2956 4559 3180 4621 Vereor
3219 4561 3285 4618 ut

668 4649 814 4710 haec
859 4652 942 4711 sit
984 4652 1146 4710 iusta
1191 4669 1387 4710 causa.

853 4740 999 4816 233,
1022 4741 1104 4799 24
1124 4757 1209 4816 sq.
1284 4740 1511 4799 Eadem
1556 4739 1879 4817 originatio
1927 4737 2003 4799 ab
2047 4741 2179 4816 ipso
2215 4739 2328 4816 Ap.
2375 4738 2644 4816 profecto
2691 4741 3029 4817 excogitata
3073 4739 3284 4818 legitur

671 4827 803 4888 adv.
837 4830 984 4903 134,
1008 4829 1333 4904 28—137,
1355 4832 1465 4905 193
1502 4828 1929 4903 Herodianum,
1965 4830 2070 4905 qui
2105 4828 2256 4887 m'hil
2284 4827 2533 4904 praebet
2557 4829 2676 4887 nisi
2702 4828 2849 4887 haec
2874 4828 2906 4886 I
2935 4828 3085 4904 506,
3107 4830 3281 4904 9sqq.

670 4913 751 4978 τὰ
795 4913 960 4991 ὑπὲρ
1006 4912 1126 4978 δύο
1174 4915 1491 4993 ςυλλαβὰς
1547 4913 1637 4979 εἰς
1681 4916 1740 4978 τ’-ι
1788 4912 2081 4979 ὀξύνεται
2120 4963 2133 4977 .
2174 4964 2186 4977 .
2237 4911 2291 4977 εἰ
2336 4914 2410 4978 δὲ
2468 4914 2550 4992 μὴ
2608 4913 2745 4991 ἔχοι
2793 4913 2869 4976 τὸ
2915 4913 2952 4976 ἒ
2996 4913 3126 4991 πρὸ
3169 4915 3279 4977 τοῦ

670 5004 733 5082 ff,
801 5003 1179 5083 βαρύνεςθαι
1244 5004 1437 5080 θέλει,
1503 5002 1702 5082 ἕκητι,
1767 5007 2044 5068 similiter
2106 5006 2179 5066 de
2244 5002 2415 5082 ἕκητι
2479 5008 2641 5068 vocis
2705 5007 2933 5086 origine
2997 5007 3280 5086 cogitasse
