3738 5530
608 313 695 379 30
781 312 1225 371 Commentarius
1253 313 1480 369 criticus
1508 317 1566 371 et
1593 313 1913 385 exegeticus
1940 314 2000 368 in
2026 313 2317 384 Apollonii
2344 312 2814 385 Dyscoli,scripta
2839 315 3073 370 minora.

604 478 906 561 positum'.
1000 482 1086 543 Of.
1133 502 1299 560 pron.
1341 484 1400 557 3,
1422 485 1476 544 9.
1568 477 1649 542 τὰ
1703 482 1813 556 τῆς
1868 478 2203 557 ὑπάρξεως
2255 480 2294 558 ἢ
2352 480 2630 557 κλήςεως
2690 479 2939 558 ῥήματα
3000 479 3214 563 εὐθείᾳ

607 569 1057 634 ςυντάςςονται
1101 573 1179 632 ib.
1231 574 1455 647 52,12.
1487 574 1584 632 16.

788 664 890 736 14,
911 663 948 721 3
1002 663 1074 721 ef.
1122 664 1276 738 synt.
1328 663 1429 737 17,
1451 662 1518 737 53
1567 662 1798 737 26,133
1848 663 1951 737 29,
1972 663 2039 736 53
2088 663 2190 737 98,
2212 664 2313 721 25.

786 753 888 827 14,
910 751 947 810 5
995 752 1069 811 ef.
1116 754 1272 828 synt.
1322 751 1425 825 57,
1447 751 1684 825 9—58,
1707 753 1806 810 11.

780 840 1010 900 Poteris
1046 843 1218 900 etiam
1254 843 1340 900 sic
1374 840 1590 900 dicere·
1616 857 1976 915 pronomma
2011 842 2093 900 ad
2116 842 2596 914 intmoyationes
2621 842 3010 914 respondendi
3036 860 3219 902 causa

603 931 794 991 relata
826 931 1161 1004 primariae
1205 931 1544 1005 nequitiem
1587 931 1707 989 vim
1748 930 1979 999 habent,
2027 931 2262 990 articuli
2306 947 2439 989 vero
2483 930 2869 990 secundariae
2914 931 2954 989 i.
2991 950 3038 990 e
3079 932 3220 990 arti-

604 1020 772 1079 culus
816 1019 904 1078 rei
959 1019 1082 1078 iam
1137 1022 1316 1078 antea
1361 1019 1635 1121 cognitae
1680 1019 2029 1078 memoriam
2072 1018 2458 1098 redintegrat
2549 1019 2598 1078 I
2591 1023 2761 1093 taque
2806 1021 3090 1080 articulus
3133 1038 3219 1079 se-

604 1109 956 1169 cundariam
1010 1111 1384 1183 coquitionem
1443 1109 1481 1167 i.
1522 1127 1568 1167 e.
1615 1108 1968 1168 relationem
2014 1109 2328 1183 desiynaus
2371 1126 2493 1168 non
2525 1112 2717 1183 potest
2750 1112 3043 1183 praeponi
3077 1127 3220 1183 pro·

601 1199 949 1258 minim.
1041 1198 1463 1272 Possposibivus
1525 1202 1720 1259 autem
1782 1198 2094 1266 artimdu&
2157 1202 2226 1257 ut
2286 1201 2387 1272 qm·
2447 1198 2742 1271 referatur
2803 1199 2885 1257 ad
2944 1199 3011 1258 id
3069 1200 3220 1273 quod

593 1304 919 1362 pronomen
965 1291 1140 1347 antea
1183 1287 1633 1348 dmonstrando
1679 1288 2021 1362 designavit,
2066 1288 2214 1347 nihil
2258 1289 2444 1348 obstat
2486 1288 2631 1361 qum
2665 1288 3054 1362 subumyatur
3077 1304 3218 1362 pro-
3338 1319 3345 1326 ·

599 1377 933 1437 nominum
983 1378 1084 1452 14,
1107 1378 1340 1436 8—14.

784 1467 885 1542 14,
906 1466 945 1525 8
993 1461 1288 1541 πύςματα
1333 1465 1494 1543 apud
1529 1465 1643 1543 Ap.
1691 1469 1832 1526 sunt
1874 1484 1945 1525 ea
1982 1465 2272 1525 voeabula
2309 1484 2462 1542 quae
2499 1483 2606 1525 nos
2642 1465 2998 1542 pronomina
3034 1465 3215 1524 inter-

601 1556 879 1633 rogativa
942 1554 1136 1616 dioere
1202 1555 1485 1631 solemus;
1549 1574 1618 1614 ea
1679 1574 1716 1614 a
1775 1553 2073 1615 veteribus
2138 1555 2474 1615 nominibus
2538 1554 2767 1614 tributa
2832 1572 2956 1613 esse
3022 1548 3215 1637 (pron.

604 1646 706 1719 27,
730 1636 1018 1725 13—19)
1074 1647 1284 1704 notum
1330 1648 1447 1720 est3
1509 1664 1677 1722 pron.
1730 1645 1893 1719 28‚5
1941 1646 2034 1724 τῷ
2080 1641 2174 1705 τίς
2220 1641 2297 1705 τὸ
2346 1640 2475 1716 ἐγώ
2523 1637 2983 1716 ἀνθυπάγεται,
3049 1639 3217 1704 ἀλλὰ

602 1731 706 1794 καὶ
750 1730 828 1794 τὸ
875 1729 1279 1809 Ἀρίςταρχος
1319 1781 1331 1794 .
1372 1782 1385 1793 .
1425 1780 1438 1793 .
1476 1730 1557 1794 τὰ
1602 1732 1675 1794 δὲ
1721 1729 2016 1809 πύςματα
2062 1729 2223 1794 κατὰ
2269 1730 2656 1807 ποςότητος,
2722 1730 2811 1794 ὡς
2866 1729 2944 1793 τὸ
3000 1730 3215 1805 πόςος,

601 1819 704 1883 καὶ
748 1820 1119 1897 ποιότητος,
1168 1820 1260 1884 ὡς
1305 1820 1382 1884 τὸ
1429 1822 1642 1895 ποῖος,
1688 1820 1794 1883 καὶ
1838 1819 2293 1898 πηλικότητος,
2341 1819 2430 1884 ὡς
2476 1819 2553 1883 τὸ
2599 1818 2882 1896 πηλίκος,
2930 1819 3033 1882 καὶ
3078 1818 3213 1883 κατ’

603 1907 836 1984 οὐςίας,
886 1907 973 1972 ὡς
1012 1908 1088 1972 τὸ
1125 1908 1235 1973 τίς.
1309 1910 1412 1972 καὶ
1449 1908 1528 1974 οὐ
1565 1907 1672 1973 διὰ
1708 1912 1906 1973 τοῦτο
1944 1906 2329 1986 ἀντωνυμία.
2386 1911 2464 1971 ib.
2498 1913 2601 1986 24,
2623 1913 2702 1970 17
2744 1907 2882 1972 οὐδ’
2922 1906 2986 1970 αἱ
3022 1907 3214 1972 ἀνθυ-

600 1998 1047 2077 ποφερόμεναι
1112 2001 1249 2063 τοῖς
1312 1997 1620 2077 πύςμαςιν
1686 1997 1869 2063 ἐκτός
1935 1997 2087 2062 εἰςιν
2150 1997 2645 2075 ἀντιδιαςτολῆς.
2722 1999 2800 2059 ib.
2852 2002 2967 2076 28,
2991 2002 3072 2060 18
3137 1997 3217 2060 τὰ

604 2085 899 2166 πύςματα
952 2087 1115 2165 πρὸς
1169 2086 1435 2151 πάντων
1481 2086 1805 2165 Ἑλλήνων
1864 2085 2203 2166 βαρύνεται
2260 2087 2420 2165 ὑπὲρ
2480 2086 2626 2164 μίαν
2674 2086 2992 2166 ςυλλαβὴν
3039 2084 3216 2161 ὄντα,

601 2176 1151 2255 ὑπεξαιρουμένου
1198 2179 1315 2241 τοῦ
1362 2177 1677 2242 ποδαπός.
1750 2179 1827 2239 ib.
1862 2182 1966 2255 32,
1989 2181 2070 2239 18
2118 2177 2199 2240 τὰ
2244 2175 2539 2255 πύςματα
2574 2226 2587 2239 .
2628 2226 2641 2239 .
2680 2173 2992 2240 ἀςύνθετα
3029 2176 3210 2239 καθέ-

606 2284 846 2343 ςτηκεν.
913 2269 989 2329 ib.
1023 2270 1126 2345 53,
1148 2272 1223 2329 21
1269 2266 1432 2345 πρὸς
1477 2266 1560 2330 τὰ
1604 2265 1898 2345 πύςματα
1944 2265 2009 2329 αἱ
2056 2265 2292 2330 εὐθεῖαι
2331 2264 2830 2340 ἀνθυπάγονται.
2896 2268 2974 2327 ib.
3007 2270 3111 2343 53,
3134 2270 3215 2327 24

601 2353 752 2421 οὔτε
790 2355 914 2434 γὰρ
949 2353 1029 2418 τὰ
1056 2355 1350 2434 πύςματα
1387 2355 1712 2437 (κλητιιςὴν
1750 2354 1928 2436 ἔχει).
2003 2361 2158 2435 synt.
2192 2360 2294 2433 54,
2317 2360 2398 2418 23
2438 2354 2518 2418 τὰ
2555 2353 2849 2432 πύςματα
2886 2354 3217 2432 μαχόμενα

598 2449 675 2527 τῇ
722 2447 855 2508 τῶν
896 2442 1152 2531 ἄρθρων
1191 2444 1427 2528 ἐννοίᾳ.
1496 2448 1574 2507 ib.
1618 2450 1717 2524 72,
1742 2449 1822 2507 26
1863 2442 2336 2524 ἀνθυποφορὰν
2374 2438 2778 2529 (responsum)
2817 2445 2889 2507 δὲ
2928 2443 3059 2521 ἔχει
3096 2444 3213 2521 τὴν

605 2533 676 2597 ἐκ
721 2536 838 2598 τοῦ
885 2533 1211 2612 πύςματος
1257 2531 1700 2612 ἀντωνυμικήν
1749 2533 1869 2614 (τίς
1907 2558 2014 2580 -·
2033 2533 2164 2608 ἐγώ
2208 2532 2446 2614 οὗτος).
2520 2537 2662 2613 Ipsa
2698 2536 3090 2615 interrogatio
3127 2539 3220 2596 est

599 2626 814 2687 πεῦςις
852 2627 948 2686 vel
985 2622 1212 2702 πύςμα,
1259 2646 1426 2703 pron.
1468 2629 1569 2702 28,
1594 2629 1673 2685 17
1722 2623 1887 2702 πρὸς
1924 2623 2040 2700 τὴν
2078 2626 2298 2687 πεῦςιν
2345 2619 2479 2709 (ubi
2515 2626 3001 2704 interrogationis
3038 2643 3216 2685 eausa

603 2708 875 2797 ponitur)
928 2711 1265 2792 βαρύνεται
1312 2713 1389 2778 τὸ
1435 2712 1648 2777 τίνων.
1722 2716 1800 2776 ib.
1833 2718 1937 2793 24,
1960 2718 2040 2777 19
2081 2711 2122 2791 ἡ
2161 2712 2324 2777 κατὰ
2368 2712 2444 2777 τὸ
2482 2710 2693 2791 πύςμα
2728 2708 3022 2790 ἀόριςτος
3057 2732 3215 2792 προ-

601 2802 781 2882 φορά
845 2799 1248 2888 (indefinitum
1310 2809 1374 2866 in
1437 2807 1904 2885 interrogatione
1969 2805 2204 2866 dicendi
2258 2797 2486 2887 genus).
2579 2801 2811 2865 Πεῦςις
2865 2805 2976 2865 illa
3035 2805 3216 2865 etiam

603 2894 1054 2973 pronominibus
1117 2896 1301 2971 inest,
1363 2895 1468 2955 ubi
1523 2914 1657 2955 oum
1709 2896 2157 2974 interrogativis
2216 2895 2552 2955 nominibus
2607 2897 3032 2955 construuntur
3095 2890 3216 2972 (τίς

601 2980 658 3045 δ’
708 2979 929 3062 οὗτος)
977 2987 1132 3061 synt.
1176 2986 1278 3061 73,
1301 2987 1381 3045 26
1430 2981 1536 3046 διὰ
1584 2984 1697 3059 τῆς
1744 2980 1809 3046 ἐξ
1857 2981 2074 3045 αὐτῶν
2121 2980 2282 3062 (τῶν
2320 2979 2767 3061 ἀντωνυμιῶν)
2815 2978 3100 3045 πεύςεως
3135 2980 3217 3044 τὰ

605 3070 790 3149 κύρια
855 3073 1113 3134 νοεῖται.
1226 3073 1341 3134 Sed
1397 3077 1579 3134 etiam
1631 3074 1876 3134 nomina
1930 3074 2361 3153 interrogativa
2414 3070 2662 3134 πεύςεις
2722 3073 3003 3133 dicuntur
3060 3076 3214 3149 synt.

612 3164 761 3239 106,
785 3165 863 3223 11
915 3159 1145 3237 ςχεδὸν
1192 3158 1426 3223 ἅπαςαι
1474 3159 1538 3223 αἱ
1583 3159 1891 3224 πτωτικαὶ
1937 3160 2210 3234 πεύςεις,
2261 3211 2272 3222 .
2314 3211 2325 3222 .
2366 3209 2379 3223 .
2417 3162 2622 3233 ποῖος,
2669 3159 2885 3234 πόςος,
2932 3160 3214 3237 πηλίκος,

607 3249 924 3313 ποδαπός.
1015 3251 1276 3312 Eaedem
1315 3271 1486 3313 voees
1532 3255 1674 3313 sunt
1717 3248 2018 3315 πευςτικὰ
2062 3248 2353 3327 ὀνόματα
2388 3254 2541 3329 synt.
2574 3253 2678 3327 53,
2701 3255 2799 3311 11.
2851 3252 2996 3326 135,
3020 3254 3075 3328 7,
3121 3253 3214 3311 vel

605 3341 1009 3417 πυςματικῶς
1057 3337 1490 3417 λαμβάνονται
1535 3362 1704 3419 pron.
1754 3345 1856 3418 27,
1882 3343 1960 3401 16
1980 3388 1995 3417 ,
2040 3342 2255 3419 quibus
2302 3345 2684 3420 opponuntur
2728 3337 2808 3423 τὰ
2854 3336 3214 3416 ἀποφαντι-

604 3431 732 3492 κῶς
780 3427 1247 3506 λαμβανόμενα.
1285 3463 1374 3473 -
1419 3432 1549 3491 Iam
1594 3431 1836 3491 notione
1882 3431 2064 3491 latius
2100 3435 2344 3508 patente
2381 3426 2681 3492 πευςτικὰ
2716 3432 2899 3490 etiam
2935 3429 3217 3491 adverbia

602 3521 1034 3599 interrogativa
1090 3521 1470 3598 appellantur
1514 3524 1668 3598 synt.
1721 3522 1821 3597 18,
1844 3522 1927 3579 24
1983 3517 2064 3581 τὰ
2118 3517 2419 3582 πευςτικὰ
2472 3519 2604 3581 τῶν
2665 3517 2908 3595 μορίων
2955 3515 3044 3581 εἰς
3090 3515 3209 3580 δύο

601 3607 757 3685 μέρη
824 3605 1026 3681 λόγου
1093 3606 1389 3685 ἐχώρηςε,
1457 3606 1626 3683 λέγω
1689 3606 1766 3671 τὸ
1824 3604 2210 3685 ὀνοματικὸν
2264 3608 2366 3671 καὶ
2411 3605 2488 3669 τὸ
2536 3605 3044 3684 ἐπιρρηματικόν.
3133 3608 3212 3668 11).

603 3700 704 3775 78,
727 3701 807 3759 23
857 3695 936 3759 τὰ
990 3696 1289 3759 πευςτικά
1346 3695 1740 3775 ἐπιρρήματα
1803 3695 2283 3774 εὐπαράδεκτον
2346 3698 2656 3759 ποιεῑςθαι
2703 3696 2819 3772 τὴν
2864 3698 2997 3758 τῶν
3058 3691 3208 3781 (scil.

600 3780 1072 3869 ὑποτακτικῶν)
1121 3782 1378 3863 ἄρθρων
1427 3784 1780 3860 ἐπένθεςιν;
1827 3789 1925 3848 vel
1969 3784 2322 3864 πυςματικὰ
2368 3788 2499 3847 adv.
2552 3789 2697 3863 172,
2719 3789 2756 3847 8
2807 3783 3085 3864 (ςυζυγεῖ
3120 3789 3213 3869 τῷ

599 3873 771 3955 ὡς).
805 3873 1246 3951 ,πυςματικὸν
1292 3873 1369 3937 τὸ
1416 3877 1571 3949 πῶς,
1620 3878 1941 3955 eademque
1978 3897 2091 3938 vox
2129 3878 2469 3955 appellatur
2503 3876 2719 3938 πεῦςις
2764 3877 2895 3937 adv
2936 3879 3214 3953 126,15;

596 3987 706 4027 neo
765 3986 902 4026 raro
962 3962 1173 4041 πύςμα
1233 3966 1633 4043 appellatione
1693 3971 1755 4027 et
1810 3968 2055 4027 nomina
2114 3970 2174 4027 et
2231 3967 2515 4027 adverbia
2567 3968 3000 4045 interrogativa
3059 3985 3213 4026 eom-

600 4057 885 4134 plectitur
930 4054 1044 4133 Ap.
1093 4056 1223 4115 adv.
1276 4058 1420 4133 172,
1445 4058 1521 4115 21
1585 4052 1664 4116 τὰ
1721 4052 2015 4133 πύςματα
2057 4053 2096 4131 ἢ
2145 4052 2329 4132 φύςει
2378 4053 2545 4117 θέλει
2595 4052 2969 4131 βαρύνεςθαι
3015 4052 3054 4129 ἢ
3102 4055 3210 4115 δυ-

529 4222 534 4229 ·
601 4141 799 4220 νάμει.
856 4144 1158 4219 11).173,2
1189 4141 1265 4205 τὸ
1294 4145 1449 4217 πῶς,
1480 4142 1834 4221 γενόμενον
1862 4142 2090 4220 πύςμα.
2146 4146 2223 4205 ib.
2259 4147 2516 4221 173,17.
2577 4145 2654 4203 ib.
2682 4146 2876 4222 183,8
2908 4140 3213 4220 ὁμοτονεῖ

602 4232 684 4295 τὰ
729 4231 1023 4310 πύςματα
1067 4235 1203 4295 τοῖς
1250 4228 1806 4307 ἀνταποδοτικοῑς;
1863 4235 2079 4296 πεῦςις
2124 4239 2372 4295 vocatur
2415 4234 2625 4310 πῆμος
2671 4234 2801 4293 adv.
2854 4235 2999 4310 183,
3024 4237 3076 4293 7.
3124 4266 3212 4275 --

599 4321 814 4384 Omnia
868 4325 1056 4403 igitur
1113 4327 1173 4383 et
1226 4326 1468 4383 nomina
1522 4327 1583 4384 et
1637 4324 1920 4385 adverbia
1973 4324 2058 4383 eis
2102 4323 2671 4403 interrogationibus
2715 4324 3074 4399 inserviunt,
3137 4323 3212 4382 ad

600 4432 746 4489 quas
791 4433 910 4474 non
957 4413 1379 4490 respondemus
1424 4415 1542 4474 nisi
1587 4416 1934 4491 pronomine
1981 4414 2076 4473 vel
2121 4416 2358 4473 nomine
2397 4414 2493 4473 vel
2528 4413 2809 4473 adverbio
2847 4412 2943 4473 vel
2978 4416 3210 4491 integro

599 4504 934 4578 enuntiat03
998 4502 1213 4578 quibus
1272 4503 1522 4580 opponit
1567 4502 1679 4580 Ap.
1739 4498 2043 4578 ἐρώτηςιν
2097 4502 2193 4562 vel
2240 4499 2627 4577 ἐπερώτηςιν
2681 4503 2721 4562 i.
2760 4524 2805 4562 e.
2855 4522 2987 4562 eam
3030 4504 3210 4562 inter-

599 4594 971 4671 rogationem
1025 4591 1103 4651 ad
1159 4610 1339 4668 quam
1392 4588 1497 4652 ναί
1557 4592 1651 4651 vel
1707 4587 1786 4652 οὔ
1842 4592 1939 4651 vel
1991 4594 2246 4669 repetito
2300 4591 2479 4652 verbo
2543 4592 2990 4670 respondemus:
3055 4594 3208 4667 synt.

603 4683 853 4757 117,26
902 4677 1065 4755 πρὸς
1119 4678 1232 4741 τὰς
1290 4677 1624 4756 ἐρωτήςεις
1680 4675 2137 4755 ἀνθυπάγομεν
2193 4679 2268 4741 τὸ
2319 4678 2423 4742 ναί
2469 4678 2508 4755 ἢ
2557 4677 2636 4742 οὔ
2681 4678 2720 4755 ἢ
2770 4677 2938 4756 ῥῆμα
2983 4677 3208 4757 ὁριςτι·

597 4767 729 4830 κόν.
821 4771 897 4830 ib.
933 4772 1078 4846 118,
1101 4773 1133 4829 1
1185 4766 1319 4831 κατ’
1359 4766 1679 4845 ἐρώτηςιν.
1771 4771 1848 4830 ib.
1883 4772 2027 4846 214,
2052 4772 2153 4829 26.
2228 4766 2293 4847 (ἡ
2334 4766 2639 4847 ὁριςτικὴ)
2678 4765 2767 4831 εἰς
2798 4818 2810 4830 .
2842 4817 2854 4830 .
2887 4766 3207 4845 ἐπερώτη-

600 4876 695 4920 ςιν
742 4859 873 4920 τῶν
919 4855 1315 4934 πραγμάτων
1364 4856 1662 4935 ἐγχωρεῖ,
1709 4855 1897 4932 ἡνίκα
1942 4857 2157 4935 φαμὲν
2203 4857 2559 4936 γέγραφας;
2610 4907 2622 4920 .
2664 4906 2676 4920 .
2717 4857 2817 4920 καὶ
2864 4856 2919 4920 εἰ
2966 4858 3080 4936 μὲν
3127 4857 3207 4935 μὴ

602 4944 698 5026 εἴη
756 4946 833 5011 τὸ
889 4947 1190 5009 τοιοῦτον
1247 4942 1503 5021 ἀληθές,
1568 4946 1783 5025 φαμὲν
1839 4944 1943 5011 οὔ·
2002 4944 2056 5010 εἰ
2111 4946 2184 5010 δὲ
2239 4944 2472 5026 ἀληθὲς
2532 4944 2628 5024 εἴη
2676 4946 2752 5010 τὸ
2798 4946 3210 5027 γεγραφέναι,
