3738 5530
665 317 751 383 88
843 315 1290 373 Commentarius
1319 315 1546 371 criticus
1575 317 1634 372 et
1661 314 1982 386 exegeticus
2010 312 2070 369 in
2097 312 2386 384 Apollonii
2411 310 2640 382 Dyscoli
2670 311 2883 384 scripta
2907 312 3141 367 minora.

660 487 766 547 der
810 484 1087 563 κτήτωρ;
1144 487 1228 546 im
1273 481 1566 560 κτητικόν
1615 486 1755 545 aber
1798 485 1961 545 kann
2007 484 2130 545 und
2175 502 2339 545 muss
2383 502 2525 542 man
2570 482 2677 543 das
2723 482 3061 543 besitzende
3107 499 3283 559 πρω-

659 573 946 638 τότυπον
992 576 1420 650 hinzudenken‚
1467 574 1588 634 und
1636 567 1816 645 zwar'
1838 575 1928 635 als
1976 569 2269 635 Genetiv'.
2343 573 2625 633 Hoerscln
2667 573 2813 632 375.
2891 573 3068 633 Falso
3107 573 3286 634 νοεῖν

662 668 919 727 vertitur
946 659 1404 726 ‘hinzudenken'
1416 687 1432 739 ς
1477 667 1569 724 est
1596 665 1754 724 enim
1784 659 2079 725 ‘denken'.
2165 662 2498 723 Genuinam
2526 680 2651 722 esse
2679 661 2899 723 codicis
2927 663 3287 740 scripturam

663 759 914 834 apparet
958 775 990 815 e
1037 756 1273 834 gemino
1319 756 1449 814 loco
1496 774 1661 832 pron.
1711 756 1856 829 103,
1883 757 1962 814 19
2019 749 2059 828 ἡ
2108 749 2305 815 αὐτός
2351 748 2808 826 ἐπιταγματικὴ
2858 747 3288 827 ὁμοιόςχημος

664 841 826 907 οὐςα
871 839 970 905 ἀεὶ
1016 840 1408 905 ἐπιτάςςεται
1454 842 1592 904 ταῖς
1639 839 2118 919 πρωτοτύποις,
2184 841 2323 903 ταῖς
2378 839 2452 902 δὲ
2510 840 2827 916 κτητικαῑς
2873 837 3035 903 κατὰ
3082 839 3286 917 μόνην

661 930 946 1008 γενικήν·
1011 931 1114 994 καὶ
1174 932 1376 1007 δῆλον
1432 929 1522 994 ὡς
1582 933 1667 1013 τῇ
1729 929 1920 994 κατὰ
1983 929 2068 993 τὸ
2135 927 2357 993 ἐντὸς
2422 927 2836 1007 πρόςωπον
2902 928 3285 1012 νοουμένῃ

663 1018 1088 1095 ςυντάςςεται,
1154 1017 1291 1097 ἥτις
1346 1017 1465 1083 οὐκ
1512 1017 1675 1096 ἄλλη
1723 1018 1973 1098 ὀφείλει
2020 1020 2254 1083 πτῶςις
2301 1015 2463 1082 εἶναι
2509 1016 2547 1094 ἢ
2595 1016 2839 1094 γενική,
2902 1015 3016 1096 ἀφ’
3062 1015 3138 1095 ἧς
3183 1018 3288 1082 καὶ

661 1109 701 1188 ἡ
748 1109 1125 1189 παραγωγή.
1216 1113 1530 1172 Neminem
1575 1112 1736 1192 fugit
1779 1108 1855 1172 τὸ
1905 1107 2090 1173 ἐντὸς
2137 1109 2489 1187 πρόςωπον
2537 1128 2662 1171 esse
2707 1128 3022 1189 personam
3056 1129 3286 1189 posses·

663 1204 812 1263 soris
875 1203 973 1263 vel
1038 1203 1235 1280 ipsum
1299 1219 1708 1281 possessorem.
1819 1202 1933 1280 Ap.
1999 1202 2149 1262 dicit
2205 1196 2245 1275 ἡ
2307 1196 2736 1276 πρωτότυπος
2802 1199 3044 1261 νοεῖται
3108 1200 3283 1262 modo

661 1287 824 1353 κατὰ
868 1288 945 1352 τὸ
993 1286 1178 1353 ἐντὸς
1224 1287 1593 1367 πρόςωπον,
1641 1291 1816 1352 modo
1864 1286 1936 1351 ἐν
1974 1292 2067 1371 τῷ
2115 1286 2299 1352 ἐντὸς
2344 1286 2690 1370 προςώπῳ,
2736 1289 2914 1350 modo
2961 1287 3123 1351 κατὰ
3167 1286 3286 1350 τὸν

662 1378 956 1456 κτήτορα,
1003 1381 1178 1441 modo
1227 1377 1297 1441 ἐν
1343 1383 1436 1461 τῷ
1483 1377 1755 1456 κτήτορι,
1803 1381 1971 1440 nullo
2018 1380 2386 1441 discrimine:
2442 1373 2574 1439 ‘das
2621 1379 2932 1456 personale
2979 1380 3128 1439 wird
3174 1381 3289 1439 mit

664 1472 863 1550 Bezug
928 1472 1038 1530 auf
1094 1470 1208 1530 den
1254 1470 1544 1546 Besitzer‚
1608 1472 1645 1529 i.
1686 1489 1733 1530 e.
1782 1470 1934 1530 wird
2000 1470 2088 1530 als
2148 1469 2260 1530 den
2307 1469 2574 1530 Besitzer
2628 1468 2935 1546 angebend
2991 1463 3285 1549 gedacht’.

664 1560 792 1620 Hoc
846 1560 1036 1639 igitur
1090 1560 1153 1619 in
1210 1580 1327 1637 quo
1383 1577 1689 1620 versamur
1733 1561 1771 1618 l.
1821 1562 1934 1638 Ap.
1991 1559 2245 1620 debebat
2304 1559 2499 1619 dicere
2552 1553 2690 1632 ἥτις
2746 1554 2818 1619 ἐν
2876 1560 2970 1639 τῷ
3032 1556 3290 1634 κτήτορι

664 1646 983 1724 νοουμένη
1031 1645 1193 1711 κατὰ
1238 1646 1496 1724 γενικὴν
1544 1645 1822 1722 λέγεται,
1868 1650 1966 1711 vel
2013 1649 2243 1726 aliquid
2291 1650 2417 1709 eius
2463 1647 2652 1710 modi:
2699 1648 2802 1709 sed
2847 1651 2917 1708 ut
2962 1652 3056 1709 est
3097 1649 3287 1709 brevi-

661 1740 809 1799 tatis
856 1738 1156 1800 studiosus
1202 1739 1355 1799 nihil
1399 1740 1519 1801 nisi
1564 1739 1807 1800 νοεῖται
1852 1740 2071 1817 posuit.
2149 1738 2459 1799 Sententia
2495 1739 2686 1817 igitur
2721 1738 2868 1799 haec
2904 1740 3021 1798 cst:
3069 1732 3288 1799 ‘Offen-

662 1828 772 1889 bar
824 1828 976 1889 wird
1033 1824 1233 1890 αὐτοῦ
1289 1832 1405 1889 cet.
1461 1829 1576 1888 mit
1629 1828 1763 1889 dem
1817 1822 1930 1909 (im
1983 1829 2282 1907 possessiv
2327 1819 2739 1909 euthaltenen)
2793 1828 3107 1905 personale
3160 1848 3290 1889 ver-

663 1916 918 1993 bunden,
965 1918 1121 1979 denn
1159 1938 1251 1979 wo
1289 1918 1476 1979 dieses
1525 1912 1658 1999 (das
1697 1911 2035 2000 personale)
2075 1919 2166 1979 als
2203 1917 2316 1978 den
2352 1917 2620 1978 Besitzer
2665 1916 2993 1996 anzeigend
3038 1917 3292 1996 gedacht

666 2007 842 2083 wird‚
902 2007 986 2067 ist
1037 2026 1098 2067 es
1145 2006 1411 2068 Genetiv.
1504 2007 1618 2067 Die
1664 2007 1960 2068 Personen
2006 2008 2112 2068 der
2157 2008 2423 2068 Besitzer
2468 2006 2703 2067 werden
2758 2006 2855 2066 bei
2902 2006 3102 2068 diesen
3150 2000 3291 2089 (den

666 2089 1066 2179 possessiven)
1107 2098 1177 2175 ja
1224 2089 1390 2180 (nur)
1441 2097 1530 2156 als
1577 2096 1861 2158 Genetive
1908 2091 2202 2176 gedacht'.

844 2186 977 2247 Hoc
1019 2205 1206 2247 unum
1238 2204 1563 2262 pronomen
1602 2190 1966 2261 eminam,
2013 2205 2200 2248 unum
2245 2188 2629 2262 componitur,
2677 2204 2810 2247 oum
2842 2187 3295 2261 pronominibus

665 2278 753 2335 ita
805 2280 873 2336 ut
914 2278 1317 2351 posteriorem,
1383 2294 1515 2336 eum
1568 2277 1707 2337 aliis
1762 2277 2061 2338 vocabulis
2114 2279 2202 2338 ita
2253 2281 2320 2337 ut
2367 2278 2632 2351 priorem
2683 2278 2750 2336 in
2804 2278 3118 2352 composita
3165 2293 3295 2337 voce

669 2366 861 2426 locum
904 2369 1093 2425 teneat
1138 2367 1239 2442 62,
1261 2367 1541 2441 23—63,
1561 2368 1619 2425 4.

850 2456 952 2530 62,
975 2456 1057 2515 23
1124 2455 1195 2515 cf.
1243 2455 1351 2516 AO
1387 2456 1419 2515 I
1458 2457 1561 2531 53,
1585 2458 1664 2514 12
1733 2452 1898 2530 μόνη
1964 2451 2030 2517 ἐξ
2097 2450 2518 2530 ἀντωνυμιῶν
2585 2450 2653 2533 (ἡ
2702 2449 2927 2534 αὐτός)
2992 2454 3293 2516 δεδιπλα-

669 2539 934 2604 ςίαςται·
973 2539 1169 2605 αὐτός
1216 2540 1410 2606 αὐτός
1457 2538 1657 2626 (scrib.
1707 2537 2086 2626 αὐταυτός)·
2136 2541 2299 2620 μόνη
2347 2542 2421 2606 δὲ
2468 2537 2669 2626 (inser.
2719 2540 2791 2606 ἐν
2838 2537 2945 2626 τῇ)
2993 2541 3296 2624 κωμῳδίᾳ

677 2629 1075 2694 ἐπιτέτακται
1142 2628 1339 2715 (scrib.
1408 2626 1824 2716 ἑπιτέταται)·
1893 2630 2265 2710 αὐτότερος,
2332 2630 2715 2696 αὐτότατος·
2781 2630 2944 2708 μόνη
2991 2630 3296 2695 ποικίλως

671 2718 1084 2796 ςυντέθειται,
1142 2719 1305 2785 κατὰ
1350 2721 1466 2799 μὲν
1513 2717 1746 2800 ἀρχήν,
1805 2719 2290 2797 αὐτοδίδακτος,
2349 2717 2858 2800 αὐτοκάβδαλος,
2908 2719 3294 2799 αὐτόματος·

673 2809 776 2873 καὶ
820 2808 972 2892 <pro
1018 2810 1121 2875 καὶ
1159 2813 1329 2874 scrib.
1369 2809 1573 2893 κατὰ)
1618 2810 1695 2874 τὸ
1732 2810 1920 2875 τέλος
1958 2811 2047 2886 δέ,
2095 2811 2427 2890 φίλαυτος,
2475 2811 2578 2874 καὶ
2615 2810 2774 2889 μετὰ
2811 2808 3232 2889 ἀντωνυμιῶν
3250 2862 3263 2875 .
3281 2861 3294 2874 .

669 2903 709 2961 1.
745 2904 831 2962 30
869 2898 1114 2964 ἐοικυῖα
1149 2901 1224 2964 δὲ
1261 2898 1523 2979 ἄρθροις
1559 2900 1800 2978 ταύτην
1852 2897 2054 2985 (scrib.
2085 2896 2313 2985 καύτὴ)
2351 2900 2752 2979 παρεδέξατο
2800 2897 3043 2980 ἄρθρον
3102 2903 3295 2965 Schol.

670 2991 846 3051 Dion.
888 2993 1036 3068 266,
1059 2994 1145 3052 20
1170 2992 1553 3072 Hflg.=AG
1593 2995 1740 3069 920,
1762 2995 1843 3053 33
1885 2989 2203 3055 οὐδέποτε
2240 2988 2404 3054 ἄλλο
2442 2989 2633 3069 μέρος
2681 2990 2882 3065 λόγου
2921 2989 3052 3069 μετ’
3091 2988 3295 3055 ἀντω-

672 3077 901 3154 νυμίας
947 3077 1324 3153 ςυντίθεται,
1383 3076 1438 3143 εἰ
1495 3079 1574 3157 μὴ
1625 3078 1783 3157 μετὰ
1828 3082 1942 3156 τῆς
1990 3078 2210 3154 αὐτός,
2268 3077 2413 3144 οἷον
2469 3079 2880 3154 αὐτόςςυτος,
2936 3078 3300 3157 αὐτόματος

674 3165 1156 3232 αὐτοδίδακτος.
1239 3171 1420 3232 Prisc.
1459 3172 1575 3231 XII
1615 3173 1693 3231 31
1745 3192 1803 3249 p.
1845 3173 1992 3248 596,
2015 3173 2051 3231 6
2101 3166 2578 3249 ‘Componuntur
2616 3173 2860 3232 nomina
2906 3191 3041 3232 cum
3084 3192 3299 3250 prono·

671 3258 963 3335 minibus,
1023 3262 1092 3318 ut
1138 3255 1551 3335 “huiusmodi‚
1599 3261 1963 3337 istiusmodi,
2010 3256 2485 3336 huiuscemodi'',
2531 3262 2688 3322 sicut
2733 3265 2794 3321 et
2840 3261 2999 3339 apud
3046 3260 3298 3322 Graecos

674 3344 1237 3423 αὐτοκαςίγνητος,
1306 3346 1795 3421 αὐτοδίδακτος,
1860 3346 2217 3425 φίλαυτος’.
2312 3351 2467 3410 Skae
2533 3344 2599 3433 (I
2649 3343 2760 3432 15)
2828 3351 3296 3411 emendationem

673 3438 857 3497 etiam
903 3438 1078 3499 hodie
1125 3457 1250 3500 esse
1302 3439 1705 3517 recipiendam
1751 3441 1925 3517 pute,
1987 3442 2056 3499 ut
2102 3459 2252 3516 quae
2298 3441 2564 3518 proxime
2610 3440 2688 3499 ad
2733 3441 3093 3518 scripturam
3138 3460 3296 3501 acce·

674 3527 783 3586 dat
819 3527 1056 3603 codicis,
1103 3529 1270 3589 cuius
1316 3529 1721 3589 testimonium
1767 3530 1960 3607 pluris
2005 3529 2161 3591 facio
2206 3550 2385 3606 quam
2421 3529 2743 3605 Prisciani3
2788 3530 3102 3591 dissentire
3137 3530 3297 3591 vide-

673 3619 775 3676 tm·
817 3617 1095 3696 Egenolff
1126 3618 1157 3677 I
1194 3619 1340 3678 837.
1414 3619 1505 3679 De
1543 3614 1863 3681 αὐταυτός
1899 3622 2026 3680 sim.
2067 3620 2138 3680 cf.
2177 3619 2319 3680 Lob.
2354 3620 2431 3680 ad
2471 3618 2648 3698 Soph.
2687 3612 2814 3680 ΑΗ
2856 3641 2912 3698 p.
2954 3622 3111 3697 2023
3156 3620 3297 3681 Ahr.

675 3706 838 3767 dian.
876 3707 939 3766 H
978 3709 1122 3767 272.
1175 3709 1319 3768 275.

855 3797 1018 3872 63‚4
1067 3792 1139 3857 ἐν
1185 3798 1278 3878 τῷ
1323 3794 1471 3872 περὶ
1516 3792 1882 3877 ςχημάτων]
1932 3819 1985 3857 v.
2033 3800 2243 3878 fragm.

850 3881 1092 3947 Αὐτός
1137 3887 1415 3961 quoniam
1460 3903 1592 3946 cum
1626 3889 1833 3961 prima
1879 3890 2138 3949 secunda
2183 3891 2353 3949 tertia
2387 3905 2546 3963 pers.
2595 3891 2967 3959 construitur,
3018 3894 3158 3949 sunt
3200 3891 3301 3964 qui

674 3977 855 4035 trium
895 3992 1293 4050 personarum
1347 3993 1643 4036 commune
1685 3981 1911 4051 putent.
2003 3975 2085 4037 At
2129 3996 2244 4052 per
2288 3995 2350 4038 se
2395 3981 2597 4038 tertiae
2643 3983 2739 4038 est.
2834 3979 2999 4054 Quod
3032 3981 3300 4054 primum

674 4070 926 4139 apparet
982 4084 1052 4125 ece
1112 4068 1448 4139 infinitivis,
1513 4069 1614 4140 qui
1660 4084 1792 4126 cum
1837 4063 2069 4129 αὐτός
2117 4071 2467 4143 pronomine
2531 4070 2819 4129 coniuncti
2877 4071 3080 4128 tertiae
3131 4073 3299 4140 sunt;

675 4155 886 4215 deinde
940 4173 1008 4214 ex
1063 4173 1126 4214 eo
1179 4157 1334 4229 quod
1388 4174 1520 4216 cum
1563 4159 2014 4230 pronominibus
2066 4159 2266 4217 tertiae
2300 4175 2459 4232 pers.
2507 4161 2892 4219 commutatur
2939 4159 3297 4235 63,5—15.

857 4245 1245 4319 63‚13—15
1285 4245 1358 4305 ef.
1396 4245 1578 4306 Prisc.
1617 4246 1735 4305 ΧΠ
1766 4247 1936 4306 5-6
1985 4268 2042 4325 p.
2080 4248 2576 4323 579‚27—-580‚
2598 4249 2654 4307 8.

852 4332 1129 4394 Fuerunt
1171 4337 1274 4408 qui
1321 4331 1553 4396 αὐτός
1596 4352 1807 4395 nomen
1851 4353 1973 4396 esse
2018 4338 2443 4408 existimarent,·
2485 4355 2631 4397 nam
2673 4337 2740 4412 a)
2777 4338 2933 4398 idem
2977 4338 3171 4398 valere
3214 4341 3301 4397 at-

675 4442 785 4498 que
848 4416 1087 4494 ‘solus'‚·
1162 4422 1224 4497 b)
1280 4441 1413 4484 cum
1473 4426 1720 4485 articulo
1784 4428 2089 4501 coniun9i;
2163 4426 2220 4501 c)
2277 4429 2728 4501 comparationis
2779 4428 3082 4503 particeps
3145 4444 3262 4488 esse
3277 4448 3301 4498 ,-

674 4511 743 4586 d)
771 4516 1083 4588 oxytonum
1110 4528 1245 4581 esse,
1283 4532 1416 4574 eum
1450 4519 1638 4574 cetera
1684 4506 2068 4595 (pronomina
2093 4515 2158 4575 in
2185 4508 2288 4597 δ’ὁ)
2337 4517 2622 4590 barytona
2655 4520 2777 4576 sint
2813 4518 2915 4592 63,
2940 4518 3218 4591 16-64,
3240 4518 3299 4575 2.

676 4600 841 4671 Quae
894 4601 1264 4662 refelluntur.
1356 4602 1453 4662 Ad
1500 4595 1582 4685 a).
1646 4603 1715 4664 Si
1769 4607 1923 4679 quod
1975 4606 2320 4666 vocabulum
2377 4605 2621 4666 alterius
2676 4606 2798 4667 loco
2844 4608 3119 4681 ponitur,
3181 4622 3304 4666 non

677 4697 761 4751 est
801 4692 936 4751 ilico
992 4694 1174 4752 eidem
1226 4695 1509 4753 orationis
1556 4697 1725 4768 parti
1771 4696 2157 4754 tribuendum.
2245 4695 2348 4756 Ad
2394 4687 2479 4777 b).
2545 4693 2851 4756 Articulus
2896 4713 3029 4757 cam
3069 4699 3305 4757 novum

676 4783 1016 4842 coniunctus
1049 4800 1235 4843 unam
1268 4783 1606 4843 relationem
1639 4785 1879 4852 indicat,
1910 4801 2042 4843 cum
2078 4779 2309 4846 αὐτός
2347 4790 2706 4846 constructus
2731 4787 2941 4861 plnres
2973 4786 3301 4847 relationae.

676 4871 773 4931 Ad
821 4863 897 4952 c).
976 4868 1426 4947 Comparativus
1478 4875 1650 4946 fietus
1696 4877 1779 4932 est
1830 4876 1897 4932 in
1956 4874 2272 4942 comoedia,
2328 4880 2396 4934 ut
2437 4879 2597 4934 risus
2639 4879 2976 4935 moveretur.
3071 4875 3166 4935 Ad
3214 4867 3301 4956 d).

676 4961 779 5023 Ex
823 4964 1061 5021 accentu
1101 4962 1252 5021 nihil
1295 4962 1483 5037 compi
1516 4966 1705 5036 potest
1751 4963 2110 5037 64,2—-14.
