3738 5530
1273 398 1372 448 DE
1408 396 1743 449 Accssn‘rv
1779 397 2296 450 PRONOMINVM.
2994 393 3079 456 35

301 613 434 666 43A
469 598 648 665 θείας
716 600 1205 680 ἐκπεμπόμενα,
1281 601 1440 666 αὐτὸ
1516 601 1720 680 μόνον
1794 603 1914 664 τοῦ
1988 598 2508 679 ὑποκρινομένου
2582 598 2937 675 προςώπου
3003 598 3079 660 τὸ

474 702 778 781 λυπηρὸν
824 703 1185 783 παρίςτηςι,
1228 705 1344 781 τὴν
1391 702 1449 767 δ’
1492 701 1594 766 ἐπὶ
1640 703 1719 766 τὰ
1762 700 1931 766 ἄλλα
1974 701 2291 781 πρόςωπα
2333 700 2672 779 μετάβαςιν
2705 699 3082 777 ἀπήρνηται.

478 808 676 868 τοῦτο
723 805 850 881 γὰρ
894 802 977 881 ἦν
1023 805 1121 868 καὶ
1163 805 1239 869 τὸ
1287 804 1482 870 δόξαν
1513 806 1778 883 πρώτου
1808 804 2165 883 προςώπου
2195 802 2468 881 ἔμφαςιν
2499 804 2762 879 δηλοῦν.
2837 801 3083 879 εὐήθεις

483 905 605 971 οὖν
654 906 719 971 οἱ
765 908 1165 986 ςολοικιςμὸν
1209 906 1566 987 φάςκοντες
1612 907 1683 971 ἐν
1728 911 1819 990 τῷ

1303 1008 1467 1089 ὤμοι
1510 1008 1640 1085 ἐγὼ
1685 1007 1898 1072 δειλός
1943 1005 2004 1091 (ε
2050 1004 2222 1090 299).
3118 1008 3151 1054 ὃ

662 1196 1016 1277 ξυμβέβηκε
1082 1200 1213 1262 τῶν
1270 1195 1694 1275 ἀντωνυμιῶν
1750 1193 1826 1257 ἃς
1881 1196 1997 1272 μὲν
2054 1192 2565 1275 ὀρθοτονεῖςθαι,
2631 1194 2913 1259 τουτέςτι
2968 1193 3086 1257 τὸν

490 1298 654 1362 κατὰ
696 1298 888 1378 φύςιν
933 1299 1130 1362 τόνον
1177 1298 1376 1377 ἔχειν,
1423 1299 1500 1362 ἃς
1543 1299 1615 1360 δὲ
1658 1296 2081 1379 ἑγκλίνεςθαι,
2129 1294 2225 1360 ὧν
2269 1296 2344 1360 τὸ
2375 1295 2592 1371 τέλος,
2641 1295 2811 1371 λέγω
2844 1296 2923 1373 δὴ
2953 1300 3087 1358 τῶν

402 1416 453 1467 Β
494 1400 975 1479 ἐγκλινομένων
990 1449 1009 1481 ,
1067 1400 1105 1477 ἢ
1166 1399 1354 1479 φύςει
1415 1399 1708 1465 ὀξύνεται
1753 1399 1791 1476 ἢ
1838 1397 2134 1480 δυνάμει,
2191 1397 2280 1462 ὡς
2336 1399 2416 1462 τὰ
2458 1397 2926 1478 περιςπώμενα.
3016 1396 3089 1460 ἐν

490 1501 717 1566 αὐτοῖς
762 1503 886 1579 γὰρ
934 1501 1063 1580 ἔχει
1108 1500 1341 1567 ὀξεῖαν.
1432 1501 1568 1580 ἥτις
1613 1501 1966 1581 μεθίςταται
2012 1500 2169 1564 κατὰ
2212 1500 2330 1577 τὴν
2377 1497 2700 1578 ἄρχουςαν
2746 1499 3087 1580 ςυλλαβήν,
3131 1516 3192 1563 ιο

489 1603 587 1667 ὡς
632 1603 738 1666 ἐπὶ
779 1606 914 1667 τῶν
961 1603 1444 1684 τετραχρόνων,
1500 1601 1802 1680 ἥρπαςέ
1859 1621 1973 1665 τις
2028 1602 2275 1683 ἤμων,
2331 1600 2370 1677 ἢ
2427 1603 2585 1666 κατὰ
2629 1603 2706 1666 τὸ
2749 1602 2933 1669 τέλος
2979 1603 3091 1676 τῆς

490 1705 950 1785 ὑπερκειμένης
1008 1705 1274 1788 λέξεως,
1331 1703 1421 1769 ὡς
1475 1703 1579 1768 ἐπὶ
1635 1707 1766 1768 τῶν
1822 1703 2173 1768 ἐλάττονας
2239 1702 2519 1782 χρόνους
2577 1703 3092 1785 ἀναδεξαμένων,

487 1811 614 1871 τοῦ
660 1810 919 1871 τονικοῦ
967 1806 1085 1871 οὐκ
1132 1805 1621 1889 ἐμποδίζοντος,
1666 1806 2119 1885 ἀνθρώποις
2164 1825 2324 1886 μοι,

1350 1908 1442 1974 τίς
1486 1908 1605 1986 τάρ
1651 1927 1828 1987 ςφωε
1877 1906 1955 1990 (Α
2000 1906 2087 1991 8).

666 2012 809 2090 Πρὸ
867 2014 979 2089 τῆς
1037 2010 1157 2077 οὖν
1212 2011 1372 2075 κατὰ
1428 2012 1620 2091 μέρος
1665 2009 1882 2075 αὐτῶν
1928 2009 2269 2076 ἑξετάςεως
2314 2013 2701 2089 διαληπτέον
2747 2012 3092 2077 καθολικώ-
3136 2026 3196 2073 15

399 2130 451 2183 C
488 2134 689 2194 τερον
746 2114 888 2194 περὶ
944 2116 1056 2191 τῆς
1112 2116 1431 2193 διαφορᾶς
1484 2119 1619 2178 τῶν
1676 2111 2260 2192 ὀρθοτονουμένων
2320 2115 2484 2192 πρὸς
2549 2116 2663 2178 τὰς
2728 2114 3092 2192 ἐγκλιτικάς,

300 2743 441 2796 44A

486 2215 645 2294 περί
688 2236 756 2280 τε
799 2218 934 2280 τῶν
978 2217 1192 2294 μόνως
1236 2213 1845 2295 ὀρθοτονουμένων,
1893 2214 1992 2279 καὶ
2038 2214 2141 2278 διὰ
2185 2213 2274 2297 τί,
2321 2216 2425 2279 καὶ
2467 2221 2601 2281 τῶν
2645 2216 2858 2294 μόνως
2891 2216 3094 2292 ἐγκλι-

484 2318 828 2399 νομένὼν,
884 2321 1016 2383 τῶν
1074 2338 1142 2383 τε
1201 2317 1291 2383 εἰς
1334 2316 1531 2397 ἄμφω
1575 2317 1730 2382 τοὺς
1769 2315 2005 2381 τόνους
2049 2318 2765 2400 παραλαμβανομένων,
2822 2317 3096 2381 καθόὓς

484 2420 785 2498 τρόπους
831 2420 1472 2499 ὀρθοτονηθήςονται.

671 2522 745 2587 Αἱ
801 2525 915 2601 μὲν
974 2520 1095 2588 οὖν
1154 2520 1699 2600 ὀρθοτονούμεναι
1759 2522 1857 2587 καὶ
1915 2522 2380 2601 προτάςςονται
2447 2523 2550 2586 καὶ
2610 2520 3096 2603 ὑποτάςςονται,
3134 2534 3201 2583 20

484 2626 678 2703 ἐμοὶ
735 2624 1067 2708 ἔδωκεν,
1125 2624 1424 2689 ἔδωκεν
1482 2623 1684 2704 ἐμοί·
1741 2623 1805 2687 αἱ
1858 2625 1930 2689 δὲ
1976 2624 2415 2702 ἐγκλινόμεναι
2473 2623 2689 2702 μόνως
2744 2621 2892 2688 εἰςὶν
2937 2621 3096 2686 ὑπο-

486 2726 796 2792 τακτικαί.
856 2728 1146 2808 διαφέρει
1200 2727 1272 2792 δὲ
1317 2718 1779 2815 ὑπᾳέτακτικὸν
1836 2724 2390 2809 ὑποταςςομένου,
2451 2726 2490 2811 ᾗ
2536 2727 2611 2791 τὸ
2657 2727 2773 2806 μὲν
2818 2725 3098 2791 πάντοτε

483 2830 572 2894 ἑν
632 2829 960 2913 ὑποταγῇ,
1018 2828 1134 2893 τόν
1190 2848 1258 2894 τε
1310 2826 1480 2894 ἴδιον
1538 2828 1736 2893 τόνον
1792 2828 1912 2892 οὐκ
1956 2829 2116 2908 ἔχει,
2173 2832 2248 2895 τὸ
2303 2831 2376 2894 δὲ
2431 2829 2952 2908 ὑποταςςόμενον
2999 2829 3101 2891 καὶ

483 2930 1106 3018 προτάςςεται,,καὶ
1149 2932 1266 2995 τὸν
1310 2931 1509 2995 τόνον
1526 2931 1655 3010 ,τὸν
1688 2929 1921 2994 ἑαυτοῦ
1953 2930 2082 3009 ἔχει
2113 2931 2172 3012 (ἑ
2187 2932 2316 3011 μοὶ
2359 2933 2483 3009 γὰρ
2531 2931 2869 3011 ἔδωκας,
2916 2929 3098 2995 ἔδω-

481 3054 644 3098 κας
687 3033 897 3116 ἐμοί,
955 3034 1125 3109 λέγω
1169 3034 1241 3097 δὲ
1285 3031 1703 3112 διςυλλάβως·
1757 3032 1833 3094 τὸ
1879 3031 1938 3095 δ’
1983 3032 2226 3097 ἔδωκέ
2269 3053 2405 3111 μοι
2448 3034 2549 3097 καὶ
2595 3033 2958 3111 βαρύτονον
3003 3032 3102 3096 καὶ
3140 3044 3205 3092 25

482 3133 999 3216 μονοςύλλαβον
1044 3135 1147 3200 καὶ
1194 3134 1509 3199 οὐδέποτε
1555 3133 1815 3198 πάντως
1857 3134 2347 3219 προτακτικόν)·
2415 3136 2494 3200 ὃν
2550 3134 2799 3213 τρόπον
2855 3135 2957 3198 καὶ
3000 3133 3101 3210 ἐγ-

641 3389 861 3442 Asovx.
942 3393 973 3441 6
1020 3386 1104 3442 De
1142 3389 1379 3442 accentu
1414 3387 1832 3457 pronominum.
1905 3386 2255 3456 Exponenda
2287 3389 2419 3441 sunt
2451 3387 2619 3442 haee:
2671 3390 2713 3456 ι)
2751 3387 2897 3453 Quid
2932 3388 3104 3441 inter-

478 3476 569 3529 sit
611 3474 767 3526 inter
803 3472 1274 3528 orthotonumena
1307 3474 1367 3527 et
1402 3472 1679 3526 enclitioa.
1736 3473 1783 3538 ιι)
1810 3471 1966 3536 Quae
2003 3470 2116 3525 sint
2150 3488 2327 3540 usque
2363 3472 2863 3538 orthotonumena,
2902 3474 2962 3525 et
2993 3487 3108 3539 qua.

478 3560 565 3614 de
610 3574 804 3613 causa.
863 3560 910 3625 3)
946 3557 1101 3623 Quae
1136 3573 1364 3626 semper
1397 3556 1754 3610 inclinentur.
1812 3559 1859 3621 4)
1897 3555 2008 3610 Ubi
2041 3564 2257 3610 rectum
2293 3558 2549 3612 tenorem
2585 3559 2814 3612 servent
2847 3573 2916 3610 oa
2959 3572 3105 3624 quae

480 3648 813 3711 utrumque
858 3643 1151 3696 accentum
1196 3642 1499 3699 assumunt.
1547 3670 1613 3680 —
1656 3647 1723 3694 20
1769 3639 2259 3695 Orthotonumena
2302 3645 2362 3696 et
2394 3645 2823 3711 praeponuntur
2859 3643 2919 3694 et
2951 3642 3104 3710 post·

478 3729 827 3798 ponuntur3
865 3725 1139 3780 inclinata
1171 3724 1563 3780 tantummodo
1600 3725 1976 3795 postpositiva
2009 3728 2154 3780 sunt.
2208 3722 2412 3780 Differt
2445 3729 2636 3781 autom
2671 3725 3106 3796 postpositivum

479 3830 521 3867 a
561 3809 898 3882 postposito
933 3826 1003 3864 ea
1036 3827 1122 3876 re,
1161 3809 1316 3879 quod
1348 3810 1784 3880 postpositivum
1820 3826 2045 3879 semper
2077 3809 2462 3878 subsequitur,
2499 3811 2875 3881 postpositum
2901 3812 2987 3864 est
3009 3808 3107 3862 ubi

477 3897 900 3968 praeponatur
934 3912 1209 3964 suumque
1244 3896 1457 3950 habeat
1491 3896 1802 3950 accentum.
1875 3894 2090 3949 Eodem
2126 3894 2295 3948 modo
2331 3894 2658 3949 encliticam
2694 3895 2885 3950 differt
2918 3895 2990 3948 ab
3025 3893 3108 3946 in-

477 3981 740 4038 clinato.

643 4199 837 4254 D1scu.
882 4219 1082 4254 semp-r.
1168 4206 1209 4258 1.
1254 4203 1701 4269 ὑποκρινομένου
1746 4202 1812 4269 b,
1856 4219 2306 4271 αποκρινομενου
2354 4206 2397 4257 Α
2474 4204 2484 4268 Ι
2559 4209 2606 4257 2.
2652 4218 2975 4270 παριςτηςιν
3013 4204 3054 4256 Α
3098 4205 3104 4268 Ι

474 4298 534 4347 3.
580 4289 780 4340 τοῦτο
816 4285 923 4351 γὰρ
958 4286 1049 4353 ἦν]
1087 4285 1186 4339 fol.
1229 4291 1322 4340 157
1350 4303 1401 4343 ν,
1445 4289 1456 4356 Ι
1496 4287 1647 4341 vocis
1681 4290 1895 4354 δηλουν
1929 4286 2155 4342 litterae
2192 4306 2295 4342 ουν
2331 4287 2486 4341 cerni
2521 4304 2632 4342 nou
2667 4289 2920 4426 possunt,
2957 4285 3108 4354 quod

477 4372 717 4429 charta
748 4369 1111 4423 membranae
1148 4368 1296 4424 illita.
1331 4373 1438 4436 θείη
1477 4372 1512 4425 b
1548 4371 1605 4424 in
1642 4387 1757 4424 var.
1794 4370 1924 4426 leot.
1960 4387 2072 4425 non
2109 4373 2262 4426 reete
2289 4373 2542 4427 enotavit
2576 4375 2645 4426 δ.
2755 4375 2830 4439 ,1
2883 4375 2931 4428 5.
2969 4373 3111 4437 ὠμοι

474 4480 525 4531 Α
566 4477 575 4540 Ι
614 4469 924 4539 inscriptio
954 4472 999 4525 Α
1034 4471 1263 4525 maiusc,
1289 4488 1412 4525 των
1449 4489 1524 4527 εις
1559 4489 1628 4527 το
1652 4474 1684 4524 δ
1719 4488 1787 4525 το
1811 4490 1847 4527 α
1867 4491 2011 4541 αρχη
2036 4489 2141 4528 του
2167 4477 2197 4538 β
2227 4475 2237 4541 Ι
2268 4479 2316 4530 6.
2342 4478 2681 4542 ςυμβεβηκεν
2707 4475 2750 4526 Α
2783 4477 2792 4541 l
2820 4490 3113 4530 τουτεςτιν

474 4563 526 4615 Α
616 4561 711 4612 11.
757 4557 923 4621 ἤμων
957 4555 1021 4623 b,
1070 4575 1236 4625 ημων
1282 4574 1360 4611 ως
1407 4574 1497 4612 επι
1542 4573 1663 4610 των
1703 4559 1785 4624 ΑΙ
1832 4564 1908 4611 13.
1946 4563 2051 4612 τοῦ
2086 4563 2315 4613 τονικοῡ
2355 4559 2445 4612 Ab
2481 4559 2538 4610 in
2573 4559 2761 4622 textu,
2812 4556 3108 4625 Fortasse,

472 4648 601 4699 τοῦ
632 4644 912 4694 τυπικοῡ’
926 4639 1004 4693 b
986 4657 1046 4695 m
1070 4640 1332 4697 ναι-,19012
1364 4643 1373 4709 Ι
1409 4645 1587 4699 17.qu
1613 4642 1802 4720 τῶνδ,
1830 4658 1922 4695 και
1940 4644 2027 4697 δια
2048 4645 2223 4697 τωνΑ
2257 4647 2265 4708 Ι
2297 4641 3114 4708 21,ἐγκλιτικαὶΚΕΑὸοΙιωὶς1ἡ

474 4745 597 4799 pro
644 4725 1043 4790 ἐγκλινὸμεναι
1092 4728 1101 4793 Ι
1150 4742 1247 4779 ειςι
1284 4727 1327 4778 Α
1366 4727 1377 4794 Ι
1423 4731 1504 4779 24.
1543 4727 1667 4792 ἐμοὶ
1701 4728 1809 4792 γὰρ
1845 4727 2089 4792 ἔδωκας,
2128 4728 2343 4781 ἔδωκας
2380 4727 2526 4794 ἐμοί]
2567 4727 2791 4795 ‘Aptius
2826 4726 3114 4781 videbitur

474 4815 623 4882 ἐμοὶ
664 4811 787 4875 γὰρ
822 4809 1058 4876 ἔδωκεν,
1094 4811 1271 4864 ἔδωκ’
1305 4810 1454 4877 ἐμοί’
1488 4809 1525 4863 b
1561 4810 1619 4863 in
1657 4827 1767 4866 var.
1805 4810 1934 4868 lect.
1979 4812 1988 4875 Ι
2036 4818 2116 4868 25.
2145 4814 2357 4866 εδωκεν
2394 4813 2439 4866 Α
2487 4814 2496 4878 Ι
2544 4829 2576 4865 υ
2612 4810 2763 4865 vocis
2800 4813 3113 4879 βαρυτονον

474 4894 840 4952 inmAae
891 4895 1391 4960 126.8vb,wA

2635 4987 2707 5035 3·
