3738 5530
612 367 1057 426 Commentarius
1086 366 1313 426 criticus
1342 371 1402 425 et
1428 368 1750 441 exegeticus
1778 368 1840 424 in
1866 368 2157 440 Apollonii
2184 368 2414 439 Dyscoli
2443 369 2654 441 scripta
2680 369 2913 425 minora.
2991 370 3121 436 239

497 539 784 616 doctrina,
820 542 1022 600 tamen
1058 539 1402 600 Herodiano
1439 557 1547 600 suo
1584 558 1705 599 non
1741 538 2045 598 dubitavit
2077 539 2391 618 adsignare
2418 538 2602 599 Lentz
2630 539 2771 599 Her.
2798 539 2863 599 H
2890 541 3039 616 305,
3061 541 3117 600 6.

494 629 612 689 EM
650 631 798 705 636,
819 631 904 689 40
935 655 1019 679 =
1047 629 1186 690 Her.
1223 629 1288 689 Π
1325 629 1559 705 562‚7;
1604 625 1712 688 Ao
1750 629 1782 687 1
1821 629 2105 704 329‚21;
2151 627 2421 688 Schmidt
2464 630 2648 689 Beitr.
2690 630 2837 690 317.

681 720 827 795 235,
848 720 886 779 8
944 714 1435 798 ἠπαιδεύτηςας]
1495 721 1823 795 permirum
1879 721 1970 777 est
2021 717 2384 778 Lobeckium
2438 718 2643 779 Rhem.
2696 720 2821 779 198
2879 739 2948 779 ex
3007 720 3121 780 hoc

497 808 855 885 syndesmici
888 810 1030 873 ‚loco
1077 808 1283 868 afferre
1319 809 1568 868 verbum
1613 803 2018 868 ἀπαιδευτεύ
2034 824 2113 879 ω,
2163 810 2224 867 et
2259 811 2596 885 suspectum
2640 811 2886 886 propter
2927 803 3118 888 ‘igno-

494 898 792 958 bilitatem
855 892 1135 958 auctoris’
1197 900 1257 958 et
1316 901 1601 958 omissum
1658 899 1722 956 in
1782 897 1954 957 Thes.
2011 896 2221 957 dicere.
2312 897 2575 958 Dindorf
2627 900 2691 957 in
2752 898 2921 959 Thes.
2970 918 3015 959 s.
3060 919 3115 959 v.

499 981 904 1048 ἀπαιδευτέω
962 990 1202 1065 praeter
1257 987 1405 1048 alios
1466 989 1822 1064 scriptorum
1877 986 2173 1046 inferioris
2230 988 2447 1047 aetatis
2501 988 2660 1048 locos
2708 987 2882 1048 affert
2933 986 3041 1048 AO
3086 988 3119 1047 I

499 1080 603 1154 97,
625 1079 724 1137 22.
769 1078 849 1137 23
889 1072 989 1137 ὅτι
1025 1072 1514 1152 ἠπαιδεύτηςαν,
1554 1072 1920 1152 έτύφθηςαν
1945 1122 1959 1135 .
1990 1122 2004 1135 .
2044 1072 2426 1151 ἐτύφθηςαν,
2463 1071 2935 1152 ἠπαιδεύτηςαν
2972 1072 3115 1153 γάρ,

496 1166 602 1225 ubi
648 1165 889 1226 Cramer
932 1185 1052 1226 non
1097 1168 1257 1227 recte
1303 1162 1766 1241 ἐπαιδεύθηςαν
1812 1167 2068 1243 scripsit.
2142 1165 2368 1226 Eadem
2415 1167 2685 1244 exempla
2729 1166 3011 1245 leguntur
3053 1169 3117 1226 in

497 1254 605 1315 EG
644 1258 790 1331 119,
811 1257 915 1316 43.
991 1253 1030 1317 Γ
1033 1250 1130 1331 ἀρ
1180 1251 1521 1331 ςύνδεςμος
1568 1250 1952 1329 ἰςοδύναμος
1996 1254 2114 1315 τοῦ
2161 1249 2277 1315 ὅτι.
2369 1252 2662 1332 διαφέρει
2713 1254 2787 1316 δὲ
2833 1255 2950 1317 τοῦ
2998 1251 3114 1329 ὅτι,

497 1338 598 1405 ὅτι
642 1341 719 1405 τὸ
766 1343 883 1420 μὲν
929 1340 1030 1406 ὅτι
1076 1342 1521 1420 προτακτικὸν,
1570 1341 1659 1406 ὡς
1703 1341 1781 1405 τὸ
1830 1339 1953 1405 ’ὅτι
1998 1339 2490 1419 ἠπαιδεύτηςας,
2539 1340 2927 1421 ἐτυφθήθης’
2975 1337 3113 1428 (scr.

497 1427 823 1517 ἐτύφθης).
915 1430 955 1494 ὁ
1014 1432 1088 1495 δὲ
1146 1430 1269 1510 γάρ
1333 1430 1778 1506 ὑποτάςςεται,
1845 1429 1937 1497 ὡς
1998 1430 2075 1495 τὸ
2142 1429 2523 1509 ἐτυπθήθης
2583 1426 2721 1515 (scr.
2782 1427 3114 1517 ἐτύφθης),

494 1518 960 1599 ἠπαιδεύτηςας
1014 1518 1181 1599 γάρ’.
1274 1523 1480 1585 Choer.
1528 1524 1722 1602 Epim.
1770 1525 1834 1583 in
1894 1523 2111 1584 Psalm.
2152 1525 2255 1601 61,
2277 1525 2466 1584 3-6,
2559 1524 2686 1585 Hos
2745 1525 2906 1586 locos
2966 1525 3117 1584 mihi

495 1613 784 1674 indicavit
825 1612 1182 1674 ALudwich.

675 1704 823 1780 235,
845 1705 883 1762 8
921 1705 1061 1781 post
1095 1699 1336 1783 δαρήςῃ
1371 1703 1586 1763 Matth.
1617 1702 1649 1762 I
1679 1704 1761 1763 86
1801 1702 1972 1762 addit
2004 1696 2147 1781 <ὅτι
2190 1697 2496 1774 ἀνέγνως,
2542 1698 2907 1784 τιμηθήςῃ),
2954 1702 3114 1781 quod

495 1794 723 1869 optimo
769 1795 898 1853 iure
943 1792 1224 1871 Egenolff
1252 1792 1339 1852 IV
1378 1795 1463 1853 84
1508 1792 1697 1868 reicit,
1744 1795 1889 1868 quia
1931 1792 1988 1851 h.
2017 1793 2054 1851 l.
2103 1787 2242 1852 ἐπεί
2289 1792 2493 1852 eodem
2537 1792 2714 1853 modo
2759 1796 3114 1870 usurpatum

496 1884 577 1942 sit
622 1901 740 1960 quo
786 1885 1129 1960 saepissime
1173 1877 1298 1958 γάρ
1345 1885 1406 1943 et
1450 1876 1637 1941 ‘nam'
1649 1905 1667 1957 3
1712 1882 1792 1942 ad
1834 1901 2002 1958 pron.
2045 1883 2148 1957 14,
2170 1883 2269 1941 13.
2356 1910 2363 1917 ·

676 1972 824 2047 235,
845 1974 882 2032 9
931 1968 1007 2032 τὸ
1053 1971 1371 2044 τοιοῦτον,
1417 1972 1453 2030 i.
1485 1992 1532 2032 e.
1571 1967 1649 2032 τὸ
1684 1966 2176 2046 ἠπαιδεύτηςας·
2232 1966 2313 2031 τὰ
2359 1967 2478 2033 δύο
2516 1967 2598 2032 τὰ
2645 1969 2946 2047 πρότερα,
2993 1974 3033 2032 i.
3063 1992 3110 2033 e.

497 2056 706 2138 ἡμέρα
750 2057 879 2122 έςτί
924 2064 986 2121 et
1030 2060 1379 2137 tremitensis.

677 2152 825 2227 235,
847 2153 931 2211 20
978 2150 1102 2211 ska
1136 2150 1223 2210 IV
1271 2151 1311 2211 3
1356 2152 1560 2210 monet
1603 2169 1723 2210 non
1766 2150 2108 2228 praecipere
2153 2149 2288 2227 Ap.
2333 2150 2571 2228 quando
2619 2146 2718 2211 ὅτι
2764 2170 2900 2211 oum
2944 2155 3115 2229 opta-

495 2243 621 2301 tivo
676 2240 1382 2301 construatur.Mi1-um
1437 2258 1579 2300 sane
1634 2241 1725 2300 est
1769 2239 2122 2300 contendere
2167 2240 2301 2317 Ap.
2362 2240 2523 2318 apud
2567 2241 2726 2302 solos
2771 2241 3005 2302 Atticos
3051 2242 3116 2301 in

496 2331 765 2390 oratione
813 2331 1058 2407 obliqua
1101 2331 1424 2406 praeeunte
1470 2329 1796 2408 praeterito
1841 2331 2179 2406 optativum
2224 2333 2516 2406 umpari.

677 2421 824 2495 235,
848 2421 1108 2479 26-27
1156 2419 1377 2480 litteris
1424 2436 1517 2480 ωτ
1567 2420 1817 2480 servatis
1864 2421 2100 2498 egregie
2146 2418 2530 2480 confirmatur
2575 2420 2729 2481 Skae
2777 2421 3116 2481 coniectura.

496 2502 585 2591 (Π
634 2510 710 2569 11
744 2502 858 2592 ιι.,)
924 2527 1043 2586 qua
1100 2509 1213 2569 hoc
1272 2512 1574 2570 assecutus
1634 2510 1790 2583 erat,
1854 2503 1955 2569 ὅτι
2019 2508 2179 2585 quod
2239 2509 2462 2586 pendet
2524 2528 2562 2568 a
2620 2509 2816 2570 verbis
2883 2510 3116 2570 dicendi

494 2598 818 2675 Apollonio
863 2619 983 2660 non
1028 2601 1225 2659 minus
1262 2617 1388 2659 esse
1434 2594 1974 2675 διαβεβαιωτικόν,
2021 2617 2204 2676 quam
2240 2593 2338 2658 ὅτι
2378 2598 2536 2676 quod
2574 2602 2664 2659 est
2708 2601 2772 2658 in
2818 2600 3116 2661 locutione

498 2682 597 2749 ὅτι
646 2685 946 2764 γέγραφα
994 2680 1164 2773 (sane
1209 2680 1465 2772 scripsi).
1512 2721 1601 2730 —
1651 2687 1735 2747 Cf.
1775 2690 1929 2765 synt.
1972 2688 2118 2763 245,
2141 2689 2265 2747 6—
2276 2691 2375 2748 10

670 2780 983 2840 Praeterea
1018 2783 1244 2840 exstant
1275 2782 1503 2855 formae
1537 2778 1801 2840 casuales
1838 2771 1957 2838 ὅτι
2003 2782 2057 2838 et
2092 2734 2129 2838 6
2168 2795 2251 2838 τι.
2280 2810 2369 2821 -
2396 2780 2841 2856 Interroqativis
2873 2784 3115 2856 praesto

492 2872 632 2928 sunt
673 2869 1019 2930 coo-relativa
1064 2870 1139 2929 ab
1185 2866 1224 2930 ὃ
1267 2870 1643 2943 meipientia5
1695 2867 2182 2943 quemadmodmn
2224 2870 2407 2944 ἐρίων
2451 2870 2533 2929 ad
2585 2865 2820 2930 πόςος
2862 2872 3118 2945 pertinet

496 2952 803 3030 ὁπόςος,
861 2961 947 3019 ita
991 2958 1072 3019 ad
1115 2954 1227 3019 τίς
1270 2961 1527 3033 pertinet
1569 2952 1745 3029 ὅτις,
1801 2960 1971 3018 cuiue
2014 2961 2287 3017 neutrum»
2332 2962 2416 3018 est
2468 2953 2600 3020 ὅτι.
2694 2960 2808 3018 Est
2848 2977 2982 3020 vero
3028 2959 3116 3020 al-

496 3051 682 3107 terum
727 3042 767 3108 6
812 3065 879 3108 τι
922 3051 1197 3109 neutrwm
1239 3048 1472 3107 duabus
1516 3049 1801 3107 orationis
1834 3048 2113 3122 pao-tibus
2158 3051 2456 3118 constans,
2510 3050 2678 3108 euius
2721 3049 3116 3109 maseuan

495 3141 577 3197 est
623 3131 705 3197 ὅς
750 3154 861 3197 τις
907 3142 959 3198 et
1000 3139 1354 3213 femimam
1396 3132 1436 3211 ἥ
1483 3152 1618 3208 τις;
1675 3154 1823 3212 quas
1867 3137 2022 3196 duas
2066 3154 2186 3198 esse
2229 3140 2514 3198 orationis
2548 3141 2752 3212 partes
2796 3138 2888 3198 vel
2933 3156 3001 3199 ex
3045 3156 3115 3199 ea

492 3243 558 3286 re
602 3231 874 3302 apparet,
919 3228 1073 3302 quod
1115 3231 1363 3302 utraque
1395 3245 1511 3302 per
1555 3244 1728 3287 casus
1771 3242 2155 3301 numerosque
2198 3228 2447 3299 flectitur
2493 3228 2641 3303 235,
2662 3228 3111 3303 30—236‚13.

498 3314 583 3374 Of.
632 3318 787 3393 synt.
838 3318 985 3393 320,
1008 3317 1091 3377 13
1111 3335 1198 3395 sq.
1255 3308 1462 3398 (quem
1514 3316 1710 3376 locum
1765 3334 1835 3375 ex
1881 3309 1965 3376 A1
2019 3317 2256 3375 restitui
2310 3315 2372 3374 Π
2420 3309 2489 3399 6)
2547 3316 2651 3375 ubi
2696 3317 2809 3395 Ap.
2866 3316 3115 3377 eandem

493 3424 619 3464 rem
675 3424 744 3466 eo
802 3405 1049 3467 consilio
1103 3407 1305 3485 tangit
1358 3408 1428 3466 ut
1491 3404 1860 3483 comprobet,
1921 3400 1999 3465 δι’
2049 3400 2147 3465 ὅτι
2207 3401 2344 3466 καθ’
2392 3400 2491 3465 ὅτι
2554 3425 2674 3466 non
2738 3426 2809 3465 ex
2873 3401 2972 3467 ὅτι
3037 3406 3112 3466 ab

496 3488 631 3555 ὅτις
679 3494 874 3571 ducto,
920 3495 1023 3556 sed
1070 3515 1139 3556 ex
1185 3490 1224 3556 6
1261 3513 1320 3556 τι
1367 3495 1442 3555 ab
1489 3490 1565 3556 6c
1600 3511 1695 3557 τις
1731 3494 1954 3554 deflexo
2000 3497 2135 3554 orta.
2179 3513 2321 3556 esse.
2394 3494 2619 3554 Eadem
2664 3497 3113 3573 praecipiuntur

493 3581 600 3644 AO
628 3583 661 3642 I
699 3586 847 3660 323,
870 3588 951 3646 27
975 3585 1311 3646 =Her.11
1340 3585 1488 3662 305,
1510 3586 1547 3644 8
1595 3580 1739 3660 ἤτοι
1782 3580 1908 3660 γὰρ
1948 3580 2112 3663 (ᾶῖ)
2150 3580 2223 3645 ἓν
2271 3580 2461 3661 μέρος
2509 3582 2711 3656 λόγου
2748 3580 3111 3660 νοούμενον

492 3668 533 3746 ἢ
572 3669 643 3734 ἐν
680 3671 800 3736 δύο
841 3672 1038 3737 λέξεςι
1085 3670 1602 3752 λαμβανόμενον
1657 3673 1746 3754 πῇ
1786 3671 1902 3748 μὲν
1940 3670 2063 3750 γὰρ
2110 3669 2475 3735 ἀκόλουθον
2521 3675 2613 3755 τῷ
2660 3668 2734 3733 ὅς
2780 3690 2872 3734 τις
2911 3669 3111 3752 (ὅςτις

495 3760 735 3842 Lentz),
793 3760 859 3826 ἐξ
915 3758 994 3825 οὗ
1052 3762 1154 3825 καὶ
1209 3761 1490 3839 θηλυκὸν
1544 3759 1786 3835 γίνεται
1832 3758 1883 3837 ἥ
1920 3779 2014 3825 τις
2059 3755 2225 3845 (ἥτις
2269 3756 2482 3846 Lentz)
2530 3760 2635 3823 καὶ
2680 3758 3025 3838 οὐδέτερον
3073 3758 3111 3823 6

493 3870 553 3913 τι
600 3845 731 3935 (ὅτι
768 3845 1007 3935 Lentz)·
1082 3849 1185 3913 καὶ
1232 3850 1321 3914 ὡς
1368 3849 1439 3914 ἐν
1484 3855 1576 3934 τῷ
1626 3847 1700 3913 ὅς
1744 3869 1838 3913 τις
1879 3844 2077 3933 (ὅςτις
2113 3845 2328 3935 Lentz)
2367 3849 2487 3914 δύο
2526 3849 2739 3925 λέξεις,
2788 3847 2963 3914 οὕτω
3010 3850 3114 3913 καὶ

495 3939 571 4003 τὸ
612 3937 650 4004 6
689 3960 747 4003 τι
785 3935 913 4025 (ὅτι
949 3935 1190 4024 Lentz)·
1264 3941 1425 4004 ποτὲ
1471 3939 1544 4003 δὲ
1590 3939 1663 4003 ἓν
1702 3938 1895 4018 μέρος
1942 3938 2170 4014 λόγου·
2244 3942 2380 4003 τοῖς
2418 3938 2541 4018 γὰρ
2579 3937 2887 4016 πύςμαςιν
2926 3936 3113 4002 εἴωθε

495 4029 951 4107 προςέρχεςθαι
1013 4027 1415 4109 ἀναφορικὸν
1476 4027 1703 4107 μόριον
1763 4028 1841 4091 τὸ
1900 4028 1967 4103 ὃ,
2032 4030 2220 4093 ποῖος
2280 4026 2536 4103 ὁποῖος,
2596 4027 2796 4092 πόςος
2856 4026 3110 4093 ὁπόςος.

494 4120 732 4183 τοῦτον
786 4118 904 4183 τὸν
962 4118 1212 4197 τρόπον
1267 4117 1344 4182 τὸ
1403 4118 1495 4182 τίς
1550 4117 1791 4191 γίνεται
1847 4117 2009 4181 κατὰ
2064 4116 2410 4196 ἀναφορὰν
2466 4115 2601 4181 ὅτις
2656 4116 2727 4182 ἐν
2784 4121 2894 4201 μιᾷ
2948 4117 3112 4184 λέξει

495 4207 599 4271 καὶ
646 4206 924 4286 ἀνεδόθη
973 4206 1010 4271 ὁ
1055 4208 1274 4273 τόνος·
1350 4257 1363 4270 .
1404 4257 1417 4271 .
1458 4256 1471 4270 .
1519 4206 1658 4271 ἐπεὶ
1713 4206 1785 4270 δὲ
1840 4207 1918 4270 τὸ
1975 4205 2376 4286 ἀναφορικόν
2423 4206 2462 4270 ὃ
2509 4205 2895 4285 φυλάςςεται
2948 4207 3112 4271 κατὰ

496 4298 628 4360 πᾶν
676 4297 866 4372 γένος
895 4347 909 4360 .
941 4347 954 4360 .
984 4347 998 4361 .
1044 4296 1468 4374 κεκοινώνηκε
1513 4295 1589 4360 τὸ
1637 4293 1771 4360 ὅτις
1817 4296 1921 4359 καὶ
1967 4295 2038 4359 ἐν
2084 4302 2175 4381 τῷ
2223 4296 2505 4379 θηλυκῷ·
2577 4296 2816 4361 τούτου
2863 4296 2986 4374 γὰρ
3033 4296 3111 4360 τὸ

495 4386 775 4463 θηλυκὸν
822 4385 957 4451 ὅτις
1004 4387 1106 4450 καὶ
1149 4386 1226 4451 τὸ
1265 4385 1613 4465 οὐδέτερον
1657 4383 1782 4449 ὅτι·
1856 4385 1934 4449 τὸ
1979 4384 2102 4464 γὰρ
2150 4384 2242 4449 τίς
2288 4383 2474 4464 φύςει
2520 4385 2741 4450 κοινὸν
2778 4384 3111 4465 ἀρςενικοῦ

495 4476 599 4538 καὶ
644 4478 940 4554 θηλυκοῦ.
1013 4480 1194 4540 schol:
1238 4479 1342 4539 BL
1389 4479 1465 4539 ad
1513 4474 1566 4538 0
1606 4480 1735 4538 492
1785 4472 2031 4557 ὅτινας]
2079 4473 2211 4539 ἀπὸ
2256 4477 2374 4539 τοῦ
2422 4472 2556 4539 ὅτις
2602 4473 3025 4554 ἀναφορικοῦ,
3071 4474 3111 4540 ὃ

495 4563 630 4629 καθ’
677 4565 749 4629 ἓν
797 4565 989 4645 μέρος
1035 4566 1236 4640 λόγου
1284 4564 1466 4630 ἐςτίν.
1552 4567 1696 4628 Lob.
1734 4567 1850 4627 ΕΠ.
1888 4566 1920 4626 Ι
1959 4568 2104 4628 577.

677 4660 883 4734 236,7
933 4661 995 4719 et
1043 4661 1123 4718 13
1171 4657 1547 4718 RSchneider
1591 4657 1654 4716 Π
1703 4659 1802 4716 17.

675 4747 726 4824 β.
775 4743 1071 4809 Οὕνεκα
1116 4749 1460 4809 commutari
1493 4751 1684 4822 potest
1725 4765 1859 4808 cwm
1896 4740 2038 4818 ὅτι,
2074 4749 2416 4822 pariterque
2460 4765 2593 4807 owm
2625 4739 2943 4808 mdicativo
2980 4765 3113 4808 eon-

491 4839 755 4898 stmitur.
830 4838 1146 4913 Quaeritur
1188 4841 1388 4897 utrwm
1420 4836 1668 4912 simplem
1709 4840 1789 4897 sit
1830 4854 1913 4896 an
1958 4830 2045 4897 οὗ
2092 4839 2380 4896 contineat
2412 4854 2526 4910 per
2548 4838 2898 4911 pao-athesin
2932 4856 3112 4912 prae-

482 4930 774 5002 positum:
823 4946 967 4988 nam
1009 4929 1294 5004 synthesis
1336 4929 1518 4987 statwi
1560 4944 1681 4986 non
1713 4930 1930 5001 potest,
1983 4926 2138 5001 quod
2183 4920 2295 4998 οὗ,
2350 4927 2472 4985 sive
2526 4930 2610 4986 est
2660 4927 2945 4988 articulus
2989 4930 3112 4987 sive

483 5033 826 5091 pronomen,
867 5034 989 5078 non
1024 5020 1400 5093 componitur.
1475 5011 1768 5077 Οὕνεκα
1810 5016 2058 5092 simplex
2089 5033 2213 5078 esse
2250 5019 2318 5075 ut
2351 5015 2719 5086 demonstres,
2762 5018 2855 5077 his
2888 5019 3112 5091 poteris
