3738 5530
688 293 775 357 22
858 292 1303 347 Commentarius
1333 291 1560 347 criticus
1589 293 1648 345 et
1676 291 1999 360 exegeticus
2028 291 2088 344 in
2118 290 2403 361 Apollonii
2431 290 2660 360 Dyscoli
2689 291 2903 361 scripta
2928 291 3160 346 minora.

688 482 840 539 quae
887 461 1044 522 flecti
1085 463 1336 539 possunt
1371 463 1512 520 sunt
1547 456 1802 532 κλιτικά,
1848 461 1945 520 vel
1983 456 2660 535 μεταεχηματιζόμενα,
2710 479 2862 537 quae
2898 479 3017 519 non
3052 463 3304 537 possunt

690 547 928 623 ἄκλιτα,
975 547 1111 612 καθ’
1151 547 1268 611 ἕνα
1304 546 1727 624 εχηματιεμὸν
1766 544 2185 625 ἐκφερόμενα,
2233 544 2546 624 μοναδικά
2591 542 2773 632 (synt.
2805 551 2910 625 33,
2932 542 3060 631 25).
3137 547 3301 619 Quae

686 659 794 718 per
847 659 1019 701 nasus
1073 640 1416 714 mabuntur,
1480 642 1619 699 sunt
1665 635 1975 710 πτωτικά,
2039 640 2079 697 i.
2118 658 2165 698 e.
2212 640 2480 714 nomina,
2535 641 2916 715 pronomina,
2960 639 3299 717 participia.

688 729 992 799 Quaedam
1037 730 1279 788 nomina
1325 749 1509 788 unum
1555 746 1757 789 casum
1791 728 2017 788 habent
2052 747 2160 787 neo
2195 731 2419 788 eeteros
2457 746 2628 788 casus
2663 729 2870 789 formis
2908 728 3301 806 distinguunt,

689 823 759 879 ut
802 821 1140 879 litterarum
1194 820 1463 878 nomina:
1528 836 1599 878 ea
1645 814 2037 893 μονόπτωτα
2081 821 2372 878 vocantur
2416 810 2598 899 (synt.
2649 820 2754 895 29,
2777 821 2844 893 13
2889 818 3092 878 eadem
3138 819 3176 877 l.
3217 820 3298 878 22

689 904 912 969 ἄκλιτα
957 900 1728 990 dieunmr).l'[1·w·nxoic
1773 909 2051 985 opposita
2096 910 2236 966 sunt
2282 902 2574 978 ἄπτωτα;
2636 909 2703 967 in
2747 907 2841 967 his
2886 909 3074 985 igitur
3118 908 3301 967 etiam

686 998 869 1058 verba
932 1000 1073 1057 sunt
1131 989 1315 1079 (synt.
1367 1000 1514 1073 176,
1535 990 1619 1079 5).
1733 995 1822 1056 Cf.
1878 997 1997 1056 ind.
2056 995 2180 1056 ska
2224 996 2286 1055 H
2327 999 2408 1056 12
2439 1014 2523 1074 sq.
2572 996 2665 1055 ΙΠ
2703 998 2760 1056 3.
2869 996 3300 1076 Wackernagel

687 1088 850 1165 path.
898 1108 955 1165 p.
999 1089 1080 1146 12
1111 1105 1197 1164 sq.

870 1179 971 1252 10,
993 1178 1073 1235 27
1140 1172 1303 1236 κατὰ
1365 1175 1604 1237 πτῶειν
1667 1171 1770 1237 καὶ
1832 1170 2104 1249 ἀριθμὸν
2168 1171 2485 1251 διάφορος
2531 1201 2615 1223 =
2664 1169 3107 1236 ἀνακόλουθοε
3152 1195 3206 1235 v.
3254 1195 3298 1236 s.

690 1264 775 1325 Cf.
825 1265 1004 1325 Prisc.
1051 1265 1170 1325 XII
1210 1268 1246 1324 2
1292 1285 1349 1342 p.
1392 1265 1618 1341 578,7.

864 1354 931 1428 a)
994 1355 1204 1415 Rima
1256 1356 1489 1430 reyula:
1547 1355 1753 1414 duales
1806 1356 2067 1413 omnium
2111 1355 2440 1414 casualium
2486 1355 2717 1414 easdem
2760 1358 3138 1414 consonantes
3182 1372 3300 1413 ser-

686 1448 828 1505 vant
872 1463 1023 1519 quae
1066 1449 1204 1504 sunt
1246 1445 1314 1504 in
1346 1445 1687 1519 pluralibus
1731 1443 1813 1503 acl
1856 1461 1999 1516 quos
2033 1445 2343 1517 pertinent.
2438 1442 2965 1518 Quacmnpuynat
2998 1442 3133 1504 νῶι
3171 1462 3302 1504 cum

686 1530 901 1608 ἡμεῖς
947 1537 1348 1609 comparatam
1396 1533 1877 1610 10,28-11,6.

871 1625 971 1698 10,
992 1625 1032 1682 4
1079 1618 1477 1703 ἑτέρωπτον]
1525 1643 1579 1683 v.
1627 1640 1670 1682 s.

866 1712 928 1786 b)
973 1711 1244 1773 Seeimda
1287 1714 1521 1788 reyula:
1564 1714 1753 1771 omnis
1793 1712 2093 1786 genetivus
2130 1714 2229 1786 qui
2266 1714 2344 1770 tot
2378 1712 2639 1788 syllabas
2672 1712 2844 1771 habet
2877 1716 3014 1786 quot
3048 1712 3300 1781 dativus,

689 1805 862 1863 etiam
907 1806 1103 1861 tonwm
1146 1806 1354 1862 servat.
1464 1800 1682 1862 Contra
1728 1796 1895 1875 ἐμοί
1941 1799 2191 1870 acuitur,
2240 1795 2424 1874 ἐμοῦ
2470 1802 2934 1874 circumflectitur
2983 1802 3298 1876 11,7-9.

868 1890 925 1965 c)
975 1891 1174 1951 Tertia
1217 1892 1449 1965 reyula:
1495 1892 1814 1951 accusativi
1856 1893 1925 1949 in
1967 1887 2004 1950 ἒ
2048 1908 2166 1950 non
2213 1895 2431 1950 exeunt.
2523 1891 2906 1964 Inaequabile
2949 1893 3128 1966 ἱρέων
3175 1885 3301 1964 ἐμέ

693 1983 795 2056 11,
815 1983 1049 2042 9—10.

865 2070 933 2143 d)
981 2069 1206 2145 Quarta
1251 2070 1488 2144 reyula:
1533 2071 1718 2130 dativi
1761 2072 1864 2144 qui
1900 2069 2072 2143 lonya
2110 2071 2512 2128 terminatione
2545 2073 2792 2128 utmztur
2826 2086 2946 2128 non
2981 2072 3303 2129 acuuntur.-

688 2163 983 2219 acuuntur
1028 2154 1193 2233 ἐμοί
1241 2163 1292 2218 et
1347 2155 1485 2230 coi;
1549 2160 1735 2219 dativi
1792 2161 1973 2218 unius
2030 2158 2290 2232 syllabae
2333 2175 2530 2217 omnes
2576 2160 3129 2232 circumstet-timetur:
3188 2154 3302 2219 coi

688 2252 921 2309 aeuitur
970 2251 1369 2322 11,1o—12.

869 2339 924 2413 e)
988 2338 1206 2413 Quinta
1268 2339 1501 2413 reyula:
1564 2339 1762 2397 dualis
1815 2335 1837 2397 ῑ
1885 2338 2076 2397 littera
2136 2353 2257 2397 non
2319 2339 2694 2397 terminatur:
2757 2338 3062 2398 abnm‘mes
3123 2339 3304 2412 ἱρέων·

685 2429 913 2502 formae
958 2427 1092 2487 νῶι
1139 2431 1192 2486 et
1236 2426 1429 2502 (φῶι
1479 2428 1882 2503 11,12-13.

875 2518 977 2592 11,
1000 2517 1079 2577 13
1130 2511 1220 2576 εἰ(
1266 2512 1468 2591 μόνον
1513 2512 1563 2595 ἰ]
1612 2513 1815 2590 μόνον
1872 2515 2029 2575 delet
2074 2514 2277 2595 Lange
2323 2536 2467 2594 mg.;
2530 2516 2781 2576 fortasse
2826 2515 2961 2575 ideo
3006 2515 3301 2575 adiectum

691 2610 807 2682 est,
853 2606 1012 2683 quod
1059 2606 1413 2666 nominativi
1459 2605 1653 2665 dualis
1709 2625 1776 2666 ex
1832 2606 1964 2683 lege
2018 2623 2200 2664 unam
2253 2609 2489 2665 tantum
2545 2606 2808 2665 vocalem
2861 2604 3087 2664 habent
3133 2624 3298 2682 pron.

690 2697 794 2772 88,
817 2698 898 2755 10
942 2692 1187 2756 παντὸς
1234 2693 1453 2756 δυῖκοῦ
1502 2690 1719 2755 εὐθεῖα
1755 2692 1871 2771 μὲν
1908 2691 1981 2755 ἓν
2020 2689 2151 2769 ἔχει
2188 2694 2470 2770 φωνῆεν,
2517 2692 2731 2770 γενικὴ
2771 2692 2843 2755 δὲ
2882 2689 3018 2755 δύο.
3085 2693 3299 2763 Quam-

689 2805 869 2861 quam
915 2785 1017 2844 ubi
1063 2784 1136 2845 de
1183 2784 1386 2846 eadem
1433 2804 1496 2845 re
1544 2786 1744 2863 agitur
1790 2784 1959 2845 abest
2005 2780 2208 2858 μόνον
2253 2803 2418 2863 pron.
2470 2786 2573 2862 86,
2596 2786 2675 2844 16
2724 2784 2841 2846 νῶι
2889 2781 2990 2845 καὶ
3029 2784 3192 2860 εφῶι
3234 2832 3246 2844 .
3288 2831 3301 2844 .

690 2871 808 2935 οὐκ
867 2870 1233 2947 ἀκόλουθοι,
1280 2870 1439 2936 καθὸ
1486 2871 1680 2936 οὐδὲν
1726 2871 1948 2934 δυῑκὸν
1996 2869 2084 2934 εἰ(
2128 2872 2150 2934 ἱ
2198 2871 2392 2948 λήγει.

864 2964 928 3038 f)
975 2963 1152 3024 Sexta
1195 2966 1428 3040 reyula:
1483 2967 1538 3024 si
1583 2966 1736 3039 quod
1781 2964 2124 3023 vocabulum
2166 2965 2523 3024 nominativo
2565 2965 2633 3023 in
2676 2960 2733 3024 ὦ
2780 2966 2909 3032 emit,
2955 2964 3304 3037 femininum

691 3057 801 3113 est:
849 3054 1213 3127 inaequabile
1255 3056 1436 3128 ’ἱρέων
1481 3049 1629 3126 ἐγώ
1680 3055 2080 3128 11,13-14.

874 3146 973 3219 11,
997 3144 1076 3202 13
1114 3146 1255 3219 post
1292 3137 1351 3203 εἴ
1384 3158 1442 3203 τι
1480 3144 1690 3202 inserit
1734 3138 2059 3203 πτωτικὸν
2086 3142 2291 3220 Lange
2319 3162 2434 3219 mg.
2530 3141 2643 3201 Sed
2682 3144 2875 3221 magis
2908 3144 3302 3203 necessarium

688 3235 780 3292 est
825 3228 895 3292 ἐν
942 3227 1181 3310 εὐθείᾳε
1228 3235 1504 3293 neutrum
1548 3236 1750 3292 tamen
1799 3230 2160 3309 addendum3
2209 3231 2284 3290 ad
2334 3233 2392 3305 7,
2414 3233 2512 3293 28.

860 3321 929 3396 y)
974 3322 1233 3397 Septima
1277 3323 1514 3396 reyula:
1561 3323 1840 3382 voeabula
1887 3340 2038 3396 quae
2082 3322 2146 3380 in
2192 3319 2232 3380 'fi
2278 3322 2364 3380 vel
2409 3319 2431 3381 ῑ
2477 3322 2749 3380 desinunt
2792 3326 3004 3382 neutra
3051 3339 3170 3382 esse
3213 3340 3303 3382 so-

689 3411 831 3470 lent:
878 3405 958 3470 εύ
1001 3404 1029 3470 ἵ
1074 3414 1190 3470 tria
1230 3428 1449 3485 ⁸(tenera
1492 3412 1827 3486 siqnifieant
1876 3411 2276 3486 11,14—15,
2424 3454 2439 3473 .

865 3499 1030 3559 Haeo
1075 3519 1106 3559 e
1151 3500 1347 3559 DThr.
1400 3502 1500 3574 16,
1523 3503 1559 3559 2
1618 3500 1930 3578 desumpta
1987 3500 2178 3560 videri
2238 3499 2559 3576 eademque
2619 3495 2780 3575 δόρυ
2841 3496 2981 3575 μέλι
3036 3503 3305 3579 exempla

688 3589 809 3648 iam
856 3590 1013 3666 apud
1060 3590 1444 3650 Aristotelem
1489 3591 1610 3668 legi
1656 3583 1838 3670 (poet.
1887 3608 1934 3648 o
1985 3593 2063 3649 21
2115 3582 2290 3670 extr.)
2335 3592 2538 3648 monet
2581 3589 2860 3667 Egenolff
2897 3590 2953 3646 V
2995 3593 3136 3652 119

865 3677 931 3751 h)
972 3678 1190 3739 Octava
1227 3680 1458 3754 reyula:
1504 3680 1744 3755 quidam
1777 3680 1930 3738 hanc
1967 3680 2144 3753 leqem
2179 3681 2410 3738 sancire
2445 3679 2778 3738 voluerant:
2819 3673 3087 3754 genetivi
3120 3698 3303 3740 mutas

687 3767 945 3843 syllabae
971 3786 1122 3843 quae
1147 3770 1215 3828 in
1250 3765 1328 3829 δῦ
1368 3773 1589 3849 exem?
1628 3783 1659 3827 c
1697 3769 1918 3828 adiecto
1952 3769 2301 3828 nominativi
2334 3770 2502 3840 fiunt,
2540 3768 2780 3843 ideoque
2820 3767 2951 3830 (οὓ
2988 3763 3301 3829 abnorme'.

691 3855 894 3916 Obstat
936 3862 1131 3917 autem
1169 3859 1468 3933 yenetizms
1512 3840 1748 3918 animai
1792 3856 1944 3917 τοῦ.
2034 3856 2101 3916 Si
2145 3860 2277 3932 quis
2321 3857 2479 3916 dieat
2523 3859 2701 3932 leqem
2744 3858 2912 3918 illam
2954 3874 3075 3918 non
3109 3859 3305 3919 valere

687 3948 808 4005 nisi
854 3947 926 4005 de
967 3948 1328 4007 nomnibus.
1371 3965 1447 4007 ne
1492 3945 1623 4007 (οῦ
1669 3948 1901 4021 quidem
1942 3950 2285 4007 nomenest.
2376 3946 3307 4023 Praestatiqiturhaecreyuza:

688 4035 916 4108 formae
967 4037 1071 4095 ubi
1123 4039 1433 4109 flectuntur
1476 4055 1516 4096 a
1560 4038 1936 4096 nominativis
1990 4039 2091 4110 qm·
2144 4038 2209 4095 in
2263 4039 2558 4110 correptas
2610 4038 2837 4097 vocales
2880 4039 3163 4112 ancipites
3206 4039 3302 4097 de-

687 4127 919 4193 sinunt,
983 4144 1288 4199 nunquam
1351 4127 1582 4186 totidem
1643 4126 1901 4200 syllabas
1962 4127 2173 4186 habent
2233 4129 2369 4199 quot
2428 4127 2806 4186 nominativi:
2869 4129 2965 4185 cui
3025 4127 3134 4202 leqi
3197 4127 3304 4187 ad-

691 4218 998 4273 versantur
1042 4210 1123 4274 εύ
1171 4219 1223 4275 et
1266 4214 1396 4276 (οὓ
1447 4216 1846 4290 11,16-2Ο.

872 4305 974 4379 11,
997 4306 1076 4364 19
1126 4300 1396 4380 δίχρονα
1439 4302 1788 4380 φωνήεντα
1834 4322 1958 4364 esse
2005 4304 2239 4364 vocales
2286 4323 2438 4381 quae
2484 4308 2546 4365 et
2580 4306 2796 4384 longae
2835 4309 2896 4365 et
2930 4305 3137 4366 breves
3175 4322 3305 4366 esse

687 4395 939 4469 possunt
984 4411 1157 4453 nemo
1203 4395 1404 4454 nescit.

865 4499 986 4559 His
1031 4500 1250 4575 leyibus
1296 4506 1562 4562 centenas
1608 4503 1925 4576 adiunyere
1960 4504 2199 4575 poteris,
2245 4502 2455 4576 quibus
2499 4503 2919 4563 demonstretur
2944 4505 3307 4577 pronomina

691 4606 810 4648 non
856 4606 976 4648 esse
1012 4591 1361 4664 aequabilia.
1407 4592 1508 4650 sed
1533 4591 1901 4665 inaequalem
1917 4608 2031 4664 per
2057 4609 2326 4650 numeros
2344 4608 2636 4665 personas
2663 4610 2837 4652 casus
2862 4593 3307 4652 declinationem

687 4678 897 4736 habere
947 4681 1346 4754 11,2Ο-22.
1442 4679 1526 4739 Cf.
1577 4684 1729 4756 synt.
1782 4680 1928 4755 102,
1951 4681 2229 4757 3-105,
2255 4683 2351 4739 10.
2381 4672 2444 4759 ¹⁹)

866 4939 913 5001 ·)
951 4940 1096 5007 synt.
1139 4943 1310 5005 103‚3
1348 4939 1466 4994 ἀλλ’
1503 4940 1577 4994 εἰ(
1621 4972 1679 4979 —-
1714 4946 1745 4993 ὁ
1783 4941 1949 4995 λέξει(
1996 4939 2239 4995 delenda
2285 4942 2441 5010 sunt3
2488 4955 2619 4994 nam
2657 4956 2804 5009 quae
2842 4940 2875 4994 l.
2918 4946 2950 4995 ὅ
2990 4942 3306 5009 sequuntur
