3738 5530
737 305 863 373 178
938 308 1380 364 Commentarius
1409 308 1635 364 criticus
1664 311 1722 364 et
1748 310 2067 379 exegeticus
2095 311 2156 364 in
2182 310 2469 380 Apollonii
2496 310 2725 379 Dyscoli
2753 311 2965 381 scripta
2989 311 3221 366 minora.

913 478 1123 554 161,8
1178 477 1362 537 Lehrs
1417 476 1555 537 Her.
1604 479 1944 537 374—75:
2022 473 2232 539 ‘Totus
2284 482 2337 538 is
2399 473 2568 559 [Ap]
2630 481 2796 539 locus
2850 482 3054 540 nostro
3108 480 3338 540 similli-

731 585 879 627 mus.
971 567 1052 625 Et
1094 568 1296 626 tamen
1339 566 1437 625 hic
1481 570 1681 627 noster
1735 570 1981 646 rogatus
2028 567 2171 644 quid
2215 587 2325 645 pro
2370 571 2648 645 corrupto
2704 564 2971 644 ἀμυνητί
3019 569 3180 645 apud
3222 570 3335 647 Ap.

730 677 785 717 v.
826 659 864 717 9
911 655 1283 715 scribendum
1327 659 1431 732 sit,
1487 659 1588 717 vix
1631 656 2025 733 respondebit.
2120 656 2496 735 cogitabitur
2540 658 2780 734 quidem
2824 660 2952 718 iure
2998 679 3074 719 an
3120 661 3341 718 iniuria

730 746 803 805 de
858 740 1182 820 ἀναιμωτί.
1272 744 1543 805 Proxime
1603 747 1676 805 ad
1737 746 1891 805 illud
1948 746 2176 806 accedit
2233 741 2501 821 ἀμηνυτί
2559 746 2762 807 Ohoer.
2810 748 3071 826 orthogr.
3117 747 3337 808 Anecd.

731 833 824 893 Or.
871 833 934 892 H
982 836 1127 910 172,
1160 828 1285 893 26.’
1379 833 1463 893 Cf.
1511 835 1690 894 schol.
1737 836 1933 895 DThr.
1980 836 2142 914 Hilg.
2192 836 2461 911 584,17.
2551 831 2849 911 Ἀμηνυτί
2906 840 3165 914 recipere
3219 857 3338 897 non

729 924 1016 984 dubitavi.

911 1014 1117 1088 161‚9
1179 1007 1248 1071 ἐκ
1302 1012 1435 1072 τῶν
1490 1009 1840 1074 διαλέκτων
1886 1045 1974 1056 —-
2022 1009 2093 1073 ἐκ
2134 1014 2248 1088 τῆ(
2292 1010 2738 1094 παραδόεεωε]
2796 1016 2869 1074 cf.
2916 1035 3084 1092 pron.
3134 1017 3337 1091 94,16

730 1097 1109 1250 merouuexg]
1163 1097 1510 1174 παραδόεει
1565 1097 1753 1182 <καὶ>
1797 1100 2149 1165 διαλέκτων
2195 1100 2471 1184 ἐκφορᾷ·
2546 1124 2599 1164 v.
2641 1104 2772 1164 adn.
2813 1103 2889 1163 ad
2931 1105 2990 1163 h.
3028 1106 3066 1163 l.
3115 1108 3175 1164 et
3216 1105 3337 1164 ind.

729 1209 774 1251 s.
812 1211 866 1251 v.
913 1207 1043 1265 παρ
1090 1191 1277 1251 δοειε.

911 1282 1055 1356 161,
1078 1281 1162 1339 10
1206 1279 1338 1339 τῶν
1376 1276 1722 1359 διχρόνων]
1769 1284 1808 1341 i.
1839 1300 1887 1340 e.
1924 1280 2042 1342 τοῦ
2080 1280 2138 1354 ἇ,
2184 1280 2303 1343 τοῦ
2348 1280 2371 1343 ἰ
2416 1279 2520 1342 καὶ
2563 1282 2681 1344 τοῦ
2719 1280 2773 1355 fi,
2822 1303 2973 1360 quae
3020 1286 3081 1342 et
3125 1284 3335 1361 longae

732 1372 793 1430 et
835 1370 1041 1430 breves
1088 1387 1212 1429 esse
1256 1371 1519 1446 possunt.

907 1459 1173 1518 Fuerunt
1227 1459 1330 1534 qui
1385 1457 1667 1518 adverbia
1718 1459 1829 1520 illa
1874 1479 1912 1519 a
1955 1461 2291 1521 nominibus
2346 1460 2618 1521 derivata
2669 1479 2793 1521 esse
2845 1460 2980 1521 ideo
3034 1464 3336 1541 negarent,

730 1548 890 1625 quod
932 1568 1052 1608 non
1104 1547 1262 1607 idem
1319 1548 1734 1625 significarent.
1828 1548 1945 1609 Sed
1989 1549 2305 1610 ridieubum
2350 1555 2434 1610 est
2465 1550 2784 1625 postulare,
2830 1555 2899 1609 ut
2943 1553 3143 1611 eadem
3184 1554 3337 1611 notio

727 1639 914 1698 subsit
964 1638 1257 1697 adverbiis
1310 1641 1482 1711 atque
1532 1639 1879 1698 nominibus,
1970 1639 2134 1699 Nam
2187 1642 2361 1699 etiam
2415 1657 2484 1699 ea:
2535 1639 2674 1700 abiis
2731 1642 3012 1700 orationis
3063 1641 3339 1715 partibus

717 1728 990 1802 plurima
1033 1729 1157 1786 eius
1196 1728 1426 1800 ,ceneris
1472 1728 1730 1801 exempla
1764 1731 1892 1801 peti
1924 1733 2177 1803 possunt
2223 1730 2669 1805 161,13—25.

907 1817 1122 1876 Totam
1175 1816 1328 1876 hanc
1371 1815 1838 1893 disputationem
1883 1817 1958 1877 ab
2003 1818 2059 1876 h.
2098 1818 2136 1875 l.
2185 1818 2441 1878 alienam
2495 1837 2742 1894 eamque
2787 1818 2863 1878 ob
2907 1835 3147 1878 causam
3201 1818 3339 1877 binc

726 1905 1144 1967 removendam
1188 1923 1313 1965 esse
1358 1908 1557 1965 censet
1598 1905 1810 1966 Matth.
1839 1905 1872 1965 1
1913 1908 2010 1966 13.
2092 1905 2262 1978 Quod
2307 1906 2515 1966 dubito
2562 1926 2695 1967 cum
2732 1907 3063 1985 Egenolffio
3101 1906 3189 1965 IV
3224 1909 3340 1982 463

727 1999 790 2056 in
845 1995 1195 2072 paraphrasi
1247 1994 1534 2071 indicavi,
1591 1994 1883 2071 quomodo
1939 2015 2074 2056 cum
2118 1999 2202 2055 eis
2248 2016 2400 2072 quae
2455 1997 2814 2073 praecedunt
2857 1997 3183 2057 cohaereat.
3264 1996 3337 2054 V.

728 2088 933 2162 epim.;
976 2083 1063 2143 ibi
1107 2087 1290 2143 etiam
1334 2083 1406 2143 de
1450 2084 1704 2144 Dronkii
1749 2087 2210 2162 transpositione
2254 2104 2446 2146 sermo
2491 2089 2619 2145 erit.

908 2174 1334 2248 161,23—25
1381 2175 1598 2232 mirum
1643 2176 1734 2235 est
1777 2174 1890 2251 Ap.
1939 2174 2159 2250 dicere,
2202 2170 2400 2250 τόμος
2444 2194 2563 2235 non
2608 2193 2779 2252 posse
2827 2196 2864 2236 a
2906 2178 3144 2252 passivo
3189 2170 3336 2249 τέμ-

727 2279 917 2339 νομαι
963 2262 1237 2338 derivari,
1285 2258 1424 2322 ἐπεὶ
1468 2259 1586 2323 οὐκ
1631 2257 1943 2335 ἀναλογεῖ
1985 2260 2025 2338 ἡ
2074 2259 2281 2340 φωνή,
2328 2267 2648 2341 postqnam
2691 2268 2818 2342 ipse
2857 2285 2894 2325 a
2928 2261 3138 2340 τέμνω
3184 2264 3339 2323 deri-

728 2354 910 2413 vavit.
1002 2351 1278 2412 Fortasse
1330 2353 1568 2428 scripsit
1621 2347 1771 2428 παρ’
1827 2348 2235 2428 ἐνεργητικὸν
2289 2350 2366 2414 τὸ
2419 2351 2630 2427 τέμνω
2684 2350 3036 2428 παθητικὸν
3096 2348 3339 2424 γίνεται

727 2439 804 2503 τὸ
848 2438 1063 2517 τόμος,
1111 2437 1183 2501 ἐν
1222 2438 1442 2520 βαρείᾳ
1479 2437 1648 2504 τάεει
1687 2436 1828 2526 (hoc
1866 2442 2036 2503 addit
2075 2462 2149 2502 ne
2185 2442 2582 2503 confundatur
2616 2462 2750 2502 eum
2788 2434 3039 2525 τομόε)·
3096 2439 3175 2503 οὐ
3211 2438 3341 2517 γὰρ

727 2528 1002 2695 ξιθανόν
1059 2525 1184 2590 ἐετι
1237 2526 1415 2605 παρὰ
1467 2528 1544 2591 τὸ
1599 2527 1966 2607 τέτμημαι
2026 2524 2109 2614 (v.
2149 2550 2331 2608 supra
2374 2533 2412 2590 l.
2455 2525 2594 2614 18),
2656 2528 2795 2593 ἐπεὶ
2853 2528 2971 2592 οὐκ
3029 2526 3344 2602 ἀναλογεῖ

817 2616 1025 2697 φωνή.

902 2706 1203 2771 Adverbia
1245 2710 1311 2769 in
1353 2706 1446 2769 &3
1492 2726 1532 2769 a
1574 2711 1767 2771 verbis
1801 2711 2140 2772 descendere
2184 2711 2472 2772 eredendo
2514 2714 2654 2771 sunt
2686 2728 2835 2786 quae
2868 2711 2935 2771 in
2978 2703 3070 2773 'z'ffi
3117 2715 3342 2771 eneam,

724 2800 992 2875 Excepta
1033 2803 1172 2860 snmt
1216 2796 1638 2872 μεγαλωετί
1684 2795 1986 2875 ἱερωετί
2031 2797 2324 2873 νεωετί,
2369 2818 2521 2876 quae
2563 2802 2842 2876 quomodo
2884 2818 2927 2860 a
2970 2800 3159 2860 verbis
3201 2801 3345 2860 duci

716 2894 957 2965 possent
1008 2889 1320 2964 quaerebat
1365 2889 1612 2962 Trypho.
1708 2890 1925 2950 Verwm
1975 2891 2139 2950 haud
2189 2907 2331 2951 roero
2385 2907 2549 2950 voces
2604 2891 2847 2950 eundem
2901 2893 2970 2949 in
3020 2891 3255 2949 modum
3300 2909 3346 2949 a

725 2981 975 3040 diversis
1017 2980 1299 3038 oratioms
1330 2979 1608 3053 partibus
1652 2980 2013 3049 derivarem,
2056 2980 2213 3039 velut
2243 2979 2424 3039 verba
2455 2982 2524 3039 in
2567 2976 2665 3042 ζῐῡ
2711 2996 2752 3038 a
2784 2981 2976 3039 verbis
3009 2980 3347 3038 nomnibus

728 3069 1022 3128 adverbiis
1068 3068 1431 3128 descendunt.
1521 3067 1690 3128 Nihil
1731 3072 1915 3144 ἐρίων
1954 3071 2197 3144 impedit
2238 3071 2548 3144 quominus
2592 3065 3018 3144 μεγαλωετί
3068 3064 3345 3127 νεωετί

725 3153 1028 3233 ἱερωετί
1074 3174 1143 3216 ex
1176 3157 1469 3217 adverbiis
1514 3154 1862 3230 μεγάλω(
1899 3156 2090 3220 νέω(
2124 3154 2350 3233 ἱερῶ(
2383 3160 2546 3232 faeta
2585 3175 2705 3218 esse
2740 3160 3047 3217 &edamus
3086 3158 3231 3231 161,
3254 3158 3343 3216 26

734 3247 964 3323 -162,
988 3248 1086 3305 20.
1167 3244 1254 3304 of.
1292 3245 1430 3304 Her.
1469 3245 1500 3304 1
1547 3248 1995 3323 536,19—27.
2070 3248 2133 3307 11
2173 3247 2574 3324 19,19-28.
2622 3247 3071 3321 464,11—1s.

908 3337 1053 3411 161,
1076 3337 1157 3394 27
1204 3331 1244 3408 ἢ
1291 3332 1393 3395 καὶ
1439 3332 1863 3412 ευνυπάρχειν
1908 3334 1991 3398 τὰ
2046 3331 2321 3415 ῥήματα]
2369 3330 2582 3412 ‘Atqui
2629 3336 3097 3412 haudquaquam
3139 3338 3352 3395 omnia

726 3425 901 3485 huius
945 3426 1170 3485 formae
1218 3423 1501 3484 adverbia
1546 3445 1582 3484 a
1621 3425 1815 3487 verbis
1861 3428 2121 3499 derivari
2164 3444 2337 3503 posse
2381 3446 2436 3503 p.
2479 3426 2626 3501 572,
2649 3426 2730 3484 15
2772 3420 2951 3504 [162,
2972 3419 3038 3504 9]
3079 3425 3347 3484 ostendi-

727 3517 840 3574 tur.
912 3514 1125 3591 Itaque
1170 3512 1541 3573 scribendum
1588 3509 1642 3575 εἰ
1687 3512 1790 3578 καὶ
1842 3511 2229 3590 ευνυπάρχει
2274 3511 2356 3574 τὰ
2401 3509 2651 3590 ῥήματα
2692 3514 2749 3573 h.
2781 3533 2828 3573 e.
2868 3517 2918 3574 si
2956 3514 3141 3574 verba
3186 3516 3348 3573 eius-

726 3604 906 3680 modi,
949 3603 1106 3663 unde
1147 3602 1404 3662 derivari
1439 3606 1690 3682 possint,
1738 3609 1921 3668 etiam
1958 3608 2208 3666 exstant
2302 3603 2592 3663 Similiter
2627 3597 2682 3664 εἰ
2718 3601 2822 3663 καὶ
2860 3605 3007 3679 576,
3031 3606 3111 3662 17
3153 3607 3214 3663 et
3253 3605 3351 3662 20

731 3687 1022 3773 [165,24.
1066 3686 1178 3771 26]
1227 3685 1481 3750 dicitur'.
1565 3693 1931 3758 GFSohoem.
1970 3696 2033 3755 11
2074 3696 2479 3770 14=0pusc.
2517 3692 2606 3751 IV
2644 3693 2789 3751 258.

908 3783 1112 3856 162,2
1160 3776 1236 3840 τὸ
1285 3775 1482 3861 Θρᾷξ]
1527 3782 1665 3845 Her.
1702 3787 1734 3847 I
1780 3787 2035 3862 397,13
2083 3780 2160 3844 τὸ
2207 3779 2513 3862 Θρᾷξ...
2559 3779 2954 3855 περιεπᾶται.

909 3872 1054 3947 162,
1078 3869 1114 3928 5
1169 3868 1380 3929 Matth.
1425 3870 1457 3931 Ι
1506 3875 1585 3934 78
1640 3873 1816 3953 παρὰ
1871 3873 1949 3937 τὸ
2003 3869 2253 3948 δωρίζω
2308 3872 2468 3931 delet
2520 3874 2581 3930 et
2624 3868 2728 3932 καὶ
2784 3874 2923 3948 post
2966 3865 3099 3944 ἔχει
3143 3872 3346 3947 ponit.

730 3959 1002 4034 Frustra3
1049 3958 1126 4019 ad
1169 3978 1336 4035 pron.
1369 3963 1545 4037 7,27.

911 4049 1056 4123 162,
1078 4049 1115 4106 6
1164 4042 1303 4109 ἐπεὶ
1342 4044 1534 4132 ἅπαξ]
1582 4048 1896 4116 ‘simulac'.
1926 4085 2016 4095 —
2043 4051 2215 4112 Hanc
2260 4045 2417 4112 ἰάζω
2462 4049 2628 4110 verbi
2673 4051 3132 4128 originationem
3170 4051 3359 4108 reicit

732 4134 876 4197 Lob.
912 4136 1027 4195 En.
1064 4137 1098 4195 Ι
1143 4137 1290 4198 356.

912 4226 1110 4302 162,9
1149 4227 1285 4288 Her.
1305 4229 1367 4290 H
1399 4235 1628 4311 19‚21;
1664 4233 1851 4293 Lehrs
1880 4232 2020 4292 Her.
2046 4232 2191 4291 374.
2240 4228 2390 4288 Cum
2417 4227 2578 4305 apud
2604 4227 3028 4302 Herodianum,
3064 4226 3355 4286 Eustath.

734 4317 924 4390 1899,
946 4316 1027 4375 58
1076 4318 1136 4376 et
1178 4319 1526 4401 Theognost.
1570 4326 1715 4400 160,
1737 4326 1775 4384 3
1824 4324 1908 4382 sit
1949 4315 2226 4395 ἱερωετί,
2282 4316 2498 4378 codicis
2545 4320 2900 4394 scripturam
2954 4318 3213 4391 servavi,
3266 4320 3363 4376 ut

728 4407 991 4466 servavit
1033 4405 1071 4466 b
1117 4407 1154 4467 l.
1195 4411 1280 4470 20
1324 4415 1386 4471 et
1427 4414 1578 4474 Bast
1623 4413 1700 4475 ad
1746 4411 1922 4490 Greg.
1954 4409 2086 4469 Gor.
2117 4407 2204 4467 ed.
2242 4407 2471 4467 Schaef.
2505 4409 2632 4466 544
2661 4427 2717 4465 n.
2767 4408 2867 4466 81.
2960 4407 3165 4483 Neque
3210 4425 3357 4464 mu-

729 4497 856 4556 tavi
901 4496 939 4555 l.
980 4498 1061 4557 13
1107 4492 1344 4573 ἱρωετί;
1390 4521 1523 4563 cum
1569 4503 1817 4581 Uhligio
1862 4501 2013 4559 facit
2057 4497 2336 4576 Egenolff
2374 4497 2405 4556 I
2454 4497 2599 4556 839.

908 4588 1154 4665 162,15
1202 4591 1273 4649 cf.
1310 4591 1452 4652 Lob.
1489 4593 1693 4654 Rhem.
1737 4592 1884 4651 226.

912 4679 1159 4754 162,17
1206 4676 1792 4756 προκατειλεγμένα
1828 4698 1965 4738 cum
1999 4675 2037 4735 b
2080 4675 2372 4753 Egenolff,
2417 4678 2487 4733 ut
2531 4674 2662 4736 adv.
2706 4674 2851 4750 157,
2873 4674 2955 4733 26
3003 4676 3066 4733 et
3112 4675 3259 4747 160,
3288 4675 3362 4733 3.

907 4768 1335 4843 162,19-20
1381 4772 1452 4832 cf.
1489 4771 1633 4831 Lob.
1672 4770 1788 4829 En.
1826 4769 1858 4827 Ι
1907 4766 2034 4825 629
2065 4784 2121 4822 n.
2173 4764 2272 4823 15.

903 4854 2895 4935 Eaadverbiainiquaeauomdomwmbarywna
2957 4869 3078 4912 esse
3139 4852 3365 4913 solent.

726 4945 958 5005 Μίνωα
1000 4948 1180 5022 iyimr
1221 4966 1341 5009 non
1385 4955 1468 5011 est
1510 4951 1798 5022 bamma
1839 4948 1909 5006 in
1950 4940 2009 5005 Tc
2045 4943 2269 5004 abicere
2301 4959 2478 5017 posse
2518 4940 2555 5003 Ε
2599 4945 2848 5003 litteram
2892 4934 3061 5025 (nam
3107 4941 3369 5004 abiecta
