3738 5530
1425 397 1525 448 De
1563 396 1937 448 Ρειιεοκιε.
2903 393 2983 456 19

551 600 650 664 Οὐ
692 602 817 678 γὰρ
861 601 1031 675 ὑγιὲς
1074 601 1150 664 τὸ
1197 601 1437 682 λέγειν,
1483 598 1581 664 ὅτι
1621 605 1884 678 πρῶτον
1934 600 2286 676 πρόςωπον
2317 600 2393 663 τὸ
2425 597 2982 679 ἀποφαινόμενον,

388 705 486 766 καὶ
514 702 610 767 ἔτι
642 702 947 779 δεύτερον
977 702 1052 765 τὸ
1084 703 1247 780 πρὸς
1278 702 1359 765 ὃν
1392 701 1429 765 6
1461 703 1691 784 λόγος,
1723 703 1824 765 καὶ
1855 700 1987 784 [τὸ]
2010 702 2226 779 τρίτον
2259 698 2420 781 <τό>
2446 699 2590 778 περί
2613 718 2801 764 τινος.
2827 734 2908 746 --
2930 698 2986 762 εἰ

388 805 505 882 γὰρ
561 805 639 869 τὸ
696 809 957 882 πρῶτον
1011 803 1364 881 πρόςωπον
1422 804 1535 867 τὰς
1592 804 1761 880 τρεῖς
1816 804 2047 881 φωνὰς
2104 801 2569 883 ἀποφαίνεται,
2640 801 2822 877 ἐγώ,
2879 800 2984 877 ςύ,

323 917 360 971 C
393 906 742 987 ἐκεῖνος,
787 907 987 980 δῆλον
1035 904 1123 968 ὡς
1170 904 1268 968 καὶ
1318 909 1582 983 πρῶτον
1627 907 1703 969 τὸ
1752 906 1948 980 λέγον
1993 905 2328 982 εἰρήςεται,
2386 904 2488 967 καὶ
2531 902 2622 966 ἔτι
2671 898 2799 988 [τὸ]
2845 902 2985 966 δεύ-

393 1026 583 1083 τερον
630 1007 731 1070 καὶ
780 1002 907 1091 [τὸ]
950 1006 1183 1084 τρίτον.
1245 1041 1313 1052 -
1363 1006 1533 1069 ἀλλὰ
1587 1007 1709 1084 μὴν
1770 1008 1874 1070 καὶ
1928 1008 2003 1072 τὸ
2064 1008 2134 1072 ςύ
2192 1007 2357 1084 πρὸς
2413 1006 2494 1069 ὃν
2549 1004 2588 1067 6
2647 1004 2872 1078 λόγος·
2931 1001 2987 1065 τί
3023 1015 3056 1063 5

394 1108 494 1177 δέ;
544 1108 697 1185 οὐχὶ
742 1109 843 1171 καὶ
886 1107 961 1170 τὸ
1008 1107 1250 1172 ἐκεῖνος
1296 1108 1544 1181 λέγεται
1588 1107 1751 1184 πρός
1794 1128 1965 1177 τινας
2015 1144 2090 1154 -
2139 1107 2300 1185 ὑπέρ
2344 1106 2497 1187 <τέ>
2540 1125 2713 1170 τινος
2757 1108 2886 1169 πᾶν
2930 1125 2990 1168 τι

397 1209 750 1287 πρόςωπόν
802 1208 928 1292 [τε]
973 1209 1129 1272 ἐςτι·
1173 1216 1312 1273 πῶς
1360 1207 1479 1273 οὖν
1526 1210 1670 1286 περί
1711 1228 1887 1274 τινος
1932 1209 2134 1288 μόνον
2179 1209 2255 1273 τὸ
2286 1210 2520 1290 τρίτον,
2549 1212 2768 1285 κοινῆς
2800 1206 2990 1285 οὔςης

396 1315 503 1388 τῆς
552 1311 789 1376 λέξεως
834 1311 995 1374 κατὰ
1039 1312 1237 1390 πάςης
1283 1310 1528 1382 οὐςίας;

560 1412 660 1475 Τὰ
703 1416 862 1485 γοῦν
910 1414 1299 1490 πληθυντικὰ
1353 1417 1470 1476 τοῦ
1524 1412 1788 1489 πρώτου
1834 1413 2188 1489 προςώπου
2245 1412 2680 1491 ἐμπεριεκτικὰ
2724 1411 2991 1476 δύναται

394 1511 557 1577 εἶναι
608 1515 712 1577 καὶ
754 1513 998 1577 παντὸς
1043 1515 1424 1592 προςώπου,
1470 1513 1634 1590 ἅπερ
1677 1512 1817 1576 τινά
1862 1513 2003 1576 ἐςτι.
2101 1512 2264 1595 [πῶς
2309 1512 2430 1577 οὖν
2481 1513 2647 1590 μόνα
2688 1514 2768 1576 τὰ
2812 1511 2990 1591 τρίτα
3033 1525 3093 1572 ιο

250 1629 369 1680 23A
399 1614 542 1692 περί
605 1634 781 1678 τινος
798 1615 841 1698 ι]
927 1616 1052 1678 Δεῖ
1092 1616 1218 1692 γὰρ
1273 1617 1451 1678 νοεῖν
1509 1615 1601 1678 ὼς
1654 1614 1692 1691 ἡ
1738 1615 1809 1678 ἐν
1863 1615 2001 1679 τοῖς
2046 1613 2280 1679 ἑνικοῖς
2323 1615 2697 1692 προςώποις
2741 1613 2991 1693 ἐκφορὰ

395 1715 753 1794 εἰλικρινῶς
797 1720 1063 1793 πρῶτον
1109 1716 1565 1791 ἐπαγγέλλεται
1611 1716 1989 1793 πρόςωπον,
2037 1716 2139 1778 καὶ
2183 1714 2275 1779 ἔτι
2320 1716 2358 1793 ἡ
2404 1716 2507 1779 ἐπὶ
2536 1719 2653 1779 τοῦ
2684 1715 2989 1793 δευτέρου

395 1818 740 1895 δεύτερον·
786 1816 862 1881 τὸ
908 1817 979 1880 δὲ
1025 1816 1131 1880 ἐπὶ
1173 1821 1394 1881 δυῖκοῦ
1439 1818 1476 1895 ἢ
1521 1820 1953 1895 πληθυντικοῦ
2000 1817 2314 1895 ςύλληψιν
2345 1816 2723 1894 ἀναδέχεται
2753 1815 2991 1893 ἑτέρων

400 1920 795 1996 προςώπων.
873 1919 975 1981 καὶ
1016 1918 1092 1982 τὸ
1137 1919 1251 1996 μὲν
1295 1922 1559 1997 πρῶτον
1604 1919 1643 1995 ἢ
1688 1921 1843 1996 μετὰ
1888 1918 2206 1997 δευτέρων
2250 1918 2290 1996 ἢ
2320 1918 2567 1996 τρίτων,
2612 1919 2650 1996 ἢ
2696 1919 2797 1982 καὶ
2840 1918 2995 1994 μετὰ

396 2021 725 2098 δευτέρων
770 2020 869 2083 καὶ
911 2022 1195 2098 τρίτων..
1266 2019 1305 2082 6
1350 2022 1475 2097 γὰρ
1520 2020 2053 2100 ἀποφαινόμενος
2097 2020 2242 2097 περὶ
2285 2019 2517 2084 ἑαυτοῦ
2561 2020 2662 2083 καὶ
2705 2021 2993 2083 πολιτῶν
3037 2020 3096 2077 1'5

395 2120 744 2203 ἀπόντων,
809 2120 1029 2199 ἡμεῖς
1094 2120 1690 2200 ἠριςτεύςαμεν,
1759 2121 2075 2199 ςύλληψιν
2141 2120 2479 2198 πεποίηται
2540 2121 2773 2200 τρίτων
2839 2120 2996 2199 μετὰ

396 2224 697 2301 πρώτου·
742 2222 781 2285 6
825 2224 895 2286 δὲ
927 2223 1304 2305 παρόντων,
1347 2222 1570 2302 ἡμεῖς
1617 2220 1861 2287 αἴτιοι
1908 2223 2378 2301 ἐγενόμεθα,
2425 2222 2691 2300 πρώτου
2722 2222 2822 2285 καὶ
2854 2226 2994 2285 δευ-

323 2337 365 2390 Β
397 2325 649 2402 τέρων,
710 2322 838 2399 εἴγε
884 2325 1050 2401 πρὸς
1093 2323 1330 2389 αὐτοὺς
1376 2324 1804 2403 ἀποφαίνεται
1848 2325 2010 2402 ὑπὲρ
2055 2323 2291 2388 αὐτῶν.
2380 2324 2419 2387 6
2464 2325 2534 2387 δὲ
2577 2324 2788 2398 λέγων
2834 2321 2997 2400 ὑπὲρ

399 2424 717 2489 ἀπόντων
775 2427 1058 2490 πολιτῶν
1104 2425 1267 2504 πρὸς
1311 2425 1606 2501 πολίτας,
1671 2424 1896 2503 ἡμεῖς
1951 2428 2086 2501 τῆς
2143 2425 2391 2504 μάχης
2448 2423 2687 2488 αἴτιοί
2742 2424 2992 2504 ἐςμεν,

397 2528 499 2590 καὶ
523 2527 853 2604 δευτέρων
880 2526 1194 2606 ςύλληψιν
1219 2530 1509 2597 ποιεῖται,
1534 2527 1605 2590 ἐν
1628 2526 1681 2609 ᾧ
1702 2526 1864 2605 πρὸς
1886 2525 2122 2591 αὐτοὺς
2147 2525 2598 2606 ἀποφαίνεται,
2624 2525 2722 2589 καὶ
2743 2526 2995 2607 τρίτων,
3031 2537 3100 2584 20

398 2627 467 2690 ἐν
512 2628 567 2710 ᾧ
605 2626 773 2705 ὑπὲρ
817 2627 1122 2692 ἀπόντων
1169 2629 1556 2709 διαλέγεται,
1603 2626 1765 2705 ὅπερ
1810 2627 1980 2691 ἴδιον
2011 2626 2090 2705 ἦν
2120 2628 2353 2707 τρίτου.
2409 2628 2486 2691 τὸ
2517 2630 2588 2692 δὲ
2620 2628 2925 2705 δεύτερον
2958 2627 2995 2704 ἢ

400 2728 558 2812 [καὶ]
592 2728 923 2807 δευτέρων
956 2729 1267 2810 ςύλληψιν
1297 2731 1337 2810 ἢ
1369 2729 1778 2814 (δευτέρων)
1809 2729 1911 2793 καὶ
1940 2729 2189 2808 τρίτων.
2247 2729 2408 2809 πρὸς
2439 2731 2553 2809 μὲν
2584 2730 2708 2807 γὰρ
2752 2728 2998 2793 πάντας

401 2832 738 2909 παρόντας
789 2829 828 2907 ἡ
874 2831 1177 2897 ἀπόταςις
1221 2833 1540 2910 δευτέρων
1586 2831 1926 2910 ςύλληψις,
1983 2832 2147 2909 πρὸς
2194 2832 2264 2896 δέ
2308 2852 2484 2897 τινας
2528 2834 2643 2908 μὲν
2689 2829 2995 2901 ἀπόντας,

330 2944 367 2998 C
401 2934 581 2996 τινὰς
632 2933 707 2996 δὲ
751 2931 1109 3014 παρόντας,
1170 2934 1258 2997 ὡς
1315 2933 1369 2997 εἰ
1416 2933 1831 3011 Ἀλέξανδρος
1889 2934 2054 3011 πρὸς
2096 2933 2250 2998 τοὺς
2295 2933 2644 3012 Ἀθηναίων
2690 2932 2999 3014 πρέςβεις,

400 3033 630 3110 ὑμεῖς
692 3031 765 3095 οἱ
811 3034 1244 3118 Ἀθηναῖοι,
1301 3035 1623 3113 δευτέρων
1680 3035 1782 3098 καὶ
1825 3033 2078 3112 τρίτων.
2169 3035 2246 3099 τὸ
2289 3035 2414 3113 γὰρ
2457 3035 2673 3114 τρίτον
2718 3034 3001 3098 πάντοτε
3036 3044 3102 3091 25

399 3135 468 3201 ἐν
511 3135 761 3214 τρίτοις
805 3138 1066 3200 νοεῖται.

538 3341 766 3390 Anava.
807 3343 830 3389 1
856 3333 1002 3389 Male
1026 3336 1264 3405 primam
1286 3336 1480 3391 dicunt
1499 3354 1619 3392 esse
1641 3353 1765 3392 eam
1786 3355 1932 3406 quae
1949 3338 2241 3407 loquatur3
2266 3354 2396 3392 nam
2417 3346 2563 3392 ‘nos’
2584 3338 2686 3391 hae
2707 3341 2818 3393 tres
2839 3354 3002 3394 voces

400 3429 531 3492 ‘ego
570 3424 639 3476 tu
678 3420 798 3474 ille’
836 3419 1247 3489 complectitur.
1319 3421 1437 3476 Nec
1473 3423 1626 3476 rect-e
1663 3423 1910 3476 secunda.
1934 3423 2169 3488 dicitur,
2211 3438 2358 3491 quae
2384 3422 2457 3476 ad
2480 3423 2729 3491 aliquem
2754 3425 2998 3492 spectet:

397 3523 527 3560 nam
568 3505 751 3560 etiam
775 3506 944 3559 tertia
967 3505 1038 3558 ad
1064 3504 1313 3573 aliquem
1338 3507 1587 3574 spectat3
1625 3522 1730 3560 nec
1754 3505 1954 3574 tertia,
1994 3507 2064 3560 de
2089 3522 2204 3575 qua
2227 3509 2453 3576 agatun
2490 3506 2549 3560 id
2575 3507 2724 3562 enim
2753 3507 2823 3562 de
2849 3509 3004 3561 omni

398 3606 652 3659 persona
686 3589 799 3643 dici
829 3591 1029 3657 potent.
1058 3619 1122 3629 -
1151 3596 1207 3642 11
1236 3588 1476 3643 Pluralis
1499 3591 1716 3659 primae
1741 3607 1890 3659 pers.
1916 3607 2109 3646 omnes
2133 3607 2400 3660 personas
2425 3591 2841 3660 complectitun
2880 3592 3002 3660 plu-

399 3675 533 3729 rah’s
569 3673 856 3728 secundae
892 3676 993 3727 aut
1027 3673 1299 3727 secundas
1335 3691 1461 3728 oum
1499 3675 1759 3729 secundis
1794 3677 1897 3729 aut
1929 3673 2207 3730 secundas
2244 3692 2372 3728 cum
2396 3675 2603 3729 tertiis:
2646 3675 3004 3730 definitiones

398 3759 579 3828 igitur
608 3758 846 3833 proprie
881 3758 940 3811 in
977 3775 1151 3811 unum
1186 3758 1529 3827 singularem
1554 3759 1860 3827 quadrant3
1897 3759 2103 3814 tertiae
2138 3775 2273 3813 vero
2308 3758 2542 3828 pluralis
2576 3760 2717 3813 nihil
2753 3760 3007 3815 continet

398 3843 506 3897 nisi
544 3843 756 3897 tertias
790 3858 1077 3911 personas.

540 4028 735 4082 D1scn.
774 4046 967 4081 scam.
1028 4034 1078 4081 2.
1114 4030 1309 4096 τρίτον
1342 4032 1413 4084 τὸ
1452 4030 1581 4096 περί
1615 4047 1768 4086 τινος
1796 4029 2182 4096 RSchneider,
2214 4031 2286 4084 τὸ
2320 4030 2515 4097 τρίτον
2551 4033 2677 4098 περί
2711 4049 2866 4088 τινος
2891 4032 2984 4087 Ab

401 4116 471 4167 τὸ
508 4114 717 4180 τρίτον
753 4115 905 4181 (τὸ)
940 4113 1067 4181 περί
1103 4130 1257 4168 τινος
1292 4111 1658 4167 RSkrzeezka
1720 4116 1730 4181 Ι
1793 4122 1844 4169 4.
1879 4116 2009 4183 post
2031 4116 2243 4170 ἐκεῖνος
2279 4113 2638 4168 inserendum
2664 4131 2784 4170 esee
2809 4117 3003 4183 (λέγω

400 4199 589 4264 λέγεις
652 4199 837 4266 λέγει)
895 4198 1088 4251 censet
1146 4195 1519 4251 PSchmieder
1580 4199 1590 4265 Ι
1656 4203 1892 4266 πρῶτον
1935 4201 2005 4254 τὸ
2049 4201 2219 4262 λέγον
2264 4197 2385 4265 ΑΙ),
2439 4202 2510 4253 τὸ
2553 4204 2788 4266 πρῶτον
2834 4203 3004 4266 λέγον

400 4281 782 4336 RSkrzeczka
826 4285 836 4348 Ι
881 4288 1032 4335 4—5.
1071 4285 1143 4336 τὸ
1177 4284 1449 4351 δεύτερον
1484 4287 1576 4338 καὶ
1610 4287 1681 4338 τὸ
1717 4283 1936 4353 τρίτον]
1976 4282 2372 4354 ‘Expungendi
2394 4282 2581 4337 forsan
2605 4285 2737 4337 sunt
2759 4283 3003 4339 articuli’

400 4365 439 4419 b
472 4366 536 4419 in
574 4382 701 4424 var.
736 4365 865 4422 lect.
915 4369 927 4435 Ι
973 4371 1022 4426 6,
1061 4369 1205 4434 πρός
1238 4384 1392 4431 τινα;
1430 4366 1819 4433 RSkrzeczka,
1857 4369 2001 4435 πρός
2035 4385 2163 4422 τινα
2200 4369 2236 4422 b
2284 4370 2293 4436 Ι
2339 4369 2482 4436 ὑπέρ
2514 4369 2579 4422 τέ
2612 4385 2766 4424 τινος
2803 4375 2918 4424 πᾶν
2951 4388 3008 4424 τι

400 4452 729 4518 πρόςωπόν
766 4451 894 4506 ἑςτι.
951 4450 1070 4521 (vel
1106 4452 1247 4518 ὑπέρ
1284 4453 1349 4506 τέ
1383 4469 1538 4509 τινος
1576 4457 1691 4506 πᾶν
1716 4454 2030 4519 πρόςωπόν
2053 4454 2203 4519 ken.)
2257 4452 2647 4518 Rskrzeezka,
2681 4455 2828 4521 ὑπέρ
2851 4471 3008 4511 τινος

402 4538 523 4588 πᾶν
570 4551 641 4588 τε
689 4536 998 4601 πρόςωπόν
1041 4552 1106 4589 τε
1152 4537 1288 4601 ἑςτις
1337 4537 1460 4602 Ab,
1507 4541 1623 4591 πᾶν
1664 4554 1720 4591 τι
1755 4538 2067 4603 πρόςωπόν
2099 4554 2164 4602 γε
2209 4539 2354 4612 ὑπέρ
2389 4555 2561 4593 τινος.
2603 4535 2957 4609 JGuttentag
2995 4540 3003 4608 Ι

402 4626 454 4674 7.
494 4636 658 4674 εςτιν
699 4620 741 4672 Α
788 4621 798 4686 1
847 4626 929 4675 10.
965 4636 1116 4676 εςτιν
1151 4620 1194 4674 Α
1243 4624 1252 4685 Ι
1304 4627 1519 4675 10—11.
1557 4626 1684 4678 πῶς
1708 4638 1941 4675 -τινος
1977 4621 2144 4675 delet
2187 4621 2553 4677 RSkrzeczka
2597 4625 2608 4691 Ι
2658 4628 2736 4676 11.
2775 4624 3003 4691 ἑνικοῖς]

401 4703 500 4757 fol.
562 4709 665 4757 151
691 4720 743 4760 ν.
798 4705 808 4768 Ι
859 4709 1087 4757 17-18.
1145 4706 1414 4770 δευτέρου
1469 4704 1591 4768 Ab,
1667 4707 1955 4772 δευτέρων
2015 4703 2382 4760 RSkrzeczka
2427 4708 2436 4775 Ι
2482 4713 2564 4759 21.
2623 4708 2896 4762 ἀπόντων
2953 4709 3008 4775 b,

404 4804 715 4843 απωντων
752 4789 795 4843 Α
842 4788 852 4856 Ι
896 4794 980 4843 22.
1016 4792 1051 4856 ἢ
1076 4790 1365 4856 δευτέρων
1389 4791 1663 4857 ςύλληψιν
1698 4794 1734 4858 ἢ
1770 4791 2059 4856 δευτέρων
2093 4788 2484 4859 RSkrzeczka,
2522 4794 2557 4858 ἢ
2594 4795 2685 4847 καὶ
2720 4795 3009 4861 δευτέρων

405 4875 700 4942 ςύλληψιν
736 4874 771 4940 ἢ
809 4874 901 4927 Ab

2534 4969 2606 5015 20
