3738 5530
1113 338 1211 388 DE
1247 336 1707 388 PRONOMINJS
1745 335 2450 391 APPELLATIONIBVS.
3033 337 3077 405 5

484 544 554 606 δὲ
605 541 752 621 οὐχὶ
799 542 1071 617 γελοίως
1114 539 1408 605 Αἰολικὸν
1453 539 1757 619 εἰρήςεται
1802 541 1880 603 τὸ
1923 540 2280 618 ἱερώνυμος
2326 541 2429 603 καὶ
2473 540 2563 605 ἔτι
2608 541 2684 605 τὸ
2715 541 3092 623 ὁμώνυμος,

485 643 918 721 δαςυνόμενας

650 744 927 808 Λεκτέον
974 741 1125 825 οὖν,
1174 744 1262 807 ὼς
1307 743 1408 807 καὶ
1453 743 1561 806 ἐπ’
1607 742 1830 807 ἄλλων
1878 743 2124 822 μυρίων
2168 745 2328 809 κατὰ
2372 746 2485 827 τὰς
2533 745 2847 810 ςυνθέςεις
2891 764 3075 823 μετα-

485 846 668 925 βολαὶ
710 845 1001 920 γίνονται
1046 845 1484 927 φωνηέντων,
1540 845 1640 909 καὶ
1694 844 1799 909 ἐπὶ
1854 846 1974 909 τοῦ
2034 843 2356 924 ὀνόματος
2411 847 2488 910 τὸ
2533 846 2708 911 αὐτό.
2809 847 2886 911 τὸ
2930 845 3077 912 ἄνε·
3141 908 3144 913 ,

472 951 601 1025 ’μος
647 947 751 1010 διὰ
795 950 913 1011 τοῦ
960 951 1007 1025 ἠ
1054 947 1453 1029 ποδήνεμος,
1509 947 1611 1009 καὶ
1664 945 1753 1010 ἔτι
1797 948 1874 1011 τὸ
1920 945 2098 1021 ἄγειν
2142 947 2508 1030 φορτηγός,
2567 948 2941 1027 ςτρατηγός·
3001 948 3077 1012 τό
3113 961 3146 1009 5

481 1068 552 1112 τε
598 1047 761 1126 ἀνήρ
808 1048 1136 1127 ἀντήνωρ·
1182 1049 1257 1111 τό
1300 1069 1370 1112 τε
1417 1068 1458 1112 α
1505 1052 1638 1114 τῶν
1686 1047 2052 1126 οὐδετέρων
2093 1052 2142 1112 ’o‘
2185 1050 2456 1133 γίνεται,
2500 1050 2889 1128 γηροκόμος,
2937 1069 3078 1128 κρε-

9 1191 17 1264 4
336 1165 449 1219 4A
486 1152 781 1232 οπώλης,
827 1150 1229 1230 χρεοφείλης.
1317 1150 1397 1213 τὰ
1443 1150 1562 1214 δύο
1609 1150 1715 1214 διὰ
1756 1152 1875 1214 τοῦ
1923 1153 1971 1231 ἰ,
2018 1150 2138 1215 δύο
2183 1154 2379 1230 μῆνες
2423 1187 2503 1198 -
2549 1152 2850 1233 δίμηνος,
2896 1152 3076 1229 δίπη-

482 1271 627 1331 χυς.
691 1252 793 1316 καὶ
849 1253 925 1317 τὸ
980 1251 1187 1328 ὄνομα
1245 1249 1366 1317 οὖν
1421 1253 1495 1316 τό
1553 1253 1669 1331 μὲν
1725 1251 1931 1330 ἄρχον
1977 1256 2026 1314 ὅ
2073 1256 2126 1315 ὦ
2183 1256 2391 1334 ποιεῖ,
2449 1253 2525 1318 τὸ
2583 1255 2654 1318 δὲ
2696 1255 3077 1332 παραλῆγον

9 1337 15 1382 ²
484 1358 555 1416 ῑῐ·
620 1355 998 1431 ςυνώνυμον
1053 1354 1176 1431 γὰρ
1230 1354 1333 1417 καὶ
1376 1354 1800 1433 φερώνυμον,
1857 1353 2019 1417 αὐτό
2063 1374 2131 1418 τε
2177 1358 2250 1417 τὸ
2298 1352 2446 1418 ἀντ’
2505 1352 2829 1433 ὀνόματος
2873 1374 3077 1433 παρα-

484 1454 974 1534 λαμβανόμενον
1033 1453 1397 1533 ἀντωνυμία
1453 1455 1532 1519 ἂν
1590 1455 1863 1534 κληθείη.
1967 1455 2056 1520 Τὸ
2116 1456 2187 1519 δὲ
2233 1453 2717 1538 ἀντωνομαςία,
2774 1457 2940 1534 πρὸς
2986 1462 3077 1539 τῷ
3120 1468 3182 1517 10

481 1557 583 1619 καὶ
627 1557 875 1634 τρόπου
920 1555 1131 1635 ὄνομα
1174 1559 1449 1637 δηλοῦν,
1504 1556 1605 1621 καὶ
1658 1556 1735 1620 τὸ
1793 1556 2100 1635 ὀνομὰςαι
2146 1555 2276 1635 ἔχει
2321 1556 2718 1640 ἐγκείμενον,
2774 1562 2933 1623 καθὸ
2978 1559 3078 1622 καὶ

480 1663 576 1739 τῷ
622 1656 907 1736 χειμάςαι
953 1658 1028 1721 τὸ
1059 1656 1340 1736 χειμαςία
1370 1657 1772 1736 παράκειται·
1821 1657 1985 1736 ὅπερ
2024 1658 2143 1721 οὐκ
2174 1658 2454 1735 ἐπιζητεῖ
2481 1659 2557 1722 τὸ
2591 1658 3077 1739 ςημαινόμενον.

391 1776 443 1829 Β
653 1759 728 1822 Οἱ
770 1758 904 1824 ἀπὸ
948 1762 1059 1836 τῆς
1106 1758 1305 1824 (τοᾶς
1349 1757 1554 1838 ἄρθρα
1598 1762 1860 1824 καλοῦςι
1906 1759 2006 1823 καὶ
2049 1760 2162 1823 τὰς
2208 1759 2635 1838 ἀντωνυμίας,
2683 1761 3078 1840 διαφέροντα

481 1861 553 1924 δὲ
597 1867 730 1924 τῶν
773 1861 937 1939 παρ’
983 1862 1129 1940 ἡμῖν
1160 1859 1450 1942 ἄρθρων,
1496 1862 1536 1944 ᾗ
1566 1865 1766 1925 ταῦτα
1795 1862 1911 1939 μὲν
1943 1860 2280 1942 ὼριςμένα,
2326 1861 2539 1925 ἐκεῖνα
2582 1864 2655 1926 δὲ
2699 1861 3075 1941 ἀοριςτώδη.

482 1964 617 2026 «καὶ
646 1964 727 2027 ὃν
756 1964 1060 2041 τρόπον»,
1106 1962 1277 2043 φαςί,
1326 1963 1431 2026 «τὸ
1464 1962 1706 2040 ἄρθρον
1752 1966 1947 2041 διχῶς
1993 1964 2232 2026 νοεῖται
2278 1961 2337 2040 (ἥ
2381 1982 2449 2027 τε
2479 1964 2602 2042 γὰρ
2636 1966 2915 2045 ςυμβολὴ
2947 1972 3078 2029 τῶν
3120 1976 3181 2024 15

11 2133 12 2144 γ
478 2066 739 2139 κώλων,
810 2065 881 2129 ἐν
942 2065 996 2147 ᾧ
1054 2084 1264 2145 φαμεν
1321 2063 1661 2146 ἔξαρθρον,
1722 2064 1822 2128 καὶ
1878 2062 2080 2144 (αὐτὸ
2136 2064 2256 2146 τὸ)
2310 2068 2560 2144 κῶλον,
2622 2065 2691 2130 ἐν
2753 2066 2807 2147 ᾧ
2863 2086 3077 2145 φαμεν

9 2159 16 2246 β
479 2166 779 2244 μεγάλοις
824 2164 1087 2246 ἄρθροις
1134 2166 1551 2247 κεχρῆςθ<αι>
1593 2168 1710 2230 τὸν
1757 2166 1997 2248 δεῖνα),
2044 2164 2215 2229 οὕτω
2259 2165 2360 2229 καὶ
2403 2166 2479 2230 τὸ
2525 2166 2596 2230 ἐν
2638 2172 2731 2247 τῷ
2762 2165 2939 2249 λόγῳ
2970 2166 3077 2244 ἄρ-

11 2251 14 2318 k
477 2272 638 2346 θρον
682 2270 803 2333 τὸν
850 2268 1052 2332 αὐτὸν
1083 2268 1466 2350 <τρόπο>ν».
1502 2302 1575 2313 —-
1612 2268 1711 2331 καὶ
1742 2266 2242 2346 Ἀπολλόδωρος
2274 2268 2311 2332 6
2342 2268 2675 2346 Ἀθηναῖος
2705 2268 2803 2332 καὶ
2835 2267 2872 2331 6
2904 2268 3079 2352 Θρᾷξ

11 2327 13 2422 Ι
479 2370 827 2435 Διονύςιος
870 2371 976 2434 καὶ
1019 2368 1222 2449 ἄρθρα
1267 2371 1540 2434 δεικτικὰ
1582 2369 1695 2433 τὰς
1740 2368 2141 2449 ἀντωνυμία(
2186 2368 2505 2434 ἐκάλεςαν.

645 2471 1088 2553 <Ευνη>γορεῖ
1127 2472 1198 2535 δὲ
1229 2470 1449 2535 αὐτοῖς
1480 2469 1518 2534 6
1551 2471 1779 2554 λόγος,
1823 2470 1980 2535 καθὸ
2011 2471 2076 2534 αἱ
2107 2469 2495 2550 ἄντωνυμίαι
2526 2472 2629 2535 καὶ
2658 2469 3075 2550 ἀναφορικῶς
3112 2481 3179 2530 20

479 2573 947 2656 λαμβάνονται,
1004 2573 1105 2635 καὶ
1158 2572 1237 2636 τὰ
1294 2570 1500 2651 ἄρθρα
1554 2573 1624 2636 δὲ
1680 2571 2027 2652 ἀναφορὰν
2089 2575 2290 2652 δηλοῖ.
2345 2609 2430 2620 -
2484 2573 2564 2637 τὰ
2618 2572 2823 2651 ἄρθρα
2878 2571 3072 2638 ἀνθυ-

476 2672 749 2750 πάγεται
795 2678 938 2739 ταῖς
985 2673 1442 2757 ἀντωνυμίαις,
1487 2676 1876 2752 προτακτικά
1919 2674 2066 2753 μέν·

1463 2775 1502 2840 6
1542 2777 1669 2855 γὰρ
1713 2775 1867 2856 ἦλθε
1923 2777 2001 2859 (Α
2050 2776 2171 2856 12),

885 2881 1004 2942 τοῦ
1050 2877 1114 2942 δ’
1159 2877 1359 2942 αὐτοῦ
1407 2877 1801 2957 λυκάβαντος
1860 2877 1921 2961 (ξ
1969 2877 2139 2958 161),

884 2980 987 3044 καὶ
1030 2986 1123 3064 τῷ
1167 2979 1446 3060 νήδυμος
1489 2979 1695 3044 ὕπνος
1755 2981 1821 3060 (ν
1868 2978 2007 3062 79),
3110 3001 3177 3049 25

27 3117 55 3224 Ι
1490 3079 1633 3146 ἀλλ’
1675 3078 1801 3160 ἄρα
1843 3082 1947 3144 καὶ
1991 3080 2106 3147 τόν

884 3184 1050 3261 Ἥρη
1095 3181 1175 3266 (Τ
1218 3181 1354 3280 96)-

331 3313 364 3360 5
388 3308 438 3361 Α
479 3283 876 3350 ὑποτακτικὰ
922 3284 1023 3348 δέ·

886 3385 1055 3450 ἀλλὰ
1099 3388 1196 3449 καὶ
1242 3385 1316 3450 ὃς
1361 3385 1669 3449 δείδοικεν
1730 3383 1814 3466 (Φ
1866 3383 2031 3466 198),

884 3487 1268 3565 Πάτροκλον
1312 3486 1658 3565 κλαίωμεν
1707 3486 1745 3551 ὃ
1788 3487 1914 3566 γὰρ
1958 3485 2152 3565 γέρας
2196 3488 2320 3553 ἐςτὶ
2364 3488 2699 3553 θανόντων
2748 3489 2834 3572 (Ψ
2878 3488 2978 3574 9)·
3110 3508 3176 3557 30

414 3655 425 3664 ,
476 3591 580 3653 καὶ
623 3589 895 3668 θηλυκά·

611 3790 827 3844 Anava.
907 3796 968 3844 13
1001 3794 1050 3853 a)
1087 3789 1326 3844 Diversa
1360 3788 1706 3843 miscuerunt
1739 3790 1800 3843 et
1832 3787 2031 3854 Stoici,
2070 3790 2168 3857 qui
2204 3789 2503 3844 articulum
2542 3791 2602 3843 et
2624 3806 2934 3859 pronomen
2959 3808 3072 3846 uno

477 3876 687 3941 ἄρθρον
730 3875 959 3928 nomine
1006 3873 1464 3943 appellaverunt,
1511 3877 1571 3927 ei:
1612 3872 1987 3942 Apollodorus
2025 3873 2383 3930 Atheniensi·
2430 3892 2495 3928 ac
2531 3874 2831 3943 Dionysius
2866 3875 3071 3942 Thrax,

476 3958 577 4025 qui
611 3957 947 4027 pronomina
980 3960 1158 4025 ἄρθρα
1192 3961 1435 4012 δεικτικὰ
1471 3957 1748 4012 dixerunt.
1782 3989 1846 3998 —
1886 3965 1952 4011 ⁶20
1977 3959 2118 4011 Sunt
2152 3975 2285 4013 eane
2320 3960 2598 4028 quaedam
2633 3975 2745 4024 ree,
2783 3976 2923 4027 quae
2947 3976 3076 4029 pro·

476 4043 708 4096 nomina
741 4059 869 4095 cum
907 4041 1158 4096 articulis
1193 4057 1516 4097 communes
1550 4041 1779 4096 habent.

480 4167 883 4175 ——·--—-—--———-—-

616 4228 799 4283 Dsscn.
828 4246 1030 4285 sonu-r.
1068 4235 1115 4282 7.
1140 4229 1496 4298 χρεοφείλης]
1513 4228 1654 4283 ‘Hoc
1675 4245 1902 4297 quoque
1922 4231 2246 4300 suspectum
2267 4232 2372 4285 ουδ’
2395 4231 2431 4284 b
2450 4230 2508 4284 in
2529 4245 2643 4288 var.
2665 4230 2796 4288 leet.
2829 4237 2840 4300 ι
2870 4237 2917 4287 9.
2942 4250 3073 4288 αντ-

478 4331 759 4381 ονομᾳτος
796 4317 891 4382 Αῐ,
940 4329 1347 4380 αντωνοματος
1395 4317 1471 4367 Aa:
1526 4319 1533 4378 Ι
1594 4321 1668 4369 12.
1710 4316 1956 4380 χειμάςαι
1994 4315 2056 4382 b,
2104 4332 2347 4382 χειμαςω
2384 4318 2427 4370 Α
2483 4317 2492 4383 Ι
2551 4322 2624 4373 13.
2661 4321 2765 4384 τῆς
2801 4317 2979 4373 (rode
3014 4317 3072 4384 b,

476 4417 722 4466 τηςτοας
757 4402 800 4454 Α
831 4405 840 4466 ἰ
876 4405 954 4452 14.
991 4399 1267 4466 ώριςμένα
1301 4401 1363 4463 b,
1402 4416 1665 4466 οριςμενα
1700 4400 1742 4454 Α
1784 4405 1792 4464 Ι
1835 4405 1916 4459 16.
1952 4404 2223 4468 εξαρθρον
2253 4400 2519 4454 ultimum
2552 4402 2607 4454 in
2646 4400 2738 4453 fol.
2769 4406 2866 4455 184
2891 4417 2941 4454 v.
2975 4416 3072 4454 vo-

478 4484 738 4538 cabulum
761 4527 774 4551 ,
813 4501 959 4552 quae
996 4486 1311 4553 sequuntur
1344 4486 1474 4537 sunt
1507 4483 1566 4536 in
1604 4484 1699 4538 fol.
1738 4489 1833 4538 146
1852 4502 1895 4537 r.
1927 4487 1935 4551 Ι
1965 4501 2106 4539 αυτο
2146 4503 2216 4540 το
2260 4501 2415 4539 evan.
2449 4490 2514 4539 in
2549 4485 2623 4551 Α,
2661 4483 2949 4554 supplevit
2980 4483 3019 4537 b
3061 4486 3068 4551 Ι

482 4575 561 4623 17.
601 4586 657 4622 αι
692 4570 749 4622 in
786 4573 1082 4638 κεχρηςθαι
1117 4584 1278 4627 evan.
1303 4568 1360 4621 in
1388 4573 1430 4623 Α
1478 4573 1487 4630 Ι
1530 4571 1686 4622 δεῖνα
1710 4568 1771 4634 b,
1809 4571 1932 4623 δινα
1957 4572 2000 4624 Α
2050 4574 2058 4634 Ι
2110 4576 2187 4624 18.
2213 4572 2430 4637 τρόπον
2456 4568 2518 4634 b,
2542 4568 2699 4621 cuiue
2722 4567 2875 4621 vocis
2900 4584 3013 4621 una.
3036 4586 3071 4621 ν

478 4652 672 4707 littera
715 4655 971 4723 superest
1013 4654 1072 4707 in
1123 4656 1167 4709 Α
1209 4655 1218 4720 Ι
1257 4654 1406 4723 Θρᾷξ
1444 4653 1508 4718 b,
1546 4657 1701 4720 θραιξ
1740 4655 1781 4707 Α
1813 4654 1823 4720 Ι
1854 4661 1935 4711 20.
1974 4653 2124 4707 vocis
2161 4659 2481 4719 ςυνηγορεῑ,
2523 4668 2693 4720 quam
2731 4649 2981 4705 restituit
3015 4651 3070 4719 b,

482 4754 617 4806 ςυνη
653 4737 875 4792 litterae
912 4755 1078 4793 evan.
1124 4737 1182 4792 in
1221 4739 1263 4793 Α
1332 4743 1339 4796 Ι
1403 4744 1485 4791 21.
1531 4755 1603 4790 τα
1640 4753 1749 4791 om.
1789 4739 1872 4802 A',
1911 4736 1965 4791 iu
2003 4753 2180 4805 marg.
2218 4737 2286 4789 A*
2322 4734 2448 4788 add.
2506 4740 2515 4802 Ι
2578 4741 2659 4789 23.
2694 4735 2826 4803 pont
2858 4736 2998 4802 ηλθε
3034 4750 3070 4789 ν

493 4837 703 4876 erasum
739 4823 797 4876 in
832 4826 875 4878 Α
906 4827 917 4893 1
948 4829 1034 4878 24.
1069 4824 1231 4879 τοῦδ’
1265 4821 1542 4877 Homerus
1570 4825 1581 4888 1
1612 4828 1694 4881 30.
1732 4840 1762 4874 v
1799 4838 2015 4878 eranum
2051 4821 2181 4892 pont
2217 4836 2330 4876 εςτι
2365 4819 2424 4871 in
2463 4821 2506 4876 Α
