3738 5530
650 326 1093 384 Commentarius
1131 325 1358 381 criticus
1387 327 1446 379 et
1472 324 1792 395 exegeticus
1818 323 1879 379 in
1907 322 2194 394 Apollonii
2222 321 2450 394 Dyscoli
2478 323 2690 394 scripta
2715 323 2947 380 minora.
3036 324 3117 389 91

687 499 789 572 65,
812 498 850 556 5
905 496 1140 576 Uhligii
1203 494 1539 556 emendatio
1599 514 1718 555 non
1781 494 2022 554 videtur
2078 495 2435 554 necessaria:
2497 512 2638 554 nam
2683 495 2801 573 ipsi
2847 489 3121 556 ἀντανα-

507 583 718 648 κλάεει
781 587 938 648 inest
1001 581 1472 659 ἀντιδιαετολή;
1536 586 1934 645 necessarium
1999 603 2138 644 vero
2203 584 2361 662 quod
2423 585 2737 663 proposuit
2795 583 3125 664 Guttentag

507 672 902 758 ἀφῃρημένῳ
951 668 1076 758 (vel
1123 670 1555 756 ἀφῃρημένης,
1601 693 1721 735 non
1768 665 2234 754 ἀφῃρημένου).
2331 672 2416 735 cf.
2465 676 2619 751 synt
2672 675 2816 750 152,
2841 676 2940 734 15.

686 767 848 841 65‚6
899 760 1180 844 ἐδείχθη]
1228 784 1395 844 pron.
1445 766 1548 839 41,
1571 765 1976 840 26-46,15.

685 856 789 931 65,
811 857 980 915 6—7
1031 855 1187 915 Skae
1234 854 1708 914 additamentum
1756 846 1816 935 (Ι
1857 845 1969 934 16)
2016 852 2379 932 superfluum
2426 856 2544 922 estz
2590 848 2666 913 ‘si
2705 848 2988 931 quidem',
3034 857 3123 914 in·

507 948 639 1023 quit
682 946 824 1024 Ap„
884 939 1004 1006 ‘lex
1050 963 1123 1006 ea
1168 964 1349 1024 quam
1395 944 1697 1005 sanximus
1742 945 1806 1003 in
1853 943 2199 1004 universum
2247 938 2567 1021 (πάντως)
2613 944 2801 1020 valet,
2864 945 3126 1023 pertinet

506 1036 687 1097 etiam
742 1035 818 1095 ad
872 1038 1098 1114 primae
1154 1053 1306 1113 pers.
1363 1033 1889 1110 orthotonumena,
1954 1034 2015 1093 in
2072 1033 2288 1111 quibus
2347 1052 2505 1094 nune
2549 1052 2878 1110 versamur,
2942 1035 3005 1095 et
3048 1034 3124 1094 ad

508 1125 1006 1187 orthotonumena
1051 1117 1381 1185 secundae’.

687 1215 789 1291 65,
812 1216 851 1274 8
891 1235 1009 1275 non
1047 1214 1256 1274 dubito
1294 1215 1438 1291 quin
1475 1217 1635 1273 recte
1672 1230 1773 1274 και
1802 1215 2018 1291 legerit
2047 1212 2405 1293 Guttentag;
2441 1231 2581 1273 nam
2608 1212 3123 1289 παρακολουθεῖν

508 1300 610 1365 ἐπί
656 1321 833 1366 τινος
876 1305 1166 1366 usitatum
1203 1306 1295 1363 est
1340 1295 1518 1385 (coni.
1561 1304 1843 1380 213,14;
1890 1302 2021 1362 adv.
2068 1305 2347 1378 159,11;
2392 1307 2546 1380 synt.
2592 1307 2692 1378 10,
2716 1306 2777 1363 7.-
2826 1295 3122 1382 135,27),

508 1394 610 1455 sed
655 1414 775 1454 non
820 1394 976 1454 dixit
1025 1395 1156 1472 Ap„
1202 1395 1264 1452 ni
1313 1393 1516 1468 fallor,
1574 1387 1637 1453 αῖ
1689 1387 1795 1453 ἐπὶ
1843 1391 1962 1453 τοῦ
2013 1389 2276 1468 πρώτου
2327 1389 2429 1453 καὶ
2479 1388 2787 1468 δευτέρου
2834 1386 3125 1470 (ἀντων.)

504 1504 613 1562 pro
661 1479 727 1543 αἱ
771 1482 888 1545 τοῦ
935 1501 1000 1543 π.
1047 1480 1152 1543 καὶ
1195 1484 1250 1544 δ.

687 1575 790 1648 65,
814 1576 896 1634 10
946 1573 1069 1633 ska
1112 1573 1143 1632 1
1185 1574 1283 1632 16.

682 1657 905 1739 Ἐμεῦ
967 1666 1224 1738 formam
1285 1653 1643 1723 comunem
1702 1662 1915 1723 habent
1975 1662 2152 1723 Iones
2215 1666 2267 1722 et
2318 1662 2525 1723 Dores.
2642 1661 2869 1722 Forma
2931 1658 3125 1737 ἐμέο

504 1756 814 1829 scriptores
856 1757 1104 1814 utuntur
1111 1774 1135 1825 ,·
1179 1771 1363 1829 quare
1405 1753 1559 1813 hane
1591 1754 1793 1827 potius
1836 1754 2104 1813 nativam
2134 1754 2445 1828 putaveris
2479 1770 2658 1827 quam
2702 1747 2930 1826 ἐμεῖο.
3010 1753 3128 1812 Sed

510 1844 744 1919 Trypho
797 1846 864 1903 at
917 1839 1130 1918 ἐμεῖο
1183 1845 1450 1903 nativam
1499 1844 1758 1916 formam
1811 1859 1932 1903 esse
1986 1844 2306 1917 eomprobet
2356 1843 2462 1901 hoe
2518 1845 2858 1917 argumento
2915 1844 3128 1901 utitur:

508 1927 777 2008 ‘yenetivi
819 1935 888 1993 in
931 1933 1186 1994 vocalem
1231 1924 1356 2014 (vel
1402 1924 1866 2014 diphthongum)
1917 1933 2191 2002 exeuntis,
2242 1933 2344 1991 ubi
2390 1932 2753 2000 distrahitur,
2800 1935 2907 1990 aut
2939 1949 3126 2006 paen-

507 2023 713 2082 ultima
773 2023 1127 2098 prodaeitur
1197 2027 1306 2083 aad
1372 2021 1583 2082 ultima
1656 2016 2020 2099 (Ἀτρείδου
2076 2047 2160 2070 ===
2208 2016 2539 2097 Ἀτρείδᾶο
2596 2046 2681 2068 =
2733 2015 3126 2098 Ἀτρείδεω);

508 2130 759 2187 quaeum
811 2113 930 2188 leye
972 2117 1206 2188 puqnat
1269 2107 1455 2187 ἐμοῦ
1494 2137 1579 2160 =
1620 2105 1840 2187 ἐμέο’.
1932 2110 2017 2170 At
2067 2113 2417 2186 scriptorum
2471 2112 2796 2171 testimonia
2844 2112 3129 2186 graviora

506 2207 674 2275 sunt;
718 2203 925 2263 deinde
977 2203 1262 2278 siquidem
1307 2205 1553 2271 constat,
1598 2204 1957 2277 pronomina
1991 2203 2301 2277 primitiva
2348 2191 2743 2282 (personalia)
2789 2219 3031 2261 numero
3077 2205 3130 2260 et

508 2310 651 2353 casu
703 2294 1012 2352 abnomia
1066 2309 1209 2361 esse,
1273 2308 1393 2351 non
1449 2295 1532 2351 est
1583 2292 1737 2366 quod
1779 2293 2077 2361 mirmur,
2136 2309 2206 2351 ea
2253 2293 2426 2351 etiam
2478 2291 2582 2351 ubi
2628 2292 3042 2366 producuntur
3087 2309 3129 2351 a

509 2382 713 2457 reyula
758 2383 1048 2442 discedere
1095 2382 1198 2456 65,
1224 2383 1388 2440 13—
1399 2382 1501 2456 66,
1524 2383 1578 2439 2.

690 2471 1017 2547 65,13cf
1065 2470 1208 2530 Ahr.
1257 2470 1421 2529 diall
1467 2470 1714 2530 11249.

688 2561 791 2637 65,
815 2562 896 2620 15
945 2556 1309 2636 Φερεκύδης
1356 2555 1427 2621 ἑν
1474 2560 1550 2639 τῇ
1590 2555 1922 2638 θεολογίᾳ]
1971 2559 2044 2618 de
2084 2558 2423 2636 Pherecyde
2461 2558 2637 2636 Syrio
2684 2579 2736 2618 v.
2777 2544 3139 2636 Bernhardy

511 2650 727 2728 grieoh
775 2643 948 2710 Litt⁴
994 2650 1026 2709 I
1063 2649 1209 2709 415.

693 2741 795 2817 55,
820 2741 899 2800 16
950 2735 1356 2815 Δημόκριτος
1404 2734 1476 2800 ἐν
1522 2737 1659 2801 τοῖς
1706 2735 1851 2815 περὶ
1898 2733 2347 2819 ἀστρονομίας]
2394 2738 2641 2799 titulum
2688 2733 2882 2812 μέγα(
2921 2734 3126 2799 ἐνιαυ-

508 2827 620 2892 τό(
655 2827 696 2905 ἢ
734 2825 1184 2906 Ἀετρονομίηε
1220 2824 1619 2905 παράπηγμα
1658 2830 1828 2890 affert
1865 2829 2039 2908 Diog.
2070 2829 2154 2889 IX
2193 2849 2239 2889 c.
2265 2832 2320 2903 7,
2347 2831 2457 2904 13,
2493 2830 2565 2889 cf.
2595 2827 2876 2903 Mullach,
2914 2828 3125 2888 Demo·

509 2921 644 2980 criti
692 2921 1015 2981 Abderitae
1070 2939 1316 2997 operum
1361 2920 1700 2998 fragmenta
1745 2919 1938 2979 Berol.
1993 2921 2192 2995 1843,
2248 2918 2456 2994 Zeller,
2502 2912 2728 2979 Philos.
2777 2917 2883 2978 der
2926 2917 3023 2977 Gr.
3072 2910 3129 2977 1³

515 3012 640 3069 576
673 3030 757 3086 sq.

689 3101 791 3175 65,
817 3101 982 3159 18—-
993 3100 1095 3175 66,
1119 3102 1155 3158 2
1207 3094 1357 3173 ἐμέο
1405 3094 1609 3177 ἐμεῖο]
1668 3094 1844 3173 ἐμεῖο
1895 3100 1973 3157 51
2026 3099 2197 3173 Ionia,
2263 3094 2412 3173 ἐμέο
2458 3117 2578 3158 ιιιιο
2623 3098 2753 3159 loeo
2803 3097 2961 3175 apud
3006 3097 3125 3157 Ho-

509 3209 735 3249 merum
779 3190 1027 3268 legitur3
1074 3190 1146 3248 of
1198 3187 1388 3248 Cauer
1433 3191 1494 3248 in
1544 3186 1705 3247 Gurt.
1757 3187 1923 3246 Stud.
1973 3187 2091 3247 VII
2133 3190 2275 3248 104.

688 3280 799 3355 65,
831 3282 916 3339 20
970 3275 1124 3339 τοὺε
1177 3274 1324 3353 περὶ
1378 3273 1495 3337 τὸν
1547 3273 1880 3352 Τρύφωνα
1934 3257 2081 3337 satis
2137 3280 2344 3337 notum
2401 3280 2492 3337 est
2544 3279 2741 3355 ipsum
2798 3295 2924 3337 esse
2980 3278 3126 3354 Try-

514 3368 786 3446 phonem.

689 3459 791 3534 65,
813 3460 895 3517 22
946 3457 1103 3534 quod
1150 3455 1481 3535 Guttentag
1544 3455 1687 3516 addi
1749 3457 1884 3516 vult
1939 3452 2003 3516 αἱ
2059 3453 2298 3528 γενικαί
2355 3456 2716 3535 superfluum
2774 3459 2890 3517 est.
2953 3456 3128 3517 facile

509 3549 668 3608 enim
714 3568 783 3607 ex
830 3548 963 3608 τῶν
1000 3579 1088 3590 -
1124 3546 1397 3619 γενικῶν
1443 3546 1812 3606 subauditur.

691 3638 793 3713 65,
816 3639 898 3696 26
949 3632 1079 3698 ἀπὸ
1117 3668 1205 3679 -
1243 3632 1602 3710 αὐξηθεῖεαι
1648 3640 1786 3714 post
1834 3638 1917 3695 25
1967 3632 2150 3710 ἐμοῖο
2198 3635 2336 3697 εοῖο
2383 3635 2729 3696 collocanda
2767 3655 2893 3697 esse
2930 3640 3131 3697 censet

508 3727 719 3786 Matth.
767 3727 830 3786 H
869 3728 1026 3802 635,
1071 3728 1237 3786 euius
1284 3727 1634 3786 mutationis
1681 3726 1922 3786 omnino
1969 3726 2138 3785 nulla
2183 3744 2363 3785 eausa
2407 3729 2511 3786 est

686 3812 988 3890 Ἐμέθεν
1038 3821 1091 3875 et
1123 3813 1506 3875 Aeeten-sibus
1551 3819 1603 3875 et
1640 3814 2037 3890 Syracusanis
2083 3820 2135 3874 et
2168 3815 2425 3875 Homero
2468 3817 2751 3875 usitatum
2796 3820 2891 3875 est.
2980 3816 3133 3875 Sunt

508 3908 610 3981 qai
665 3901 935 3980 ἐμέθεν
991 3907 1333 3966 adverbium
1391 3922 1511 3964 esse
1566 3910 1857 3973 censeant,
1923 3907 2077 3979 quod
2122 3923 2191 3964 ex
2236 3899 2412 3978 ἐμεῦ
2460 3906 2655 3964 eodem
2696 3907 2865 3965 modo
2908 3908 3132 3980 factum

506 3999 584 4055 stt
636 4013 748 4069 quo
802 3991 1232 4070 οὐρανόθεν
1294 4013 1363 4054 ea:
1416 3991 1784 4069 οὐρανοῦ,
1848 3996 1954 4054 secl
2012 3994 2323 4069 falluntur.
2412 3994 2576 4053 Nam
2629 3995 2896 4054 derivata
2947 4013 3132 4070 neque

510 4087 692 4145 eidem
735 4088 1019 4146 orationis
1053 4088 1219 4159 parti
1267 4076 1462 4165 (ouius
1501 4087 1641 4144 sunt
1676 4074 2014 4165 primitiva)
2061 4085 2513 4145 adnumeranda
2557 4088 2695 4145 sunt
2738 4086 2892 4159 quod
2934 4102 3130 4145 serva-

509 4179 717 4235 verunt
769 4178 979 4245 exitus,
1043 4193 1226 4249 neque
1281 4175 1388 4233 alii
1442 4175 1750 4234 tribuenda
1808 4176 2092 4234 orationis
2124 4177 2293 4249 parti
2338 4176 2492 4248 quod
2535 4178 2908 4233 mutaverunt
2951 4178 3130 4247 finem·

511 4282 633 4324 non
678 4268 831 4324 enim
876 4284 943 4326 ex
984 4267 1194 4340 formis
1236 4265 1523 4324 iudicium
1565 4265 1755 4337 fertur
1800 4265 1872 4323 de
1916 4264 2212 4325 vocabulis
2238 4282 2352 4339 per
2386 4266 2670 4325 orationis
2693 4268 2900 4338 partes
2935 4265 3130 4324 dism-

509 4355 777 4423 buendis,
841 4356 943 4414 sed
1004 4373 1072 4414 ex
1132 4356 1376 4413 notione.
1476 4353 1724 4413 Notione
1787 4358 1981 4413 autem
2045 4358 2097 4413 et
2156 4370 2273 4414 usu
2336 4350 2626 4428 ἐμέθεν
2670 4368 2996 4428 pronomen
3051 4358 3133 4413 est

692 4534 792 4607 66,
815 4535 853 4592 3
901 4528 1079 4607 παρὰ
1123 4527 1452 4592 Αἰολεῦειν
1498 4527 1751 4611 ἔμεθεν]
1799 4532 1944 4593 Ahr
1984 4533 2146 4592 diall.
2187 4533 2218 4592 I
2251 4534 2405 4606 123,
2451 4532 2585 4592 Mei.
2616 4532 2647 4591 I
2680 4533 2834 4607 166,
2881 4528 3132 4606 ἔχειεθα

514 4621 655 4681 Ahr.
704 4622 945 4681 diall.1
987 4624 1141 4697 129,
1186 4621 1321 4680 Mei.
1368 4621 1400 4680 I
1442 4623 1585 4681 186.

691 4712 792 4786 66,
815 4713 852 4770 8
902 4708 1092 4787 μεθέν
1139 4711 1476 4771 enclitieum
1522 4714 1742 4773 iterum
1792 4715 1893 4790 76,
1917 4715 1998 4774 29
2049 4713 2319 4788 affertur3
2364 4712 2437 4771 ef.
2482 4711 2626 4772 Ahr.
2676 4712 2838 4771 diall
2885 4695 2948 4771 H
2984 4714 3129 4773 249.

691 4802 793 4876 66,
817 4804 853 4862 9
901 4797 1078 4877 παρά
1123 4816 1193 4862 τε
1235 4802 1327 4880 τῷ
1365 4804 1598 4883 ποιητῇ
1636 4799 1677 4877 ἡ
1716 4803 1930 4879 χρῆει(
1967 4800 2070 4864 καὶ
2107 4799 2339 4878 (χεδὸν
2377 4797 2670 4889 ευνεχήε]
2719 4802 3132 4881 duodeviginti

514 4890 689 4966 loeis;
733 4891 806 4950 ef.
857 4889 1049 4952 Cauer
1091 4892 1156 4951 in
1203 4888 1362 4950 Curt.
1413 4889 1580 4952 Stud.
1630 4892 1748 4951 VH
1792 4894 1934 4952 103.

692 4982 899 5057 66,13
940 4981 1011 5041 ef.
1052 4979 1183 5041 adv.
1219 4982 1365 5057 184,
1386 4982 1554 5041 32-
1569 4984 1713 5058 185,
1735 4984 1792 5041 6
1865 4982 2004 5043 Her.
2035 4983 2098 5042 H
2129 4983 2376 5057 202,11
2413 5008 2497 5030 =
2528 4982 2636 5060 Ep.
2671 4981 2845 5041 Hom.
2881 4983 3129 5056 142,22
