3738 5530
1351 402 1722 455 ADVERmA
1759 403 1833 455 m
1876 391 2019 457 Ξο-ιγ
2065 389 2235 459 m.
2972 401 3090 467 197

512 607 866 686 δηλωτικόν
911 608 1072 673 ἐςτι·
1129 607 1230 672 καὶ
1274 606 1316 671 ἃ
1368 609 1485 687 μὲν
1542 607 1703 688 ὑπὲρ
1754 608 1875 672 δύο
1922 607 2267 690 ςυλλαβάς,
2324 607 2363 672 ὃ
2409 608 2481 672 δὲ
2523 606 2934 688 διςύλλαβον·
2992 607 3096 671 καὶ

509 708 608 774 ὅτι
663 709 868 788 μόνον
925 708 1057 773 ἀπὸ
1116 710 1481 789 προθέςεως
1537 708 1987 789 ἐςχημάτιςται.
2060 707 2141 786 ἦν
2200 709 2270 773 δὲ
2327 709 2426 773 καὶ
2481 709 2557 773 τὸ
2603 709 2782 787 πέριξ
2837 706 3094 783 ἀλόγως

511 813 626 891 μὲν
683 810 1156 891 βαρυνόμενον,
1210 809 1367 890 ἔχον
1424 812 1497 876 δὲ
1540 812 1736 877 πάλιν
1794 808 2156 887 ἀπολογίαν
2199 812 2317 889 τὴν
2363 809 2729 889 ἐγκειμένην
2772 808 3092 888 πρόθεςιν.

407 928 460 968 ⁹0
519 951 588 959 -
637 913 819 979 Τινὲς
879 913 1095 993 μέντοι
1139 912 1213 976 τὸ
1269 912 1716 992 ἐντελέςτερον
1762 913 2134 980 ἐξεδέξαντο
2178 912 2256 976 τὸ
2308 912 2488 978 ἔνδοι
2543 910 2744 993 εἶναι,
2803 911 2967 990 ὅπερ
3020 911 3091 976 ἐν

509 1013 724 1094 χρήςει
778 1013 1223 1093 (Ξυρακουςίοις
1283 1015 1384 1078 καὶ
1447 1014 1774 1080 Αἰολεῦείν
1828 1014 1985 1090 ἐςτι,
2052 1013 2407 1093 γενόμενον
2477 1012 2547 1077 ἐκ
2603 1016 2920 1092 ςυγκοπῆς
2975 1015 3093 1077 τοῦ
3131 1029 3162 1076 5

507 1116 751 1197 ἐνδόθι,
807 1115 1024 1180 καθότι
1077 1117 1181 1180 καὶ
1232 1116 1569 1196 παρέκειτο
1621 1122 1715 1200 τῷ
1771 1115 1996 1195 ἀγχόθι
2049 1116 2127 1180 τὸ
2183 1114 2363 1197 ἄγχι,
2418 1121 2509 1198 τῷ
2567 1112 2765 1194 ὑψόθι
2820 1116 2895 1179 τὸ
2941 1114 3091 1194 ὕψι·

513 1216 644 1297 ἀφ’
690 1215 769 1281 οὗ
814 1216 885 1281 ἐκ
928 1217 1349 1297 μεταλήψεως
1392 1221 1511 1283 τοῦ
1552 1220 1577 1283 i
1619 1217 1707 1283 εἰς
1751 1218 1827 1283 τὸ
1873 1220 1911 1282 V
1957 1216 2151 1283 ἔνδον
2198 1215 2516 1297 ἐγεγόνει,
2578 1215 2793 1281 καθότι
2849 1217 2950 1281 καὶ
3002 1221 3094 1299 τῷ

410 1335 461 1375 2⁵
513 1316 610 1383 ἀεί
664 1319 1034 1406 παράκειται
1087 1318 1164 1381 τὸ
1218 1317 1386 1384 αἰέν.-
1455 1317 1639 1385 ἔνθεν
1705 1319 2054 1400 ἐβαρύνετο
2109 1317 2432 1402 εὐλόγως,
2491 1320 2593 1383 καὶ
2656 1319 2928 1383 τοπικὸν
2992 1316 3094 1397 ἦν.

512 1419 643 1484 Οὐκ
687 1411 909 1495 ἀγνοῶ
955 1421 1174 1499 μέντοι
1217 1440 1323 1497 γε,
1370 1420 1468 1486 ὅτι
1512 1422 1678 1487 τινὲς
1723 1421 1798 1485 τὸ

765 1520 944 1587 ἔνδοι
987 1521 1375 1601 πειράζουςα
3132 1536 3198 1586 10

509 1624 932 1703 περιέςπαςαν
989 1629 1080 1705 τῷ
1140 1623 1317 1706 λόγῳ
1372 1628 1504 1690 τῶν
1562 1623 1651 1689 εἰς
1705 1625 1775 1687 ὃῖ
1830 1625 2166 1704 ληγόντων
2222 1623 2693 1704 ἐπιρρημάτων,
2752 1622 2947 1705 ὅπερ,
3004 1620 3095 1685 ὡς

406 1742 460 1782 ω
509 1723 909 1804 προείρηται,
958 1724 1274 1803 ἐχόμενον
1317 1729 1435 1789 τοῦ
1479 1725 1728 1790 πάθους
1771 1726 2131 1802 ἀναγκαίως
2177 1725 2532 1808 βαρύνεται.
2599 1729 2752 1808 τῇδε
2793 1725 2919 1802 γὰρ
2965 1722 3095 1803 ἔχει

512 1827 612 1890 καὶ
653 1827 730 1890 τὸ
775 1824 1088 1906 ἐπίρρημα
1132 1826 1293 1905 παρ’
1335 1825 1623 1893 Αἰολεῦςι
1664 1827 1740 1891 τὸ
1785 1829 2037 1910 μέςοι,

762 1927 944 2003 γαίας
986 1928 1088 1992 καὶ
1131 1927 1479 2008 νιφόεντος
1523 1928 1760 2010 ὠράνω
1805 1930 1981 2008 μέςοι
2030 1927 2282 2011 (Alcaei
2326 1925 2405 1991 fr.
2457 1926 2533 1991 17
2583 1925 2798 2011 Bergk
2813 1925 2899 2010 ³)·

507 2033 660 2111 τῇδε
705 2028 834 2108 ἔχει
880 2031 981 2094 καὶ
1024 2029 1155 2094 ἀπὸ
1201 2033 1318 2094 τοῦ
1362 2030 1580 2110 τηλόθι
1624 2032 1699 2096 τὸ
1742 2032 1983 2110 τήλοι.
3134 2043 3197 2092 15

342 2097 469 2194 ‘611
675 2131 807 2195 Ἐτι
871 2131 952 2196 τὰ
1018 2132 1405 2211 προκείμενα
1459 2139 1604 2197 τῶν·
1660 2132 1749 2198 εἰς
1811 2138 1931 2197 δον
2000 2130 2367 2210 ληγόντων,
2434 2129 2566 2195 ἀπὸ
2629 2129 2952 2209 ὀνόματος
3010 2128 3098 2195 εἰς

505 2232 901 2313 ἐπιρρήματα
965 2233 1368 2312 παρηγμένα,
1442 2234 1481 2312 ἢ
1559 2239 1650 2316 τῷ
1719 2237 1758 2311 ἦ
1827 2234 2284 2313 παρεδρεύεται
2348 2233 2388 2312 ἢ
2454 2240 2547 2316 τῷ
2610 2235 2685 2314 ἃ,
2761 2230 3095 2311 ςκηνηδόν,

508 2334 862 2416 ἀγεληδόν,
927 2335 1286 2417 ταυρηδὸν,
1349 2335 1799 2418 πανθυμαδόν,
1861 2336 2270 2417 κατωμαδόν,
2337 2334 2706 2414 <ςπανιάκις
2772 2332 2904 2397 ἀπὸ
2964 2338 3097 2397 τῶν

507 2434 591 2499 εἰς
641 2423 690 2501 ξ’
742 2436 1102 2515 ληγόντων,
1163 2435 1252 2499 ὡς
1307 2437 1385 2501 τὸ
1429 2438 1844 2515 κλιμακηδόν,
1910 2435 2334 2517 δονακηδόν).
2382 2471 2463 2480 -
2522 2434 2888 2515 ἐςημειοῦτο
2933 2434 3098 2511 πρὸς
3268 2493 3283 2500 -

425 2558 454 2598 5
504 2536 863 2617 Τρύφωνος
895 2534 985 2622 (p.
1015 2536 1102 2599 53
1137 2534 1404 2622 Velsen)
1426 2538 1500 2602 τὸ
1534 2538 1869 2616 βοτρυδόν,
1894 2537 2058 2616 ὅπερ
2088 2538 2192 2601 διὰ
2222 2537 2339 2615 τὴν
2370 2536 2816 2616 φυλάςςουςαν
2841 2537 3097 2615 γενικὴν
3133 2549 3201 2601 20

504 2640 580 2703 τὸ
627 2641 665 2702 ῡ
710 2637 985 2703 ἐδύνατο
1035 2637 1175 2722 [ἂν]
1220 2638 1389 2717 ἔχειν
1434 2639 1819 2716 ἀπολογίαν.
1857 2676 1932 2685 -
1982 2639 2414 2718 ςχηματίζεται
2458 2638 2561 2701 καὶ
2605 2636 2737 2732 ἀπὸ
2782 2629 3097 2718 μετοχῶν,

507 2738 597 2806 ὡς
639 2739 717 2805 τὸ
762 2739 1189 2819 ἐθελοντηδόν
1233 2740 1333 2806 καὶ
1378 2740 1747 2823 ἑκοντηδόν.
1792 2740 2147 2825 [ςπανιάκις
2177 2739 2307 2806 ἀπὸ
2352 2743 2483 2805 τῶν
2525 2737 2615 2804 εἰς
2656 2745 2688 2806 ξ
2740 2739 3098 2819 ληγόντων,

509 2840 598 2907 ὡς
627 2841 706 2905 τὰ
742 2843 1144 2921 κλιμακηδόν,
1177 2843 1590 2927 δονακηδόν.]
1620 2879 1705 2890 -
1747 2844 1849 2908 καὶ
1894 2842 1985 2908 ἔτι
2030 2842 2161 2908 ἀπὸ
2208 2841 2686 2922 ἐπιρρημάτων·
2731 2843 2852 2906 τοῦ
2893 2840 3099 2924 λάθρᾳ

403 2966 455 3004 ιο
505 2944 581 3008 τὸ
640 2942 993 3027 λαθρηδόν,
1048 2945 1242 3023 χωρὶς
1301 2944 1356 3010 εἰ
1411 2947 1492 3025 μὴ
1539 2945 1805 3025 ὀνόματι
1861 2951 1954 3029 τῷ
2010 2945 2313 3024 λαθραῑος
2356 2942 2754 3022 παράκειται,
2800 2940 2977 3023 ,ὥςτε
3020 2943 3098 3006 τὸ

510 3046 766 3111 ἐντελὲς
810 3043 976 3111 εἶναι
1019 3047 1429 3131 λαθραιηδόν,
1474 3047 1575 3111 καὶ
1617 3046 1689 3113 ἐν
1736 3052 2022 3131 ςυγκοπῇ
2066 3044 2411 3126 λαθρηδόν.
2443 3080 2522 3091 --
2570 3045 2670 3109 καὶ
2714 3045 2889 3125 παρὰ
2934 3043 3101 3124 ῥῆμα
3134 3058 3203 3109 25

512 3148 978 3231 ςχηματίζεται,
1033 3146 1102 3211 ἐκ
1145 3148 1260 3226 μὲν
1307 3147 1667 3228 βαρυτόνου
1711 3151 1827 3213 τοῦ
1876 3147 2091 3227 βρύχω
2133 3148 2209 3212 τὸ
2258 3146 2607 3228 βρυχηδόν·
2670 3147 2773 3211 καὶ
2813 3144 2961 3212 ’ίςως
3006 3152 3098 3230 τῷ

508 3253 736 3329 κρυφῶ
782 3250 1243 3334 περιςπωμένψ
1287 3250 1660 3330 παράκειται
1696 3250 1771 3314 τὸ
1804 3249 2157 3330 κρυφηδόν.
2216 3255 2307 3332 τῷ
2339 3248 2597 3314 πελάζω
2632 3248 2733 3312 καὶ
2763 3247 3099 3328 ἐμπελάῑω

402 3368 455 3409 15
509 3351 880 3428 παράκειται
923 3350 999 3415 τὸ
1044 3350 1438 3430 ἐμπελαδόν,
1485 3358 1577 3435 τῷ
1623 3351 1825 3430 ςχέθω
1872 3348 2136 3433 ςχεδόν,
2179 3356 2272 3435 τῷ
2317 3350 2512 3429 κρίνω
2556 3349 2777 3430 κριδόν
2825 3349 2928 3414 καὶ
2966 3353 3100 3413 δια-

509 3451 759 3533 κριδόν,
816 3451 1032 3531 φαίνω
1090 3452 1347 3532 φανδόν
1391 3453 1494 3517 καὶ
1537 3451 1954 3533 ἀναφανδόν,
2015 3452 2218 3531 χαίνω
2273 3452 2534 3531 χανδόν.
2605 3451 2777 3532 μένει
2825 3453 2896 3516 δὲ
2940 3451 3016 3515 τὸ
3061 3453 3099 3514 ν

512 3552 617 3618 ἐπὶ
659 3556 779 3617 τοῦ
824 3553 1069 3631 χανδόν
1115 3555 1220 3618 καὶ
1262 3552 1665 3636 ἀναφανδόν,
1710 3555 1869 3618 καθὸ
1915 3554 2018 3618 καὶ
2061 3554 2131 3618 ἐν
2176 3553 2619 3637 παρακειμένῳ
2663 3559 2754 3637 τῷ
2801 3552 3101 3630 πέφαγκα
3136 3567 3204 3616 30

512 3654 613 3718 καὶ
655 3654 962 3737 κέχαγκα,
1019 3655 1099 3720 οὐ
1154 3657 1277 3735 μὴν
1337 3655 1409 3720 ἐν
1452 3660 1543 3736 τῷ
1588 3656 1840 3734 κέκρικα
1893 3656 1932 3734 ἢ
1977 3654 2262 3737 κέκλικα,
2320 3651 2444 3734 ἀφ’
2490 3653 2570 3719 οὗ
2614 3654 2691 3718 τὸ
2735 3653 2954 3732 κριδόν
2998 3653 3103 3717 καὶ

406 3779 462 3819 20
519 3756 875 3836 διακριδόν,
941 3756 1137 3822 κλίνω
1192 3756 1411 3822 κλιδόν
1466 3756 1567 3821 καὶ
1630 3756 2046 3836 παρακλιδόν.
2135 3757 2237 3821 καὶ
2297 3755 2593 3837 φαίνεται
2657 3756 2758 3821 ὅτι
2822 3760 2915 3838 τῷ
2982 3754 3098 3833 μὲν

644 3957 860 4010 Anava.
938 3962 970 4009 4
1014 3954 1176 4025 Sunt,
1221 3956 1321 4026 qui
1357 3958 1506 4012 ἔνδοι
1543 3957 1897 4026 primitivum
1932 3958 2163 4027 putent,
2209 3972 2278 4011 ex
2314 3972 2426 4025 quo
2463 3958 2629 4012 ἔνδον
2666 3956 2851 4010 ortum
2887 3953 2988 4020 eit,
3037 3955 3103 4009 ut

509 4039 632 4095 inre
668 4040 727 4094 et
759 4039 938 4094 locale
976 4042 1035 4094 et
1067 4042 1460 4110 paroxytonon
1497 4043 1674 4112 possit
1708 4057 1844 4098 esse.
1895 4071 1952 4081 —
2005 4046 2066 4095 16
2113 4045 2176 4095 In
2221 4041 2576 4111 paenultima
2609 4038 3006 4094 adverbiorum
3042 4039 3102 4091 in

511 4127 610 4178 δᾶν
664 4140 698 4177 a
748 4123 1071 4178 nominibus
1125 4125 1505 4181 derivatorum
1559 4128 1645 4181 est
1695 4128 1796 4181 aut
1838 4132 1875 4194 ἦ
1921 4127 2022 4180 aut
2063 4132 2123 4190 ἃς
2175 4125 2427 4181 notabile
2472 4125 2647 4195 igitur
2691 4125 2984 4191 βοτρυδόν.
3033 4154 3101 4163 -

511 4215 594 4263 22.
627 4208 781 4262 Haeo
816 4208 1089 4264 adverbia
1123 4209 1294 4264 etiam
1330 4226 1366 4264 a
1398 4209 1736 4281 participii8‚
1776 4212 1847 4266 ab
1885 4210 2185 4277 adverbiis,
2223 4242 2284 4250 —
2321 4216 2387 4265 25
2423 4227 2459 4264 a
2493 4210 2678 4265 verbis
2714 4207 3057 4266 derivantur.

645 4378 828 4438 Dmcn.
877 4397 1088 4438 scam.
1160 4386 1208 4439 3.
1257 4381 1586 4449 ἐγκειμένην
1619 4380 1657 4435 b
1702 4380 1761 4434 in
1807 4395 1925 4439 var.
1964 4381 2119 4447 lect„
2166 4381 2493 4447 ἐκκειμένην
2528 4382 2572 4435 Α
2619 4381 2680 4435 et
2723 4381 2757 4434 b
2793 4381 2853 4434 in
2888 4382 3049 4435 textu
3088 4381 3098 4454 Ι

511 4470 561 4520 6.
597 4469 681 4531 τῷ
720 4464 916 4531 ἀγχόθι
952 4464 1006 4529 b,
1043 4480 1113 4518 το
1150 4471 1343 4532 αγχοθι
1381 4467 1423 4519 Α
1456 4468 1465 4533 Ι
1496 4471 1542 4523 8.
1586 4466 1655 4520 ὄν
1690 4481 1794 4535 pro
1829 4466 1905 4533 ἦν
1941 4464 2144 4519 conicit
2176 4462 2493 4519 HLAhrens
2523 4469 2530 4528 Ι
2566 4471 2642 4525 10,
2679 4467 2963 4533 Πραξινόα
2996 4484 3101 4536 pro

512 4550 870 4615 πειράζουςα,
917 4550 983 4603 ut
1016 4548 1091 4603 sit
1123 4548 1358 4626 ΤΙιοοοτ.
1395 4548 1513 4614 XV,
1556 4556 1601 4619 1,
1640 4550 1848 4605 conicit
1883 4549 2199 4604 HLAhrens
2252 4554 2260 4617 Ι
2320 4556 2393 4604 15.
2434 4552 2598 4616 τήλοι
2635 4548 3101 4617 GFSchoemann,

511 4635 672 4700 τηλοῑ
707 4631 771 4698 b,
828 4637 1001 4702 πηλοι
1038 4637 1081 4690 Α
1147 4638 1155 4703 Ι
1223 4640 1453 4691 18-19,
1504 4633 1659 4689 Haec
1705 4651 1773 4689 ex
1808 4634 1845 4689 1.
1885 4640 2104 4689 22—23
2151 4633 2261 4688 hue
2303 4633 2649 4703 transposuit
2690 4633 3049 4689 RSchneider
3089 4638 3097 4704 1

517 4719 991 4774 20-21.ἐδύνατο
1014 4720 1162 4787 ἔχειν
1179 4720 1494 4785 ἀπολογίαν
1503 4717 1880 4785 RSchneider,
1900 4720 2127 4774 δύναιτο
2146 4721 2215 4773 ἂν
2233 4721 2382 4788 ἔχειν
2398 4718 2711 4784 ἀπολογίαν
2723 4716 3102 4786 RSkrzeozka,

514 4803 796 4859 ἀδύνατον
833 4804 906 4871 ἦν
942 4805 1090 4870 ἔχειν
1124 4794 1432 4870 ἀνάλογίαν
1468 4802 1717 4871 KLehrs,
1756 4805 1994 4858 ἐδύνατο
2029 4805 2101 4859 ἂν
2136 4805 2285 4871 ἔχειν
2320 4801 2627 4868 ἀναλογίαν
2666 4802 2758 4857 Ab
2789 4808 2799 4869 Ι
2829 4809 2914 4861 27.
2952 4821 3104 4872 περι-

517 4904 826 4956 ςπωμενως
867 4890 910 4943 Α
944 4896 954 4950 Ι
984 4895 1064 4945 28.
1105 4890 1285 4956 ςχέθω
1324 4890 1383 4953 b,
1420 4893 1619 4956 ςχεθον
1655 4890 1699 4944 Α
1731 4895 1740 4955 Ι
1772 4895 1852 4946 32.
1895 4892 1984 4944 καὶ
2020 4888 2302 4957 φαίνεται]
2342 4888 2438 4942 fol.
2477 4892 2573 4942 178
2597 4904 2648 4946 v,
2678 4891 2688 4957 Ι
2727 4894 2812 4959 τῷ
2848 4888 2914 4959 b,
2950 4906 3019 4945 το
3055 4890 3099 4944 Α
