3738 5530
7 3366 24 3683 ⁴—q—-ff
11 3092 24 3307 —j-⁴m⁴⁴
13 3006 14 3059 ΗΑ
13 2940 14 2943 Α

543 1316 591 1355 10

539 2637 591 2677 25

541 3047 592 3087 30

513 3353 612 3401 522

1648 379 1748 429 DE
1786 378 2247 433 Exan'rlvis.
3105 378 3231 445 253

643 584 772 664 (καὶ
816 583 1107 649 ἐκκείςθω
1152 583 1508 662 ὑπόδειγμα
1552 582 1627 646 τὸ
1674 581 1774 645 ἐπὶ
1818 586 1936 646 τοῦ
1982 584 2054 662 ν,
2115 581 2154 645 ὃ
2213 581 2471 662 μάλιςτα
2515 582 2902 661 πάμπολλόν
2948 583 3113 648 ἐςτιν
3159 585 3229 649 ἐν

642 692 733 767 τῷ
777 689 1193 768 πλεοναςμῷ,
1251 683 1437 748 ἕνεκα
1482 683 1808 763 εὐφωνίας
1851 684 2518 764 παραλαμβανόμενον
2562 684 2669 748 ἐπὶ
2710 687 2954 751 παντὸς
3000 690 3229 765 βραχυ-

642 787 1037 864 καταλήκτου
1083 786 1393 874 ῥήματος,
1441 785 1754 866 ἔλεγεν,
1805 786 2125 864 ἔλαβεν,
2171 786 2273 849 καὶ
2316 786 2420 850 ἐπὶ
2464 789 2736 851 δοτικῶν
2783 787 2999 870 <τῶν>
3044 785 3131 853 εἰς
3176 792 3230 851 ξι

644 892 1013 971 ληγουςῶν,
1057 888 1353 965 παιςίν,
1402 887 1874 970 χρή<μα>ςιν·
1925 886 2005 951 οὐ
2052 888 2173 966 μὴν
2220 888 2289 951 ἐν
2335 893 2426 971 τῷ
2471 888 2640 964 λέγει
2671 889 2771 952 καὶ
2817 890 3043 967 λέγειν.
3110 893 3229 954 νῦν

645 991 767 1069 γὰρ
813 990 885 1054 ἐν
934 994 1136 1072 λεκτῷ
1181 991 1470 1071 προςῄει·
1531 990 1600 1053 ἐκ
1642 992 1766 1067 γὰρ
1811 988 2129 1067 ὁριςτικοῦ
2176 988 2644 1070 ἀπαρέμφατον
2689 988 3069 1073 ἀκούομεν)·
3114 992 3231 1055 τὸν

643 1092 842 1157 αὐτὸν
909 1094 987 1170 δὴ
1052 1091 1300 1170 τρόπον
1367 1091 1613 1169 ἐδείχθη
1680 1091 1779 1155 καὶ
1843 1091 1923 1154 τ’ὀι
1989 1090 2377 1170 προκείμενα
2443 1092 2631 1171 μόρια
2696 1091 2804 1156 ὁτὲ
2870 1095 2984 1169 μὲν
3047 1093 3233 1157 ἕνεκα

643 1194 1045 1274 δηλουμένου
1089 1193 1741 1272 παραλαμβανόμενα,
1801 1192 1967 1270 ἅπερ
2010 1191 2089 1270 ἦν
2135 1194 2236 1256 καὶ
2282 1193 2718 1274 ςπανιώτατα,
2776 1192 2885 1258 ὁτὲ
2929 1195 3000 1257 δὲ
3045 1194 3232 1259 ἕνεκα

643 1294 1005 1375 εὐφωνίας,
1071 1294 1234 1374 ὅπερ
1299 1295 1505 1359 πλέον
1568 1295 1967 1373 καθειςτήκει.
2065 1295 2191 1370 καὶ,
2253 1294 2341 1359 ὡς
2397 1294 2672 1374 ἔφαμεν,
2743 1295 2930 1359 ἕνεκα
2994 1295 3233 1361 τούτου

646 1397 1070 1476 ἐπεκράτηςεν
1116 1397 1153 1475 ἡ
1201 1395 1526 1477 ὀνομαςία.

810 1499 1169 1578 Προςθείην
1214 1498 1285 1563 δ’
1329 1497 1409 1562 ἂν
1454 1498 1555 1561 καὶ
1596 1501 1813 1576 τοῦτο,
1860 1497 1950 1561 ὡς
1997 1497 2153 1563 οὐδὲ
2184 1496 2314 1562 ἀπὸ
2346 1504 2461 1563 τοῦ
2507 1499 2909 1577 δηλουμένου
2952 1499 3232 1562 δυνατὸν

641 1601 721 1680 ἧν
750 1602 867 1679 τὴν
897 1601 1246 1680 ὀνομαςίαν
1285 1599 1518 1663 θέςθαι.
1580 1598 1640 1663 οἱ
1685 1601 1798 1676 μὲν
1843 1601 1967 1678 γὰρ
2012 1598 2199 1665 ἄλλοι
2245 1606 2374 1665 τῶν
2422 1600 2784 1680 ςυνδέςμων
2830 1600 2902 1664 ἐν
2948 1597 3230 1665 πλείοςιν

642 1702 828 1767 ὄντες
873 1706 1128 1783 φωναῖς
1172 1703 1246 1767 ἓν
1291 1701 1798 1778 ἐπηγγέλλοντο,
1855 1703 1931 1767 τὸ
1978 1701 2351 1778 ςυμπλέκειν
2396 1702 2456 1766 οἱ
2505 1701 2971 1784 ςυμπλεκτικοί,
3027 1703 3101 1765 τὸ
3160 1703 3231 1765 δὲ

566 1824 591 1863 5
643 1804 1079 1880 διαζευγνύειν
1125 1802 1185 1868 οἱ
1231 1803 1672 1885 διαζευκτικοί,
1730 1805 1805 1867 τὸ
1851 1804 1923 1867 δὲ
1968 1807 2304 1883 διαπορεῖν
2350 1803 2414 1868 οἱ
2458 1804 2923 1883 διαπορητικοί,
2984 1803 3082 1867 καὶ
3129 1803 3232 1867 ἐπὶ

640 1911 771 1971 τῶν
818 1905 1200 1971 ὑπολοίπων
1245 1906 1320 1970 τὸ
1367 1905 1541 1969 αὐτό.
1603 1903 1666 1969 οἱ
1711 1905 1927 1983 μέντοι
1972 1907 2629 1985 παραπληρωματικοὶ
2659 1905 2781 1984 οὐχ
2816 1907 2888 1970 ἓν
2923 1904 3229 1983 ἐπηγγέλ-

640 2009 839 2072 λοντο
883 2009 1045 2072 κατὰ
1087 2009 1162 2073 τὸ
1209 2008 1641 2086 δηλούμενον,
1690 2005 1821 2082 εἴγε
1867 2005 1905 2069 ὁ
1950 2009 2063 2084 μὲν
2111 2008 2187 2086 δή
2234 2008 2640 2088 περιγραφήν
2685 2027 2826 2072 τινα
2870 1995 3140 2088 ἐδήλου,
3194 2005 3230 2070 ὸ

643 2112 712 2174 δὲ
756 2110 880 2188 πέρ
925 2110 1336 2188 ἐναντιότητα
1378 2128 1521 2173 τινα
1576 2107 1715 2186 μετ’
1758 2106 2107 2191 αὐξήςεως,
2166 2110 2266 2173 καὶ
2311 2110 2401 2174 ἔτι
2447 2109 2485 2173 ὁ
2543 2110 2617 2185 γέ
2674 2110 2971 2187 μειότητα
3015 2108 3053 2185 ἢ
3102 2107 3230 2171 ἐπί-

641 2231 816 2275 ταςιν
861 2216 1248 2291 θαυμαςμοῦ.
1310 2212 1411 2276 καὶ
1455 2209 1510 2274 εἰ
1555 2210 1863 2290 διάφοροι
1893 2212 2051 2275 κατὰ
2081 2211 2157 2275 τὸ
2200 2210 2623 2293 δηλούμενον,
2668 2213 2811 2275 πῶς
2841 2210 2919 2289 ἦν
2953 2211 3230 2274 δυνατὸν

641 2314 788 2391 μίαν
835 2313 1185 2393 ὀνομαςίαν
1231 2313 1362 2377 ἀπὸ
1391 2315 1527 2390 ,τοῦ
1568 2311 1972 2389 δηλουμένου
2024 2312 2312 2392 χωρίςαι;
2381 2311 2532 2376 οὔτε
2586 2313 2710 2391 γὰρ
2764 2311 3232 2393 περιγραφικοί,

643 2416 781 2479 ἐπεὶ
840 2415 919 2480 οὐ
976 2416 1241 2492 πάντες,
1305 2414 1451 2478 οὔτε
1509 2412 2059 2494 ἐναντιωματικοί,
2119 2412 2209 2477 ὡς
2265 2414 2605 2492 πρόκειται.
2682 2413 2876 2488 ὑγιῶς
2932 2412 3058 2491 ἄρα
3102 2411 3233 2477 ἀπὸ

640 2522 758 2582 τοῦ
824 2517 1345 2607 πεπλεονακότος
1401 2515 1716 2593 ςχήματος
1780 2514 2204 2596 ἑπ<ι>κοίνως
2268 2517 2424 2580 κατὰ
2484 2515 2753 2579 πάντων
2818 2515 2856 2591 ἡ
2926 2513 3233 2590 ὀνομαςία

643 2619 843 2698 ἐτέθη.
899 2656 984 2668 -—
1046 2619 1156 2683 Καί
1211 2638 1314 2696 μοι
1374 2619 1552 2681 δοκεῖ
1606 2616 2053 2695 παραπλήςιόν
2110 2638 2166 2680 τι
2223 2614 2642 2695 ἀναδεδέχθαι
2707 2621 2797 2699 τῷ
2854 2617 3232 2699 καλουμένῳ

641 2720 1015 2804 παρωνύμῳ
1062 2719 1347 2805 ὀνόματι.
1408 2718 1487 2784 τὰ
1532 2719 1647 2797 μὲν
1692 2718 1814 2798 γὰρ
1860 2717 2028 2782 ἄλλα
2073 2717 2252 2795 ίδικά,
2302 2718 2538 2798 ἔχοντα
2583 2721 2655 2785 ἓν
2700 2720 2774 2783 τὸ
2812 2718 3232 2799 δηλούμενον,

643 2823 834 2903 ἔλαβε
879 2825 998 2902 τὴν
1044 2823 1213 2888 θέςιν
1258 2826 1374 2887 τοῦ
1434 2819 1755 2899 ὀνόματος
1809 2819 1941 2886 ἀπὸ
1986 2826 2102 2885 τοῦ
2160 2822 2598 2903 δηλουμένου,
2656 2821 2735 2885 τὰ
2778 2821 3235 2899 πατρωνυμικὰ

643 2925 775 2989 ἀπὸ
819 2930 935 2989 τοῦ
980 2927 1094 2990 τὸν
1142 2923 1387 3002 πατέρα
1429 2925 1693 3000 δηλοῦν,
1738 2923 1817 2986 τὰ
1861 2923 2116 3001 κτητικὰ
2159 2923 2238 2987 τὰ
2283 2921 2409 2988 ὑπὸ
2440 2925 2554 3002 τὴν
2587 2927 2797 3001 κτῆςιν
2830 2923 3234 3004 πεπτωκότα,

643 3029 745 3092 καὶ
789 3026 879 3091 ἔτι
922 3027 1000 3090 τὰ
1047 3018 1416 3105 ςυγιφιτικᾶΙ
1446 3024 1544 3088 καὶ
1588 3025 1667 3087 τὰ
1726 3022 2071 3088 ὑπόλοιπα.
2146 3024 2246 3089 καὶ
2302 3024 2438 3088 ἐπεὶ
2490 3026 2570 3090 τὰ
2612 3024 2977 3104 καλούμενα
3021 3025 3233 3103 παρώ·

644 3149 811 3209 νυμα
857 3128 928 3193 έν
972 3129 1287 3192 πλείςτοις
1335 3125 1816 3205 ςημαινομένοις
1861 3125 2257 3207 κατεγίνετο,
2312 3126 2504 3193 πάλιν
2551 3126 2638 3192 εἰς
2696 3126 2839 3204 μίαν
2887 3126 3234 3205 ὀνομαςίαν

643 3230 1016 3309 μετετίθετο,
1053 3229 1223 3304 λέγω
1253 3230 1370 3307 τὴν
1401 3230 1634 3291 κοινῶς
1664 3229 1851 3291 πᾶςιν
1875 3225 2417 3312 ἀκολουθήςαςαν,
2449 3230 2606 3294 καθὸ
2628 3229 2839 3293 πάντα
2863 3228 3236 3307 παρηγμένα

647 3330 745 3410 ἦν.
819 3331 1005 3396 ἔνθεν
1050 3330 1180 3395 ἀπὸ
1226 3334 1337 3408 τῆς
1383 3332 1612 3410 φωνῆς
1657 3330 1694 3408 ἡ
1742 3329 1906 3394 θέςις
1949 3334 2065 3394 τοῦ
2112 3329 2453 3409 ὀνόματος.
2525 3331 2637 3394 Καὶ
2679 3334 2955 3395 τοςαὺτα
2999 3331 3114 3409 μὲν
3158 3331 3238 3394 τὰ

643 3434 790 3514 περὶ
835 3434 1088 3500 ἐννοίας
1132 3436 1243 3511 τῆς
1288 3437 1418 3497 τῶν
1465 3434 2167 3511 παραπληρωματικῶν.

782 3619 996 3672 Anava.
1050 3625 1109 3673 10
1134 3616 1278 3671 Fieri
1308 3617 1533 3670 omnino
1559 3633 1670 3670 non
1694 3616 1906 3686 potuit,
1931 3618 1996 3670 ut
2018 3633 2053 3670 a
2075 3616 2301 3671 notione
2327 3632 2531 3670 nomen
2557 3617 2877 3687 acciperent
2900 3617 3235 3687 expletivae.

644 3702 847 3757 Cetera
883 3703 1032 3756 enim
1069 3701 1524 3756 coniunctionum
1560 3718 1773 3769 genera
1808 3702 2020 3755 certam
2058 3702 2338 3770 quandam
2378 3704 2490 3755 vim
2528 3702 2765 3769 habent,
2804 3703 3123 3772 expletivae
3150 3702 3235 3754 di-

644 3804 829 3842 versas
873 3787 1146 3841 notiones.
1198 3816 1263 3825 —
1311 3792 1372 3838 21
1425 3786 1623 3853 Itaque
1671 3784 1968 3854 expletivis
2012 3785 2164 3840 idem
2209 3786 2416 3841 accidit
2461 3787 2611 3855 quod
2656 3787 3007 3857 paronymis,
3056 3790 3121 3839 ut
3164 3787 3236 3840 ab

644 3888 713 3926 ea
746 3890 833 3939 re,
883 3888 1027 3940 quae
1065 3869 1320 3925 omnibus
1357 3870 1666 3924 communis
1705 3871 1814 3935 est,
1863 3885 2069 3923 nomen
2106 3870 2392 3924 ducerent.

779 4024 995 4078 Tem-nt.
1059 4029 1121 4077 17
1158 4021 1340 4081 Schol.
1377 4022 1538 4079 Dion.
1565 4021 1696 4076 Thr.
1720 4020 1816 4074 BA
1853 4028 1979 4087 971,
2018 4028 2043 4076 1
2085 4021 2145 4077 οἷ
2177 4026 2766 4095 παραπληρωματικοὶ
2802 4026 2900 4080 καὶ
2938 4021 3103 4079 αὐτοὶ
3144 4043 3238 4094 ση-

644 4111 923 4179 μαίνουσί
955 4129 1039 4175 τι,
1089 4102 1363 4176 καθάπερ
1399 4108 1499 4162 καὶ
1536 4104 1595 4161 οἱ
1628 4099 1792 4160 ἄλλοι
1830 4102 2160 4176 σύνδεσμοι.
2230 4101 2356 4162 ἀλλ’
2395 4103 2524 4164 ἐπεὶ
2559 4114 2793 4178 ποικίλη
2833 4107 3025 4164 αὐτῶν
3064 4103 3098 4179 ἡ
3139 4128 3233 4178 ση-

643 4196 852 4263 μασία,
890 4188 1005 4249 ἀπὸ
1045 4194 1147 4247 τοῦ
1186 4188 1484 4255 ἔπικοίνως
1523 4188 2038 4260 ἔπισυμβαίνοντος
2074 4194 2656 4263 παραπληρωματικοὶ
2697 4196 2972 4264 εἴρηνται.

779 4363 967 4417 Discn.
1006 4381 1200 4415 semp-r.
1275 4368 1323 4416 3.
1365 4362 1566 4432 (τῶν)
1602 4362 1665 4427 b,
1704 4376 1811 4414 om.
1850 4362 1893 4415 Α
1960 4364 1969 4429 Ι
2033 4368 2080 4417 H
2118 4364 2190 4431 Α,
2224 4365 2247 4417 ῑ
2280 4363 2317 4415 b
2371 4365 2379 4428 Ι
2432 4369 2479 4420 4.
2516 4364 2575 4417 in
2612 4382 2722 4432 μην
2758 4366 2844 4420 est
2880 4382 2917 4432 μ
2950 4365 3145 4418 littera
3178 4363 3237 4417 in

643 4464 838 4502 rasura.
872 4447 945 4501 ab
983 4449 1061 4502 Ax
1097 4446 1307 4515 scripta
1369 4448 1379 4514 Ι
1447 4453 1523 4504 15.
1560 4446 1917 4513 περιγραφήν
1954 4447 2013 4511 b,
2050 4464 2430 4516 παραγραφην
2468 4452 2510 4503 Α
2575 4452 2586 4510 Ι
2654 4456 2731 4506 17.
2768 4453 3041 4515 δυνατον,
3078 4448 3236 4502 cuius

641 4532 867 4586 litterae
904 4534 1081 4586 δυνατ
1116 4546 1229 4584 non
1265 4530 1379 4584 iam
1415 4529 1568 4584 cerni
1603 4532 1863 4598 possunt,
1900 4528 2085 4599 prima
2119 4546 2227 4584 vox
2254 4533 2420 4586 estin
2444 4533 2538 4587 fol.
2571 4539 2666 4587 112
2690 4552 2733 4587 r.
2767 4537 2777 4601 Ι
2809 4540 2890 4588 18.
2916 4552 2984 4589 ου
3009 4533 3236 4587 litterae

643 4616 794 4671 vocis
831 4632 964 4671 ουτε
1001 4632 1160 4670 evan.
1199 4632 1348 4669 nunc
1382 4615 1441 4668 in
1480 4615 1522 4668 Α
1593 4617 1601 4683 Ι
1667 4618 2063 4682 περιγραφικοὶ
2098 4616 2165 4683 b,
2205 4634 2621 4685 παραγραφικοι
2660 4621 2702 4674 Α
2757 4621 2766 4687 Ι
2819 4626 2901 4673 20.
2937 4618 3238 4673 ἑπικοίνως

642 4699 867 4769 scripsit
911 4698 1295 4765 RSchneider,
1340 4699 1493 4752 nisus
1541 4699 1711 4755 schol.
1759 4699 1923 4755 Dion.
1971 4699 2133 4767 Thr.,
2182 4719 2253 4755 επ
2289 4748 2301 4761 .
2341 4719 2547 4757 κοινως
2583 4706 2654 4769 Α,
2703 4751 2713 4761 .
2752 4750 2763 4762 .
2802 4746 2815 4758 .
2854 4709 3059 4759 κοινῶς
3096 4704 3132 4756 b
3178 4703 3237 4757 in

642 4786 822 4851 textu,
859 4786 1071 4853 <πᾶςι>
1107 4784 1384 4839 κοινῶςδ
1420 4781 1478 4836 in
1515 4799 1630 4837 var.
1665 4784 1792 4839 lect.
1823 4787 1832 4854 Ι
1864 4791 1947 4842 22.
1986 4787 2127 4840 ιδικα
2163 4789 2240 4855 Α,
2276 4788 2451 4843 εἰδικὰ
2486 4788 2523 4841 b
2553 4794 2562 4855 Ι
2594 4795 2673 4846 23.
2699 4806 2814 4844 απο
2838 4791 2908 4843 Αι
2932 4788 2991 4842 in
3016 4804 3192 4859 marg.
3222 4791 3229 4857 Ι

643 4874 726 4928 24,
766 4870 983 4936 πατέρα
1017 4869 1077 4922 in
1113 4871 1156 4923 Α
1196 4884 1297 4937 per
1332 4868 1725 4938 compendium
1763 4875 1877 4935 τ’ῑῖῑᾶ
1915 4871 2185 4939 scriptum

3275 1516 3335 1564 10

3272 2024 3333 2070 15

3270 2530 3336 2578 20

3272 3043 3337 3089 25
