3738 5530
661 323 795 393 250
868 324 1310 383 Commentarius
1338 325 1565 383 criticus
1593 327 1652 382 et
1678 326 2001 398 exegeticus
2029 325 2089 382 in
2116 325 2406 397 Apollonii
2432 325 2664 397 Dyscoli
2691 326 2902 397 scripta
2928 326 3163 383 minora.

659 500 970 575 praeterea
1023 517 1092 558 ex
1145 497 1453 576 Apollonii
1506 500 1951 573 ceterorumque
2013 499 2309 557 sententia
2361 517 2481 558 non
2534 489 2679 569 563,
2740 496 2844 557 sed
2904 490 2986 557 δᾶ
3045 495 3281 574 syllaba

657 587 1020 666 paragogica
1064 590 1156 648 est
1199 589 1438 648 nativae
1482 588 1708 648 formae
1756 583 1947 667 λέγῃς
1994 587 2234 662 suffixa3
2279 588 2352 647 cf.
2392 584 2674 648 Choerob.
2721 585 2785 645 11
2831 587 2980 661 340,
3001 587 3083 646 37
3113 586 3276 665 Hilg.

660 703 744 726 =
768 678 974 752 868,3
1006 676 1058 738 G
1102 671 1203 752 ἦς,
1259 673 1363 738 καὶ
1416 673 1551 738 κατ’
1600 673 1932 739 ἐπέκταςιν
1977 676 2089 752 τῆς
2136 670 2218 737 GR
2264 675 2578 752 ςυλλαβῆς
2613 670 2799 751 ἦςθα,
2846 670 3060 750 ὥςπερ
3107 670 3277 751 ἔφην

661 761 824 842 ἔφης
871 762 1134 843 ἔφηςθα.
1208 763 1508 829 τοιοῦτόν
1556 761 1682 828 ἐςτι
1729 762 1832 827 καὶ
1876 763 1954 827 τὸ
1993 812 2006 826 .
2045 812 2059 826 .
2108 760 2288 841 οἴδης
2333 762 2438 826 καὶ
2481 760 2617 826 κατ’
2656 760 2988 825 ἐπέκταςιν
3034 763 3147 838 τῆς
3195 760 3278 825 ea

659 854 973 932 ςυλλαβῆς
1028 851 1306 930 οἴδηςθα.
1374 856 1514 916 Her.
1560 855 1623 915 H
1671 857 1817 931 950,
1842 858 1927 916 10
1973 850 2091 916 ὅςα
2147 849 2235 916 εἰς
2282 848 2364 916 e}
2410 851 2590 930 λήγει
2645 850 2918 929 δεύτερα
2962 850 3279 929 πρόςωπα

661 941 1152 1021 ἐπεκτεταμένα,
1218 944 1421 1006 ταῦτα
1486 939 1779 1025 ἀποβολῇ
1835 944 1949 1018 τῆς
1994 938 2086 1005 'e'fi
2142 943 2457 1021 ςυλλαβῆς
2512 939 2879 1006 καταλείπει
2937 938 3136 1019 ῥητὸν
3199 940 3277 1004 τὸ

661 1029 846 1110 ῥῆμα,
893 1028 1036 1095 οἷον
1076 1031 1351 1116 λέγῃςθα
1388 1030 1594 1117 λέγῃς,
1640 1031 1921 1115 βάλῃςθα
1960 1029 2174 1115 βάλῃς,
2211 1029 2372 1109 ἧςθα
2407 1029 2501 1109 ἧς.
2573 1034 2803 1093 Iniuria
2837 1033 3028 1112 igitur
3061 1033 3275 1093 Matth.

658 1124 697 1182 l.
738 1126 821 1183 27
870 1124 1088 1185 codicis
1134 1126 1495 1202 scripturam
1541 1120 1831 1198 λέγωςθα
1876 1123 2115 1185 restitui
2159 1125 2307 1184 vult.
2398 1123 2607 1201 Neque
2658 1122 2913 1183 concedo
2958 1123 2997 1181 l.
3038 1124 3122 1183 24
3168 1141 3278 1199 pro

659 1209 763 1273 ἐπὶ
815 1212 948 1274 τῶν
1003 1210 1283 1288 πρώτων
1336 1214 1677 1291 ponendum
1731 1230 1855 1274 esse
1913 1209 2007 1276 ἔτι
2060 1212 2196 1275 τῶν
2248 1209 2547 1288 πρώτων.
2639 1213 2842 1291 Ipsam
2895 1212 3066 1272 illam
3124 1206 3278 1290 ‘per-

655 1302 1038 1364 fectissimam
1083 1298 1587 1378 concinnitatem’‚
1633 1322 1814 1380 quam
1858 1302 2162 1364 adamavit
2207 1303 2441 1379 Matth„
2484 1305 2715 1381 respuit
2758 1302 3130 1379 Apollonius.

842 1410 989 1485 248,
1012 1412 1093 1470 26
1143 1411 1215 1470 cf.
1254 1411 1385 1472 adv.
1428 1413 1575 1488 209,
1599 1413 1709 1488 13;
1754 1414 2007 1489 utroque
2052 1411 2181 1471 loco
2227 1409 2515 1471 memoria
2560 1411 2866 1487 scriptoris
2912 1410 3156 1469 labavit.

837 1501 984 1574 248,
1006 1502 1087 1560 29
1135 1497 1175 1575 ἢ
1224 1495 1335 1561 ὅτε
1382 1495 1591 1561 οὕτως
1636 1496 1867 1577 φαμέν,
1923 1499 2102 1561 τοῖος
2146 1494 2470 1579 τοιοῦτος]
2527 1500 2674 1559 haec
2727 1517 2822 1558 me
2877 1517 2997 1559 non
3043 1498 3274 1558 intelle-

656 1608 794 1666 gere
851 1592 1054 1666 aperte
1108 1589 1268 1666 dico3
1322 1590 1572 1650 conieci:
1629 1587 1669 1665 ἢ
1727 1585 1839 1651 ὅτε
1896 1585 2105 1651 οὕτως
2161 1585 2400 1666 φαμέν·
2492 1584 2809 1667 τοιός<δε,
2872 1583 3019 1667 καὶ)
3062 1604 3276 1649 τοιου-

653 1672 953 1759 τός<δε;>
1000 1673 1136 1755 Ἃιι,
1184 1680 1467 1755 quoniam
1511 1679 1763 1740 dicimus
1810 1676 2078 1751 τοιόςδε,
2127 1682 2310 1739 etiam
2354 1675 2726 1740 τοιουτόςδε
2772 1679 3024 1738 dicimus
3036 1672 3091 1736 ’θ’

836 1786 985 1861 249,
1007 1787 1040 1845 1
1093 1780 1262 1846 Ἀλλ’
1310 1782 1464 1847 οὐδὲ
1520 1781 1775 1861 ἀρκτική
1833 1782 1960 1847 ἑςτι
2016 1781 2324 1866 ςυλλαβή]
2381 1785 2525 1846 haec
2576 1783 2913 1846 emendatio
2968 1785 3281 1846 verissima

654 1876 759 1934 est.
850 1874 1009 1933 Nam
1054 1869 1351 1950 ἀρκτικὸν
1399 1873 1713 1951 ςυλλαβῆς
1756 1876 1818 1935 id
1867 1878 1958 1936 est
2004 1875 2162 1953 quod
2207 1878 2272 1936 in
2315 1877 2491 1937 initio
2537 1875 2804 1953 syllabae
2847 1874 3112 1952 ponitur,
3155 1893 3277 1934 non

653 1962 889 2040 syllaba
944 1983 1096 2041 quae
1141 1965 1204 2024 in
1257 1965 1431 2025 initio
1489 1957 1709 2048 (vocis)
1756 1966 1873 2042 est3
1926 1966 2317 2042 posteriorem
2371 1986 2510 2027 vero
2566 1966 2871 2026 notionem
2917 1964 3275 2042 flagitamus.

836 2072 1042 2146 249,3
1083 2071 1221 2132 πῶς
1258 2087 1328 2132 τε
1356 2104 1444 2115 —-
1473 2074 1512 2132 4
1550 2068 1713 2133 κατὰ
1757 2069 1877 2147 τὴν
1914 2068 1992 2148 δή
2041 2068 2388 2153 ςυλλαβήν]
2439 2067 2568 2150 ‘qui
2615 2072 2687 2132 fit
2730 2074 2802 2132 ut
2845 2073 2910 2131 in
2954 2071 3048 2132 his
3096 2065 3276 2144 αἐγὼ

653 2156 730 2233 δὴ
781 2154 1000 2233 λέγω”
1048 2161 1219 2221 flexio
1265 2163 1723 2239 praeteritorum
1758 2182 1880 2223 non
1916 2164 1979 2222 in
2017 2158 2096 2238 δή
2134 2163 2369 2240 syllaba
2403 2156 2575 2222 fiat?
2621 2162 2660 2220 i.
2692 2182 2739 2221 e.
2778 2164 2848 2221 ut
2895 2163 3279 2240 augmentum

651 2249 819 2310 verbi
865 2246 1038 2322 λέγω
1085 2270 1206 2310 ιιοιι
1243 2247 1321 2326 δή
1361 2251 1593 2328 syllaba
1630 2254 1915 2327 assumat,
1959 2252 2049 2312 ita
2094 2255 2164 2312 ut
2199 2247 2277 2326 δή
2325 2251 2591 2328 syllabae
2637 2253 3025 2330 augmentum
3069 2271 3277 2328 prae-

652 2337 900 2417 figatur3
958 2339 1071 2400 hoc
1126 2343 1323 2401 autem
1376 2340 1507 2401 fieri
1560 2360 1793 2402 necesse
1845 2343 2028 2417 esset,
2082 2343 2135 2401 si
2187 2336 2268 2416 δῆ
2324 2342 2474 2400 nihil
2533 2344 2689 2403 esset
2741 2341 2857 2401 nisi
2913 2340 3148 2418 syllaba
3201 2340 3278 2399 ad

653 2428 901 2490 verbum
948 2430 1280 2507 pertinens3
1325 2431 1397 2490 cf.
1435 2433 1590 2507 synt.
1630 2431 1781 2507 326,
1798 2433 1838 2490 4
1886 2429 2024 2492 τοῖς
2069 2425 2331 2506 ςχήμαςι
2378 2476 2391 2490 .
2423 2429 2602 2491 ,τοῖς
2646 2426 2837 2491 κατὰ
2880 2425 2995 2491 τὰς
3041 2425 3276 2504 προθέ-

657 2534 781 2579 ςεις
840 2517 1152 2591 κλιθεῖςιν,
1211 2522 1282 2579 ut
1332 2515 1604 2595 ἤνεπονε
1667 2520 1790 2580 Ska
1832 2520 1927 2580 III
1973 2523 2100 2580 4-
2110 2521 2167 2581 5.
2257 2520 2388 2580 Iam
2445 2522 2671 2598 pergit:
2744 2512 2940 2601 (Alia
2998 2521 3100 2580 via
3156 2539 3277 2580 non

653 2599 878 2690 patet·)
929 2628 1070 2668 nam
1113 2628 1223 2685 pro
1268 2609 1808 2687 praepositionibus
1855 2611 2300 2670 coniunctiones
2347 2610 2678 2687 expletivae
2723 2608 2933 2669 haberi
2975 2628 3096 2669 non
3140 2628 3276 2687 pos·

654 2699 812 2775 sunt,
855 2697 920 2757 id
967 2696 1127 2776 quod
1173 2698 1555 2759 statuendum
1601 2702 1771 2776 esset,
1815 2701 1886 2759 ut
1931 2718 2067 2759 cum
2106 2698 2286 2760 verbo
2333 2699 2695 2778 compositae
2741 2701 3061 2778 augmento
3105 2718 3276 2777 prae-

654 2790 798 2866 poni
857 2806 1031 2865 posse
1085 2789 1478 2864 crederentur,
1522 2790 1689 2850 velut
1731 2792 1795 2849 in
1840 2786 2052 2852 κατ-έ·
2061 2791 2284 2866 βαινον
2328 2790 2694 2869 praepositio
2741 2792 3060 2868 augmento
3105 2808 3275 2866 prae-

652 2872 898 2957 figitur?
952 2877 1340 2955 Exspectares
1367 2880 1406 2938 1.
1431 2880 1601 2939 5-6
1631 2899 1753 2939 ιιοιι
1776 2873 2326 2952 ἵνα-γίνωνται,
2355 2879 2459 2940 sed
2484 2874 2696 2940 ἵνα-
2716 2873 3039 2952 ἑγίνοντο;
3068 2898 3276 2939 verum

651 2967 807 3027 hanc
853 2968 1233 3028 construendi
1275 2969 1572 3029 rationem
1615 2969 1729 3047 Ap.
1772 2972 1834 3030 et
1877 2972 2183 3047 vituperat
2227 2971 2382 3046 synt.
2425 2970 2573 3043 272,
2594 2970 2675 3028 16
2726 2963 2914 3030 ἔνθεν
2960 2962 3080 3029 οὖν
3127 2962 3273 3029 ἀςύ-

653 3071 885 3117 ςτατον
939 3053 1068 3118 τὸ.
1108 3052 1276 3119 .ἵνα
1331 3052 1640 3131 ἀνέγνων,
1697 3078 1804 3120 nec
1848 3061 1978 3136 ipse
2025 3078 2309 3136 umquam
2366 3058 2638 3134 admisit3
2699 3058 2774 3118 ad
2819 3076 2985 3135 pron.
3039 3058 3142 3133 16,
3162 3059 3275 3135 213

658 3144 781 3205 ska
815 3145 903 3205 VI
951 3148 1141 3206 2—3.

837 3236 1165 3312 styphonis
1222 3238 1713 3312 argumentationi
1775 3239 2155 3308 assentimwr,
2215 3239 2319 3299 sed
2377 3238 2668 3314 quaedam
2729 3237 3006 3298 addimus
3065 3236 3275 3311 quibus

652 3326 1027 3398 confirmetur
1077 3326 1217 3386 illas
1272 3342 1390 3387 esse
1443 3344 1621 3387 υοοεε.
1712 3326 1779 3403 a)
1839 3328 2057 3388 Vocwm
2115 3346 2185 3388 ea
2243 3332 2326 3388 εει
2375 3332 2615 3398 natura,
2671 3331 2740 3387 ut
2791 3326 2979 3387 altera
3032 3326 3276 3386 alterius

655 3413 775 3474 loco
820 3414 976 3475 idem
1018 3416 1408 3491 significantis
1442 3418 1595 3491 pom·
1626 3419 1850 3491 possin
1895 3434 1958 3477 eo
1992 3417 2161 3477 modo
2197 3420 2351 3478 {mter
2384 3437 2446 3478 se
2481 3421 2910 3478 eommutcmtw·
2944 3415 3275 3490 expletivae.

654 3502 715 3578 b)
765 3503 1064 3580 thdqmd
1104 3504 1446 3574 inclinatur,
1498 3505 1845 3565 vocabulxwm
1888 3508 2229 3581 putandum
2275 3511 2371 3567 εει.
2463 3506 2843 3568 Inclinantm·
2888 3509 3083 3565 autem
3126 3522 3275 3565 com-

641 3593 913 3667 pletivae.
1002 3593 1061 3670 e)
1120 3595 1337 3655 Vocwm
1380 3595 1796 3665 encliticam,
1840 3613 1974 3656 eum
2017 3597 2172 3657 duae
2215 3597 2305 3657 vel
2349 3601 2463 3657 tres
2507 3596 2774 3671 deinceps
2808 3599 3136 3670 ponuntur,
3179 3613 3274 3655 ac·

652 3687 848 3743 centus
894 3684 969 3743 ab
1015 3683 1204 3744 altera
1246 3686 1314 3744 in
1359 3684 1605 3744 alteram
1648 3687 1878 3746 tramit.
1964 3685 2134 3747 Idem
2178 3686 2474 3762 expletivis
2519 3685 2733 3746 accidit
2780 3686 2925 3760 249,
2949 3685 3182 3743 7-20.

833 3791 1039 3865 249,8
1089 3787 1602 3867 ςυνηγορήςομεν
1646 3790 1990 3852 ALudwich
2035 3795 2099 3852 in
2141 3791 2297 3852 Ann.
2335 3794 2454 3853 litt.
2490 3792 2622 3852 Jen.
2665 3793 2835 3852 1879
2882 3811 2940 3868 p.
2983 3792 3127 3850 224.

836 3880 1042 3954 249,9
1092 3876 1164 3940 ἐν
1209 3875 1332 3955 γὰρ
1370 3877 1447 3954 δὴ
1486 3881 1563 3960 τῇ
1602 3876 1904 3956 προτάςει
1941 3879 2094 3957 φηςὶ
2130 3882 2247 3943 τοῦ
2285 3876 2515 3961 λόγου]
2563 3881 2810 3941 ubinam
2853 3880 2999 3940 haec
3045 3878 3276 3940 dicit?

651 3968 860 4043 Immo,
897 3987 1029 4028 cum
1065 3969 1129 4029 in
1165 3972 1393 4047 protasi
1433 3971 1581 4046 248,
1603 3970 1684 4030 15
1725 3974 1863 4031 ante
1901 3967 2205 4047 ςυλλαβαί
2245 3969 2457 4032 addere
2494 3970 2760 4031 deberet:
2806 3964 2861 4030 εἰ
2900 3966 3016 4045 μὲν
3054 3965 3273 4042 λέξεις,

652 4052 985 4132 ὀφείλουςί
1020 4076 1081 4118 τι
1117 4057 1375 4133 δηλοῦν,
1413 4059 1560 4119 haec
1594 4061 2127 4137 praetermisit,
2163 4056 2582 4135 παραλείπων
2618 4056 2696 4120 τὸ
2733 4055 3272 4132 ἀναγκαιότατον;

652 4147 857 4224 itaque
903 4150 1169 4225 suspicor
1212 4167 1322 4225 pro
1368 4144 1521 4224 φηςί
1565 4148 1941 4209 scribendum
1988 4167 2112 4211 esse
2158 4145 2558 4229 <παρί>ηςι.

833 4255 980 4329 249,
1005 4256 1086 4314 12
1149 4250 1221 4315 ἐν
1279 4250 1519 4336 τούτῳ]
1584 4250 1656 4317 ἐν
1714 4251 1971 4317 τούτοις
2030 4257 2243 4317 Matth.
2290 4258 2322 4317 I
2369 4257 2452 4317 87
2466 4279 2483 4333 3
2544 4277 2600 4317 v.
2656 4258 2968 4317 comment.
3025 4255 3098 4316 de
3155 4255 3270 4333 Ap.

652 4345 910 4404 consuet.

832 4434 1083 4508 249,13
1125 4427 1577 4513 ὁμοιοςήμους]
1615 4432 1723 4494 AO
1751 4434 1783 4493 I
1822 4436 1926 4509 91,
1949 4436 2050 4495 18.
2091 4436 2239 4511 384,
2262 4435 2342 4494 26
2381 4429 2549 4496 ἴδιον
2586 4432 2660 4495 δὲ
2697 4431 2931 4498 λέξεως
2967 4430 3044 4495 τὸ
3082 4449 3270 4510 μετα-

653 4516 1078 4598 λαμβανεςθαι
1131 4516 1265 4601 <εἰς
1320 4523 1454 4582 add.
1501 4523 1784 4602 Egenolff
1819 4524 1879 4582 V
1929 4519 2099 4603 124>
2159 4519 2609 4599 ὁμοιοςήμους,
2670 4517 2816 4585 οἷον
2872 4518 3103 4599 βροτός
3159 4518 3271 4583 ἄν-

651 4613 911 4686 θρωπος
965 4608 1196 4688 μέροψ,
1254 4605 1375 4688 ἄορ
1432 4608 1620 4689 ξίφος
1673 4607 1969 4689 μάχαιρα.
2060 4613 2250 4675 Voces
2306 4633 2457 4690 quae
2516 4616 2587 4674 ut
2639 4613 2935 4675 diversam
2980 4612 3274 4692 originem

654 4702 744 4761 ita
789 4700 1034 4762 eandem
1079 4703 1383 4762 notionem
1426 4701 1668 4779 habent,
1711 4703 1825 4781 Ap.
1872 4703 1929 4762 h.
1978 4721 2097 4762 uno
2142 4703 2181 4761 l.
2228 4698 2655 4779 ὁμοιοςήμους
2700 4702 2866 4778 dicit,
2910 4720 3044 4762 cum
3089 4703 3274 4781 vulgo

655 4786 1013 4867 ςυνώνυμοι
1060 4791 1463 4868 appellentur3
1516 4795 1670 4869 synt.
1721 4795 1869 4867 199,
1893 4795 1974 4852 27
2033 4789 2276 4869 νεφέλη
2334 4795 2396 4853 et
2447 4788 2653 4868 νέφος
2707 4794 3015 4869 nuncupat
3069 4788 3272 4853 ςυνώ-

649 4895 842 4953 νυμα,
904 4900 1038 4940 cum
1082 4877 1325 4956 νεφέλη
1381 4883 1582 4959 potius
1628 4878 2025 4957 παρώνυμον
2069 4883 2164 4943 vel
2210 4877 2609 4958 παράγωγον
2654 4884 2735 4942 sit
2778 4880 3141 4958 vocandum3
3196 4882 3271 4941 cf.

648 4968 791 5029 Lob.
829 4968 1009 5029 Proll.
1053 4971 1134 5030 75
1172 4991 1228 5030 n.
1271 4972 1372 5030 35.
