3738 5530
619 342 1063 397 Commentarius
1090 342 1318 398 criticus
1346 343 1406 398 et
1432 342 1750 414 exegeticus
1777 342 1838 397 in
1865 342 2154 413 Apollonii
2180 343 2408 413 Dyscoli
2438 343 2648 414 scripta
2673 342 2906 398 minora.
2993 343 3082 408 43

474 514 656 571 tivum
697 531 816 571 non
858 512 1084 582 habere,
1133 531 1201 573 ea
1238 515 1640 587 comprobatur
1677 507 1905 574 οὗτος
1940 516 2060 572 vim
2095 515 2339 573 vocativi
2374 515 2630 574 induere.
2703 514 3083 588 Praepostere

473 606 670 661 autom
722 596 777 661 ὦ
832 603 1096 663 articulis
1149 604 1493 675 ascribimm·
1553 621 1697 662 nam
1751 620 1953 677 expers
2009 607 2091 663 cst
2132 605 2384 664 notionis
2428 604 2678 663 articuli.
2768 604 3084 664 Praeterea

472 693 528 751 si
571 692 899 751 conceditur
952 685 1136 753 οὗτο
1149 708 1181 752 ς
1235 694 1560 753 voeatimem
1616 710 1736 752 esse
1779 709 1981 766 posse,
2043 693 2379 752 concedetur
2423 695 2597 753 etiam
2641 687 2712 752 ὦ
2802 692 3084 753 Fortasse

474 782 646 840 attico
697 798 858 840 more
909 800 976 841 m
1029 796 1102 842 ος
1162 783 1507 842 terminatur
1551 783 1862 842 vocativus.
1958 781 2206 842 Omnino
2251 783 2707 842 dmonstratwm
2751 786 2833 844 est
2865 799 3084 858 prono-

472 887 639 930 mma
683 887 857 945 saepe
898 872 1240 946 inaequalia
1286 889 1407 932 esse
1455 872 1855 947 21,16—28.

664 979 764 1053 21,
789 978 868 1037 16
918 972 1356 1053 ὠλιγωρῆςθαι
1402 998 1477 1038 sc.
1525 974 1601 1039 τὸ
1647 972 1857 1039 οὗτος.
1953 977 2039 1037 Ut
2082 972 2484 1053 ὠλιγώρηταί
2530 995 2588 1037 τι
2645 981 2737 1038 esb
2780 973 3083 1040 ‘abnorme

477 1068 569 1126 est
604 1061 857 1143 aliquid'
904 1059 1006 1148 (cf.
1044 1087 1209 1145 pron.
1243 1069 1346 1143 33,
1369 1070 1449 1127 22
1499 1062 1556 1128 εἴ
1600 1085 1658 1127 τι
1705 1063 1776 1128 ἐν
1822 1063 2175 1129 διαλέκτοις
2220 1063 2396 1142 παρὰ
2441 1063 2618 1128 τάςιν
2665 1063 3082 1143 ὠλιγώρηται.

474 1155 552 1214 ib.
605 1157 809 1229 77,19
875 1153 992 1230 τὴν
1056 1152 1293 1217 ἑαυτοῦ
1356 1173 1549 1232 φαςιν
1612 1152 2070 1232 ὠλιγωρῆςθαι.
2151 1156 2229 1215 ib.
2291 1158 2392 1232 78,
2416 1159 2453 1216 2
2519 1153 2636 1231 τὴν
2701 1152 3082 1233 διςύλλαβον

475 1240 733 1322 (αὑτόν)
797 1240 1296 1324 ὠλιγωρῆςθαι);
1359 1249 1448 1306 ita
1504 1243 1918 1322 κατώρθωταί
1972 1263 2032 1306 τι
2088 1249 2179 1306 est
2224 1240 2528 1306 ‘convenit
2572 1266 2706 1306 cum
2750 1241 2905 1325 lege’
2962 1239 3085 1327 (vel

473 1326 738 1416 ratione)
785 1335 863 1394 ib.
897 1337 997 1410 77,
1021 1337 1102 1395 25
1149 1331 1206 1409 ἡ·
1237 1335 1515 1397 δοκοῦςα
1559 1331 1631 1396 ἐν
1678 1331 1958 1397 ςυνθέςει
2004 1334 2456 1410 κατωρθῶςθαι
2502 1332 2573 1397 ἐν
2612 1332 2789 1397 δυςὶν
2828 1329 3085 1396 αἰτιατι-

476 1423 627 1495 καῖς,
677 1420 846 1495 λέγω
893 1421 971 1498 δὴ
1019 1421 1137 1499 τὴν
1185 1421 1435 1486 ἑαυτόν.
1527 1425 1598 1482 V.
1647 1424 1799 1496 ind.

659 1533 760 1607 21,
784 1533 865 1590 22
914 1532 985 1590 cf.
1032 1550 1197 1608 pron.
1251 1533 1576 1608 2l,4—5;
1622 1534 1780 1609 synt.
1831 1535 1979 1606 219,
2001 1534 2190 1592 6-7.

658 1622 864 1695 21,24
910 1620 987 1680 ad
1032 1641 1197 1699 pron.
1251 1623 1471 1696 14,18.
1565 1621 1741 1682 Prisc.
1789 1622 1939 1681 XIII
1980 1624 2059 1681 17
2106 1643 2164 1699 p.
2210 1624 2734 1696 11,19-12,16.

659 1711 864 1783 21,28
913 1705 1310 1789 ἑδείχθηςαν]
1358 1731 1522 1790 pron.
1578 1714 1798 1786 ll,2l.
1894 1709 1980 1770 cf.
2027 1710 2105 1770 ib.
2157 1712 2260 1786 95,
2281 1712 2338 1771 5.

651 1799 892 1862 Primae
925 1817 1217 1874 personae
1250 1803 1589 1874 possessiva
1630 1801 1779 1860 nihil
1823 1802 2012 1861 obstat
2054 1802 2199 1875 quin
2240 1802 2498 1860 vocativo
2532 1804 2795 1869 utantur,
2840 1804 2926 1860 ita
2962 1803 3087 1876 qui-

476 1889 608 1947 dem
631 1893 700 1947 ut
713 1889 1025 1962 possidens
1041 1907 1378 1962 possesswm
1406 1891 1754 1965 alloquatur.
1845 1889 2146 1950 Secundae
2172 1892 2468 1950 vocativus
2504 1891 2838 1964 abroyataecr,
2885 1908 3086 1964 quam-

477 1996 655 2050 quam
706 1995 826 2037 non
880 1980 962 2037 eis
1019 1980 1091 2037 de
1135 1981 1332 2038 causis
1376 1997 1526 2053 quas
1570 1980 1811 2054 quidam
1856 1980 2177 2040 attulerwct
2228 1979 2531 2053 (dixenmt
2573 1981 2727 2038 enim
2770 1975 3089 2054 ὑμέτερε

479 2067 628 2139 ferri
660 2084 780 2125 non
804 2084 998 2141 posse,
1036 2069 1178 2142 quia
1212 2070 1446 2128 duilium
1480 2070 1634 2143 quod
1659 2072 2015 2142 possessoris
2043 2072 2127 2127 est
2150 2069 2389 2143 plurale
2415 2071 2507 2136 sit,
2542 2070 2870 2129 terminatio
2897 2074 3090 2128 autem

476 2173 627 2229 quae
678 2157 761 2216 ad
806 2174 1145 2229 possessum
1195 2161 1414 2231 spectat
1463 2158 1824 2233 singillatim
1874 2175 2053 2232 posse
2104 2159 2254 2231 ferri
2306 2153 2661 2232 ὑμέτεροι
2710 2157 3090 2229 vocativum).-

477 2244 579 2304 sed
623 2245 716 2305 lu's
759 2247 987 2321 potius:
1030 2246 1302 2306 fflmum
1344 2242 1661 2322 ὑμέτερε
1709 2252 1760 2306 et
1803 2243 2160 2321 ὑμέτεροι
2204 2249 2451 2307 vocativi
2494 2264 2615 2305 non
2659 2251 2797 2306 sunt
2838 2249 2904 2306 in
2939 2265 3090 2317 usu,-

478 2335 684 2393 deinde
736 2352 811 2393 ne
860 2337 1013 2394 ratio
1067 2336 1299 2410 quidem
1355 2353 1448 2395 eos
1490 2338 1749 2410 requirit
1841 2337 2006 2397 Nam
2048 2354 2167 2396 non
2213 2337 2339 2396 licet
2382 2354 2500 2395 uno
2545 2338 2803 2395 vocativo
2848 2337 3088 2410 compel-

478 2425 604 2483 lare
647 2425 914 2484 diversas
946 2442 1269 2499 personas‚·
1316 2427 1486 2501 atqui
1529 2425 1594 2484 id
1637 2425 1984 2499 faceremus,
2028 2428 2080 2485 si
2116 2420 2381 2500 ὑμέτερε
2419 2425 2514 2484 vel
2552 2420 2845 2500 ὑμέτεροι
2881 2424 3089 2484 formis

481 2515 715 2573 utentes
761 2514 1246 2590 compelleremus
1293 2517 1353 2573 et
1397 2514 1796 2592 possidentem
1842 2507 2127 2597 (secunda
2173 2515 2332 2574 enim
2375 2532 2631 2590 persons.
2665 2532 2898 2591 semper
2935 2533 3089 2574 com-

479 2595 766 2680 pellatur)
823 2606 884 2662 et
925 2621 1258 2679 possessum
1325 2596 1431 2684 (ad
1478 2623 1651 2680 quem
1698 2608 1931 2681 spectat
1973 2595 2359 2684 terminatio).
2451 2604 2615 2678 Erqo
2659 2604 2855 2676 forma
2899 2606 2952 2662 si
2999 2621 3091 2662 ex-

481 2691 656 2758 taret,
719 2695 1024 2765 superflua
1080 2696 1237 2752 esset.
1345 2693 1578 2752 Mirum
1632 2698 1825 2753 autem
1876 2710 1996 2752 non
2052 2698 2134 2752 est
2176 2695 2501 2753 vocativum
2532 2694 2771 2768 primae
2812 2695 2916 2767 qua?
2960 2709 3093 2752 oum

479 2784 704 2842 ratione
746 2800 867 2841 non
900 2787 1135 2857 puynat
1178 2785 1352 2843 etiam
1395 2801 1512 2842 usu
1555 2788 1843 2857 receptum
1890 2800 2009 2843 esse
2058 2786 2160 2857 21,
2183 2785 2461 2860 29—22,
2485 2784 2583 2843 13.

665 2890 872 2963 21‚29
902 2907 985 2965 sq.
1054 2890 1125 2949 cf.
1174 2889 1353 2949 Pnso.
1401 2888 1548 2948 xm
1590 2892 1626 2948 2
1672 2909 1728 2965 p.
1774 2890 1952 2963 1‚15.
2000 2887 2175 2948 xvn
2216 2891 2340 2948 197
2389 2910 2444 2967 p.
2489 2890 2634 2963 204,
2658 2891 2756 2949 20.

658 2980 820 3053 22,4
867 2975 1060 3058 τινές]
1108 2981 1170 3038 in
1220 2978 1432 3055 quibus
1479 2979 1597 3037 fuit
1633 2978 1856 3054 Habm,
1903 2980 1974 3038 cf.
2014 2982 2166 3055 synt.
2211 2980 2357 3052 220,
2384 2980 2461 3037 14
2494 2996 2578 3053 sq.
2626 3009 2714 3019 —
2762 2977 2954 3039 Schol.
2984 2977 3092 3039 AG

482 3068 628 3141 918,
648 3070 687 3126 4
736 3059 850 3147 (=
891 3069 995 3142 83,
1017 3069 1054 3127 3
1101 3060 1295 3149 Hilg.)
1347 3064 1420 3128 Αἱ
1467 3066 1539 3128 δὲ
1586 3067 1703 3129 τοῦ
1746 3064 2055 3143 δευτέρου
2092 3064 2444 3142 προςώπου
2482 3064 2762 3141 κτητικαὶ
2799 3065 3091 3142 κλητικὰς

481 3152 598 3216 οὐκ
645 3152 883 3231 ἔχουςι·
931 3154 1238 3232 δευτέρου
1285 3154 1409 3232 γὰρ
1458 3154 1551 3218 ὢν
1598 3154 1950 3232 προςώπου
1989 3152 2028 3217 ὁ
2066 3153 2317 3231 κτήτωρ
2364 3153 2527 3231 πρὸς
2566 3152 2801 3217 ἑαυτὸν
2839 3152 3093 3219 ἀπαιτεῖ

478 3241 765 3316 γενέςθαι
827 3243 946 3319 τὴν
1009 3243 1488 3322 προςφώνηςιν·
1554 3243 1861 3321 δεύτερον
1926 3242 2050 3321 γάρ
2112 3242 2238 3306 ἐςτι
2292 3243 2642 3320 πρόςωπον
2698 3244 2861 3321 πρὸς
2890 3243 2996 3327 ,ὃν
3054 3243 3091 3307 ὸ

480 3331 676 3405 λόγος
722 3330 885 3410 ὑπὲρ
933 3331 1159 3396 αὐτοῦ·
1213 3330 1380 3396 ἀλλὰ
1425 3332 1528 3396 καὶ
1574 3333 1650 3396 τὸ
1697 3334 1902 3409 κτῆμα
1945 3335 2253 3410 κλητικῶς
2298 3331 2641 3407 γινόμενον
2688 3331 2852 3410 πρὸς
2898 3331 3092 3397 ἑαυτὸ

479 3419 671 3484 πάλιν
729 3419 985 3485 ἀπαιτεῖ
1039 3421 1327 3497 γενέςθαι
1371 3422 1490 3498 τὴν
1536 3421 2014 3500 προςφώνηςιν·
2080 3421 2336 3498 κλητικὴ
2384 3419 2508 3498 γάρ
2556 3420 2682 3485 ἐςτι
2727 3424 2844 3485 τοῦ
2893 3422 3091 3486 πέλας

479 3511 710 3586 κλῆςις·
773 3507 1096 3574 ἀδύνατον
1153 3512 1224 3574 δὲ
1282 3511 1352 3574 ἐν
1414 3514 1524 3593 μιᾷ
1577 3515 1766 3592 φωνῇ
1832 3510 1952 3574 δύο
2016 3508 2501 3588 προςφωνήςεις
2567 3509 2692 3577 ἀνὰ
2749 3510 2940 3588 μέρος
2996 3511 3088 3586 γί-

478 3604 704 3662 νεςθαι.
798 3598 1030 3676 Τρίτου
1076 3601 1426 3678 προςώπου
1474 3602 1765 3677 κλητικῆς
1811 3599 2116 3663 πτώςεως
2164 3598 2377 3662 ἑνικοῦ
2425 3597 2695 3677 ἀριθμοῦ
2742 3596 2796 3662 ὦ
2844 3597 2934 3663 ὅς.

664 3710 766 3784 22,
789 3711 824 3768 7
876 3708 999 3769 ska
1043 3710 1074 3767 I
1113 3712 1148 3770 9
1213 3704 1365 3789 ‘Ego
1410 3729 1552 3770 vero
1597 3729 1705 3788 pro
1752 3705 2096 3770 κεκλίςεται
2141 3708 2458 3788 legendum
2504 3727 2629 3770 esse
2676 3710 2947 3769 existimo
2994 3727 3092 3771 κε-

483 3795 789 3872 κλήςεται.
885 3797 984 3858 Sic
1029 3802 1183 3876 synt.
1236 3801 1383 3875 247,
1405 3802 1486 3858 22
1548 3796 1825 3874 κλήςεως
1872 3802 1933 3858 et
1978 3794 2238 3859 κλίςεως
2284 3802 2740 3859 commutantur.
2832 3799 2990 3859 Nam
3036 3803 3096 3859 et

479 3888 747 3947 futurum
792 3889 1038 3948 tertium
1081 3887 1247 3948 verbi
1294 3888 1577 3965 liquidati
1621 3892 1722 3948 vix
1769 3888 1889 3947 alio
1927 3888 2194 3966 exemplo
2230 3888 2578 3963 firmaveris,
2625 3907 2985 3964 quamquam
3022 3889 3094 3949 de

476 3994 588 4036 usu
640 3979 1034 4037 recentiorum
1083 3977 1441 4038 Graecorum
1486 3977 1773 4061 spondere
1828 3997 1947 4038 non
2004 3978 2222 4052 audeo,
2286 3997 2391 4037 nec
2438 3977 2567 4036 fieri
2611 3978 2873 4055 potuisse
2921 3979 3094 4040 credo

477 4069 547 4126 ut
590 4068 994 4146 grammaticis
1049 4067 1171 4127 illis
1224 4068 1347 4126 tale
1404 4068 1548 4144 quid
1601 4070 1664 4126 in
1718 4069 1975 4127 mentem
2030 4069 2287 4142 veniret,
2352 4069 2572 4145 quippe
2628 4069 2731 4143 qui
2786 4062 3094 4143 ἡμέτερος

478 4151 782 4231 ὑμέτερος
845 4157 1105 4233 reliquos
1169 4158 1381 4218 horum
1442 4157 1911 4234 possessivorum
1976 4176 2146 4217 casus
2201 4157 2530 4236 singulares
2585 4159 2647 4215 et
2699 4158 3093 4236 singularium

478 4246 737 4322 plurales
783 4248 1104 4307 sexcenties
1151 4248 1446 4325 legissent.
1524 4245 1640 4306 Sed
1676 4247 1994 4324 possessivi
2030 4247 2281 4324 pluralis
2317 4266 2475 4305 num.
2514 4246 2854 4306 vocativum
2893 4249 3093 4326 singu-

477 4335 681 4408 larem,
725 4331 1006 4411 ἡμέτερε,
1052 4337 1247 4396 rarius
1293 4337 1544 4396 fortasse
1590 4338 1960 4411 invenerant,
2005 4340 2075 4394 ut
2120 4331 2383 4410 ὑμέτερε
2422 4335 2484 4393 in
2524 4354 2648 4407 usu,
2671 4336 2853 4396 fuisse
2889 4337 3093 4414 inepto

479 4424 585 4483 illo
631 4428 980 4502 argumento
1027 4420 1355 4505 negarent?

659 4515 769 4588 22,
802 4516 837 4573 7
911 4509 1033 4589 ὑφ’
1107 4512 1179 4576 ἓν
1243 4516 1280 4574 i.
1338 4535 1385 4575 e.
1451 4534 1570 4576 uno
1644 4514 1966 4592 eodemque
2040 4514 2341 4575 vocabulo.
2474 4512 2558 4573 Cf.
2624 4513 2841 4574 Herod.
2905 4517 3090 4591 praef.

479 4601 753 4662 XXXXV
782 4621 866 4680 sq.
914 4604 1033 4663 ind.

652 4709 953 4785 Siquidem
1005 4713 1072 4770 ira
1114 4713 1464 4786 possessivis
1517 4715 1720 4773 tertiae
1762 4730 1922 4787 pers.
1969 4713 2119 4771 siout
2170 4713 2236 4771 in
2278 4712 2611 4772 nominibus
2643 4713 2997 4786 possessivis
3043 4718 3097 4773 et

466 4800 779 4873 possidens
836 4804 890 4859 et
930 4817 1269 4874 possessum
1323 4805 1404 4860 est
1459 4805 1685 4871 tertiae,
1747 4802 1919 4862 nulla
1976 4819 2161 4861 eausa
2206 4805 2289 4860 est
2332 4818 2438 4860 our
2482 4803 2780 4861 vocativus
2822 4819 2943 4861 non
2988 4804 3093 4863 ad-

476 4890 757 4958 mittatur,
806 4886 1126 4964 ςφέτερε
1174 4883 1316 4971 (etsi
1361 4892 1425 4950 in
1471 4910 1584 4952 usu
1630 4911 1748 4953 non
1794 4882 1915 4972 est)
1965 4892 2365 4966 22,14—17.

663 4980 765 5054 22,
788 4980 868 5038 14
917 4982 1071 5055 synt.
1114 4981 1336 5055 220‚e.
