3738 5530
1414 379 1770 432 Anvmwn
1803 378 2202 430 Dnmm‘no,
2976 371 3090 443 121

511 581 758 658 τρόπον
814 581 982 646 ἔςτιν
1029 581 1357 659 ἐπινοῆςαι
1415 579 1582 662 ῥῆμα
1635 582 1752 662 μέν
1812 581 1959 659 δίχα
2011 581 2440 663 ἐπιρρήματος
2484 584 2816 659 ςυγκλεῖον
2873 580 3095 664 λόγον,

404 702 461 742 2⁵
512 682 824 764 ἐπίρρημα
881 682 952 748 δὲ
1007 682 1087 747 οὐ
1142 683 1265 763 μὴν
1321 682 1466 762 δίχα
1522 683 1800 763 ῥήματος
1852 684 1894 763 ἢ
1951 688 2253 764 μετοχῆς,
2311 684 2350 764 ἥ
2404 704 2497 749 τις
2552 684 2814 763 δυνάμει
2870 683 3096 764 ἰδίωμα

511 786 641 865 ἔχει
686 785 762 851 τὸ
806 788 925 849 τοῦ
971 784 1269 866 ῥήματος.
1347 785 1447 849 καὶ
1491 784 1572 850 οὐ
1625 785 1822 850 τοῦτό
1880 807 2069 866 φημι,
2126 785 2223 850 ὅτι
2265 784 2332 850 αἱ
2385 788 2645 866 μετοχαὶ
2691 785 3095 865 ἀπαρτίζουςι

511 886 822 970 διάνοιαν,
863 886 1015 951 ἀλλ’
1046 885 1143 952 ὅτι
1173 887 1253 951 τὰ
1284 886 1676 967 ἐπιρρήματα
1706 887 1807 951 καὶ
1835 886 1939 950 ἐπὶ
1969 887 2244 967 μετοχὰς
2284 888 2565 968 φέρεται.
2622 888 3095 965 Ἐντελέετερον

404 1006 460 1047 ω
512 989 730 1069 μέντοι
775 989 1113 1056 δεδείξεται
1144 988 1216 1054 ἐν
1245 994 1337 1073 τῷ
1367 989 1513 1068 περὶ
1543 988 1918 1067 ςυντάξεως,
1963 989 2053 1054 ὡς
2081 990 2163 1054 τὰ
2200 991 2314 1068 μὲν
2358 990 2825 1069 θεματικώτερα
2854 989 3097 1072 (μέρη)

509 1096 626 1155 τοῦ
673 1090 872 1165 λόγου
917 1089 1207 1171 ὀνόματά
1252 1091 1376 1155 ἐςτι
1420 1090 1520 1155 καὶ
1576 1090 1854 1173 ῥήματα,
1909 1092 1990 1156 τὰ
2044 1091 2112 1156 δ’
2168 1090 2495 1158 ὑπόλοιπα
2535 1095 2667 1157 τῶν
2721 1097 2933 1171 μερῶν
2977 1093 3096 1155 τοῦ

513 1194 714 1270 λόγου
759 1191 849 1258 ὡς
893 1193 1058 1272 πρὸς
1102 1197 1218 1274 τὴν
1262 1192 1513 1258 τούτων
1558 1191 1931 1273 εὐχρηςτίαν
1977 1192 2316 1281 ἀνάγεται,
2368 1194 2448 1257 τὰ
2502 1194 2617 1274 μὲν
2674 1192 2879 1273 ἄρθρα
2931 1191 3096 1272 πρὸς

509 1296 589 1359 τὰ
632 1295 912 1360 πτωτικὰ
955 1295 994 1372 ἢ
1040 1294 1132 1359 ὡς
1173 1295 1483 1371 πτωτικά,
1538 1296 1618 1361 τὰ
1663 1297 1737 1361 δέ
1782 1295 2174 1376 ἐπιρρήματα
2221 1296 2310 1361 ὡς
2354 1295 2519 1373 πρὸς
2562 1297 2642 1360 τὰ
2699 1295 2973 1376 ῥήματα,
3030 1293 3098 1358 αἵ

372 1409 469 1461 531
509 1417 578 1460 τε
621 1397 955 1475 προθέςεις
999 1395 1164 1476 πρὸς
1209 1396 1575 1477 ἀμφότερα·
1621 1397 1722 1461 διὸ
1768 1398 1868 1462 καὶ
1912 1397 2100 1476 μόναι
2144 1397 2553 1478 ἀναςτροφῆς
2594 1395 2795 1461 τόνου
2840 1397 3095 1479 ἔτυχον,

511 1498 611 1563 καὶ
654 1502 804 1582 τῇδε
851 1498 1155 1564 δύνανται
1201 1500 1654 1576 ςυντάςςεςθαι,
1700 1499 1871 1575 λέγω
1917 1498 2202 1579 ὀνόμαςι,
2247 1501 2349 1564 καὶ
2377 1504 2549 1582 τῇδε,
2597 1499 2766 1574 λέγω
2812 1498 3094 1578 ῥήμαςιν.

509 1599 815 1679 εἰρήςεται
880 1602 952 1664 δὲ
1008 1601 1111 1665 καὶ
1174 1600 1331 1665 πότε
1399 1600 1787 1681 ἀντωνυμίαι
1851 1601 1999 1667 ἀντ’
2067 1600 2409 1679 ὀνομάτων
2466 1600 3095 1682 παραλαμβάνονται,

425 1727 452 1767 5
506 1702 675 1767 τίνες
717 1723 787 1766 τε
832 1701 903 1767 ἐν
947 1709 1037 1784 τῷ
1082 1702 1365 1767 καθόλου
1410 1702 1743 1782 εύνδεςμοι
1789 1702 2158 1768 ςυνδέουειν
2203 1701 2414 1780 ὄνομα
2459 1703 2558 1767 καὶ
2612 1702 2806 1783 ῥῆμα,
2868 1702 2968 1767 καὶ
3009 1701 3096 1766 τί-

507 1823 614 1868 νες
660 1803 771 1869 eici
814 1803 1071 1883 μερικοί.

678 1906 773 1970 Οὐ
818 1907 1021 1987 μόνον
1068 1909 1139 1972 δὲ
1184 1907 1403 1986 ῥητοῖς
1433 1905 1573 1972 οὖςι
1603 1910 1741 1971 τοῖς
1788 1905 2012 1986 ῥήμαςι
2053 1909 2211 1972 κατὰ
2254 1910 2370 1987 τὴν
2399 1905 2690 1973 ςύνταξιν
2734 1909 2850 1971 τοῦ
2896 1905 3097 1981 λόγου

506 2007 582 2071 τὸ
629 2006 940 2088 ἐπίρρημα
982 2009 1433 2089 προςφὲρεται,
1480 2008 1647 2073 ἀλλὰ
1690 2010 1793 2073 καὶ
1832 2008 2223 2091 ςιγωμένοις,
2270 2007 2400 2084 εἴγε
2432 2004 2532 2072 κάὶ
2561 2008 2626 2072 αἱ
2671 2007 3096 2088 ἐπιφωνήςεις

406 2135 456 2174 ιο
510 2108 705 2174 οὐδὲν
751 2109 912 2174 ἄλλο
956 2108 1106 2174 εἰςὶν
1150 2110 1191 2189 ἢ
1239 2109 1633 2190 ἐπιρρήματα
1661 2114 1796 2176 τῶν
1831 2109 2132 2189 ῥημάτων
2166 2109 2369 2194 <οὐκ>
2400 2110 2892 2193 ἐπιγινομένων,
2937 2108 3097 2174 καθὸ

508 2214 646 2275 τοῖς
690 2210 764 2275 εὖ
808 2209 1306 2287 άναγινώςκουςι
1349 2214 1426 2278 τὸ
1472 2212 1768 2277 κάλλιςτα
1812 2213 2269 2292 ἐπιφωνοῡμεν
2305 2212 2409 2277 καὶ
2437 2214 2575 2276 τοῖς
2620 2209 2693 2276 εὖ
2739 2215 3096 2277 διατιθεῖςιν

507 2312 671 2393 ἡμᾶς
724 2313 799 2377 τὸ
853 2312 1099 2389 ἥδιςτα,
1161 2313 1262 2377 καὶ
1314 2316 1452 2379 τοῖς
1508 2314 1830 2393 ἀκριβοῦςι
1885 2314 2001 2377 τὰς
2058 2313 2218 2378 ἰδίας
2274 2314 2531 2392 πράξεις
2585 2314 2688 2378 καὶ
2738 2313 2968 2391 τέχνας
3020 2313 3096 2376 τὸ

507 2416 720 2479 καλῶς
764 2414 1240 2495 ἐπιφωνοῦμεν.
1313 2414 1492 2478 Ἀλλ’
1536 2415 1741 2481 ἐκεῖνό
1785 2434 1877 2479 τις
1924 2414 2095 2480 εἴποι
2140 2413 2242 2497 ἄν,
2289 2414 2380 2481 ὡς
2429 2416 2618 2480 «κατὰ
2646 2416 2762 2481 τὸν
2793 2418 3096 2479 τοιοῦτον

404 2542 457 2579 ιε,
511 2517 711 2592 λόγον
771 2516 1307 2596 περιγεγράψεται
1363 2521 1481 2581 τοῦ
1539 2517 1741 2598 κα<τὰ
1794 2518 1876 2582 τὰ
1931 2515 2366 2598 ἐπιρ>ρήματα
2430 2521 2733 2597 μεριςμοῦ
2790 2517 2865 2580 τὸ
2923 2514 3096 2596 οἴμοι

508 2619 611 2681 καὶ
651 2619 735 2682 τὰ
776 2622 1042 2682 τοιαῦτα
1083 2621 1220 2683 τῶν
1266 2617 1740 2697 ἐπιρρημάτων,
1787 2618 1958 2694 λέγω
2003 2619 2083 2682 τὰ
2128 2620 2555 2697 εχετλιαςτικὰ
2599 2620 2703 2683 καὶ
2747 2616 3094 2683 εὐαςτικά.»

507 2718 687 2797 Πρὸς
754 2719 833 2785 ὃν
901 2719 1026 2785 ἔςτι
1091 2720 1331 2805 φάναι,
1400 2720 1490 2787 ὡς
1554 2720 1716 2800 τάχα
1783 2722 1898 2801 μὲν
1963 2719 2625 2801 καταχρηςτικώτερον
2689 2721 2769 2785 τὰ
2832 2721 3098 2785 τοιαῦτα

509 2821 901 2901 ἐπιρρήματα
956 2821 1293 2902 εἰρήςεται,
1365 2823 1417 2907 ᾧ
1487 2823 1661 2906 λόγῳ
1718 2824 1819 2887 καὶ
1876 2822 1940 2886 αἱ
1995 2821 2521 2903 μονογράμματοι
2581 2822 2913 2903 ςυλλαβαί,
2978 2821 3098 2887 οὐκ

404 2949 459 2987 20
513 2922 693 2989 οὗεαι
724 2924 1067 3004 ςυλλήψεις
1097 2923 1445 3003 ςτοιχείων.
1505 2925 1586 3005 μή
1618 2945 1776 2989 ποτε
1823 2925 1895 2988 δὲ
1936 2924 2036 2987 καὶ
2065 2923 2228 2989 αὐτὰ
2272 2924 2536 3003 δυνάμει
2580 2924 2711 2990 ἀπὸ
2759 2924 3098 2990 διαθέεεως

3132 1012 3164 1059 ὅ

3136 1518 3197 1569 10

3139 2029 3198 2078 15

3133 2537 3200 2585 20

513 3024 849 3104 ῥηματικῆς
904 3024 1281 3102 ἀνάγονται·
1347 3026 1410 3091 οἱ
1463 3026 1587 3105 γὰρ
1643 3027 2118 3106 ςχετλιάῑοντες
2172 3026 2549 3103 πεπόνθαει,
2609 3027 2684 3091 τὸ
2740 3028 2814 3091 δέ
2868 3029 3097 3092 παθεῖν
3131 3044 3198 3092 25

510 3127 714 3191 πεῑςίν
760 3147 903 3193 τινα
944 3134 1078 3192 τῶν
1122 3128 1194 3194 ἐκ
1235 3128 1607 3209 πράγματος
1651 3129 1856 3208 δηλοῖ.
2757 3189 2784 3228 4

676 3227 905 3306 Παρὸν
950 3229 1022 3294 δὲ
1067 3230 1166 3295 καὶ
1208 3230 1275 3298 ἐξ
1330 3228 1794 3311 ὑποδείγματος
1847 3229 2267 3295 πιετώςαςθαι
2316 3229 2432 3294 τὸν
2489 3230 2689 3306 λόγον
2747 3228 2962 3294 πάλιν.
3018 3228 3096 3292 τὸ

645 3412 861 3467 Aaou.
942 3418 1007 3467 14
1051 3413 1177 3468 Non
1222 3415 1404 3469 solnm
1439 3413 1539 3468 ubi
1573 3414 1862 3484 ponuntur
1895 3412 2096 3480 verba,
2142 3413 2241 3467 sed
2286 3414 2460 3467 etiam
2495 3412 2594 3466 ubi
2629 3411 2932 3482 cogitando
2968 3429 3097 3481 eup-

512 3495 765 3565 plentur,
813 3498 1094 3553 adverbiis
1138 3499 1371 3566 utimnr;
1416 3516 1586 3568 quem
1628 3499 1688 3551 in
1729 3515 2029 3552 numerum
2074 3496 2243 3551 etiam
2296 3498 2716 3552 interiectionee
2767 3497 3097 3552 referendae

511 3583 655 3639 sunt.
700 3612 767 3622 —
811 3588 876 3636 27
923 3582 1035 3637 Sed
1079 3583 1352 3638 adverbia
1396 3600 1586 3638 carere
1631 3600 1744 3638 non
1779 3598 1944 3652 posse
1982 3582 2168 3637 verbis
2212 3585 2473 3651 apparet3
2519 3598 2653 3636 nam
2699 3582 2932 3638 verbum
2969 3599 3096 3638 eum

510 3667 735 3720 nomine
782 3667 1141 3722 coniunctum
1185 3667 1517 3722 adverbium
1561 3685 1674 3723 non
1722 3667 2028 3733 desiderat;
2082 3668 2280 3721 eontra
2324 3667 2656 3722 adverbium
2700 3684 2827 3722 cum
2871 3667 3097 3723 nomine

512 3752 890 3805 constructum
924 3751 1143 3820 indiget
1174 3752 1364 3808 verbo,

514 3859 617 3864 --m
718 3859 741 3863 ῳ
750 3857 911 3865 -.-...--.

648 3902 877 3957 Τιςετικ.
938 3909 1002 3956 27
1036 3904 1217 3959 Schol.
1242 3905 1404 3961 Dion.
1431 3906 1561 3961 Thr.
1592 3905 1699 3959 BA
1723 3924 1778 3975 p.
1803 3911 1931 3972 932,
1958 3911 2025 3960 20
2051 3907 2111 3960 εἴ
2125 3923 2239 3959 που
2266 3902 2372 3976 μὲν
2401 3904 2517 3960 ἔστι
2544 3902 2730 3974 ἆῆμα,
2774 3903 2843 3959 οὐ
2869 3900 3097 3967 πάντως

513 3983 820 4057 ἐπίρρημα,
881 3985 1004 4042 οἷον
1059 3987 1308 4059 Τρύφων
1355 3997 1705 4060 metuat-51⁹5·-
1736 3991 1949 4045 slavum
1995 3987 2060 4044 δὲ
2108 3986 2421 4060 ἐπίρρημα,
2469 3985 2697 4052 πάντως
2741 3988 2926 4058 ῥῆμα,
2971 3986 3097 4076 0th

512 4073 697 4135 καλῶς
740 4069 988 4143 Τρύφων
1024 4067 1256 4144 γράφει.
1326 4075 1395 4129 cf.
1434 4075 1567 4134 ibid.
1603 4081 1727 4142 933,
1768 4081 1851 4130 20.

514 4180 733 4187 ——-
752 4181 919 4190 ——-—-.—

646 4224 841 4285 Discn.
881 4245 1086 4281 ecmrr.
1154 4234 1203 4285 2.
1258 4229 1317 4282 δε
1361 4245 1439 4283 ου-
1470 4246 1584 4297 μην
1630 4230 1703 4295 Α,
1756 4229 1817 4282 δὲ
1860 4230 1929 4283 οὐ
1976 4231 2051 4297 μὴ
2095 4209 2160 4294 1),
2216 4245 2280 4293 γε
2328 4229 2440 4295 μὴν
2483 4230 2553 4282 οὐ
2599 4225 3047 4282 GFSehoemann
3085 4229 3093 4297 Ι

511 4333 561 4380 4.
601 4313 882 4406 επιρρημτ
918 4330 961 4384 Α
994 4332 1003 4395 Ι
1033 4336 1080 4382 5.
1119 4331 1258 4397 μέρη
1296 4329 1506 4383 adiecit
1538 4329 1602 4395 b,
1653 4345 1812 4383 evan.
1850 4329 1909 4383 in
1944 4330 1987 4384 A
2020 4332 2029 4393 Ι
2060 4336 2110 4383 8.
2150 4346 2229 4384 ως
2266 4346 2408 4396 προς
2442 4330 2515 4395 Α,
2555 4330 2695 4397 πρὸς
2736 4329 2768 4381 b
2800 4330 2809 4395 Ι
2843 4335 2922 4382 10.
2958 4331 3097 4397 τῇδέ

510 4397 658 4464 <τε>
707 4397 739 4449 b
786 4414 845 4449 1n
880 4412 997 4454 var.
1036 4396 1165 4451 leet.
1205 4400 1214 4463 1
1257 4405 1335 4452 11.
1382 4400 1513 4451 ante
1552 4414 1691 4452 ποτε
1728 4397 1802 4450 ali
1846 4396 1944 4450 uid
1983 4396 2234 4451 deletum
2269 4399 2328 4451 in
2364 4400 2436 4463 A,
2472 4396 2531 4450 in
2568 4396 2611 4450 Ι,
2647 4397 2735 4451 eet
2769 4413 2897 4464 περι
2933 4411 3095 4465 ποτε,

510 4463 609 4516 sed
643 4462 770 4517 huic
804 4464 948 4520 nihil
982 4464 1345 4518 tribuendum
1384 4466 1394 4533 Ι
1433 4466 1784 4531 ἀντωνυμίαι
1807 4416 1882 4532 (b,
1921 4483 2013 4520 και
2048 4482 2398 4529 αντυινυμιαι
2433 4467 2476 4521 Α
2509 4473 2517 4528 Ι
2560 4471 2639 4519 15.
2675 4466 3002 4542 ςιγωμένοις
3038 4466 3093 4530 b,

511 4548 819 4598 γινομενοις
858 4534 902 4586 Α
957 4536 966 4599 Ι
1021 4537 1099 4585 16.
1135 4534 1240 4587 οὐκ
1276 4533 1514 4586 inseruit
1550 4533 1934 4600 RSehneider,
2023 4548 2085 4585 ro
2123 4535 2539 4598 ἐπιγινομένων
2576 4534 2782 4585 conicit
2816 4534 3094 4599 ςεςιγημέ-

513 4615 635 4651 νων
669 4598 1109 4667 KEASchmidtl
1144 4607 1222 4655 18.
1258 4603 1403 4666 ἡμᾶς
1440 4599 1675 4670 EEgger
1708 4601 1995 4654 RSkrzecz
2038 4617 2098 4666 a,
2136 4604 2270 4667 ἡμῖν
2306 4600 2400 4655 Ab
2431 4606 2440 4666 Ι
2479 4607 2561 4658 20.
2600 4637 2824 4657 ......
2848 4601 3094 4668 ρηματα]

513 4664 606 4718 fol.
647 4671 744 4720 115
769 4685 840 4732 r.;
887 4667 1149 4722 lacunam
1185 4668 1437 4738 explevit
1470 4668 1508 4721 b
1549 4674 1558 4736 1
1600 4675 1680 4725 21.
1716 4669 1942 4722 litterae
1977 4686 2100 4721 των
2137 4685 2208 4723 επ
2243 4668 2300 4720 in
2335 4674 2457 4722 τῶν
2493 4668 2902 4736 ἐπιρρημάτων
2937 4684 3096 4725 evan.

512 4749 660 4787 nune
693 4735 753 4787 in
790 4736 834 4788 A
866 4738 875 4799 Ι
905 4741 987 4793 22.
1024 4735 1248 4791 litterae
1284 4753 1396 4803 προ
1430 4736 1491 4789 in
1528 4754 1667 4804 προς
1704 4753 1851 4789 nune
1887 4736 2010 4804 legi·
2037 4737 2154 4789 fere
2191 4751 2303 4789 non
2381 4735 2572 4788 ossunt
2606 4735 2663 4788 in
2701 4737 2745 4789 A
2786 4739 2796 4801 ί
2833 4741 2915 4789 23.
2953 4735 3098 4802 εἰρή-

515 4801 688 4869 ςεται]
727 4801 1008 4857 ‘Fortasse
1043 4803 1156 4873 leg.
1195 4806 1433 4872 εῖρηται’
1471 4804 1507 4856 b
1542 4805 1602 4857 in
1639 4820 1751 4863 var.
1787 4804 1916 4858 leet·
1949 4811 1958 4871 Ι
1995 4809 2077 4856 26.
2114 4809 2294 4858 πεῑςιν
2421 4803 2724 4870 krzeezka,
2761 4804 2948 4858 πίςτιν
2983 4803 3095 4870 Ab,

513 4886 616 4939 pro
652 4870 837 4925 πίςτιν
870 4872 999 4926 τινὰ
1032 4877 1154 4927 τῶν
1190 4872 1399 4927 conicit
1432 4872 1672 4928 διάθεςίν
1708 4889 1834 4927 τινα
1869 4875 1979 4939 τὴν
2015 4869 2423 4925 KEASchmidt
