3738 5530
727 237 814 306 98
905 235 1349 294 Commentarius
1379 236 1605 292 criticus
1635 235 1693 290 et
1721 235 2042 306 exegeticus
2069 234 2130 289 in
2156 232 2443 305 Apollonii
2471 231 2700 303 Dyscoli
2729 231 2939 304 scripta
2964 232 3198 288 minora.

909 411 1010 485 71,
1033 410 1115 468 22
1163 402 1603 486 Ἀρίεταρχον]
1652 407 1723 466 cf.
1754 406 2187 484 Wackernagel
2234 404 2396 482 path.
2439 404 2538 464 55.

909 519 1009 592 71,
1033 518 1115 576 25
1164 511 1313 590 παρ’
1362 510 1415 594 ᾧ
1464 506 1778 597 (Homero)
1820 561 1831 572 .
1874 561 1886 572 .
1925 508 2207 574 πάντοτε
2256 508 2327 573 ἐν
2373 507 2653 572 διαλύεει
2700 507 2827 572 ἑετὶ
2871 506 2953 571 τὰ
2996 505 3204 590 τρίτα]
3265 512 3333 570 cf.

726 608 865 667 Her.
914 607 944 666 I
984 607 1131 681 560,
1152 608 1208 664 4.
1255 605 1318 664 H
1349 606 1451 681 65,
1475 606 1573 663 27.
1627 605 1772 680 148,
1795 605 1862 680 8;
1910 602 2379 664 adversabantur
2414 601 2619 661 Habro
2667 605 2727 662 et
2759 599 3133 662 Ptolemaeus
3160 601 3334 661 Asca-

725 699 944 772 lonita3
1017 695 1430 755 Aristarchum
1493 693 1882 771 Apollonium
1946 693 2353 753 Herodianum
2418 694 2747 769 sequuntur
2808 693 3163 751 recentiores
3178 736 3196 767 ,
3266 691 3333 750 cf.

728 785 922 846 Cauer
965 787 1029 844 in
1078 783 1238 844 Gurt.
1288 782 1455 843 Stud.
1503 781 1624 843 VH
1665 784 1807 844 159.

910 896 1010 968 71,
1035 894 1115 952 28
1164 885 1664 969 παρηκολούθει]
1714 885 2004 950 ‘accidere
2050 884 2325 950 dicebat'.

909 985 1009 1058 71,
1033 985 1113 1043 29
1164 977 1226 1042 οἱ
1272 975 1747 1060 ἀντιλέγοντες]
1794 982 1858 1039 in
1907 979 2121 1057 quibus
2167 979 2391 1056 Habro,
2438 982 2593 1057 synt.
2646 980 2792 1056 181,
2815 982 2869 1039 7.

907 1075 1008 1148 71,
1031 1072 1286 1132 30-31
1341 1065 1460 1144 τήν
1505 1085 1574 1130 τε
1614 1069 1832 1144 χρῆειν
1873 1066 1961 1131 ὡ(
1998 1066 2143 1144 ὑγιῆ
2182 1068 2553 1130 πιστοῦνται
2589 1065 2695 1129 διὰ
2731 1069 2865 1129 τῶν
2901 1064 3335 1130 Πλατωνικῶν

723 1155 1290 1239 παραδειγμάτων]
1339 1154 1435 1219 ‘zu
1484 1158 1707 1220 andern
1751 1162 1815 1219 in
1862 1155 2381 1234 ὑποδειγμάτων;
2428 1158 2584 1219 denn
2629 1158 2836 1235 dieses,
2881 1159 3049 1219 nicht
3082 1159 3189 1219 <las
3226 1178 3337 1219 von

724 1252 839 1312 den
893 1251 1216 1311 Atticisten
1285 1242 1432 1332 (vgl.
1480 1247 1623 1309 Lob.
1673 1248 1749 1308 ad
1795 1248 2016 1326 Phryn.
2069 1242 2180 1330 12)
2246 1247 2580 1328 gesorderte
2624 1248 2802 1309 Wort
2858 1248 3185 1328 gebraucht
3226 1249 3336 1325 Ap.

726 1362 802 1402 an
850 1343 933 1401 32
976 1339 1229 1415 Stellen3
1274 1359 1345 1398 zu
1393 1337 1616 1397 andern
1660 1341 1743 1399 ist
1786 1339 2017 1398 danach
2054 1339 2208 1398 noch
2245 1338 2317 1398 de
2355 1342 2571 1399 constr.
2612 1340 2760 1414 212,
2785 1339 2897 1414 18,
2941 1333 3340 1414 παράδειγμα

723 1433 806 1491 ist
830 1430 926 1491 bei
954 1430 1067 1508 Ap.
1098 1429 1265 1489 nicht
1300 1421 1676 1506 “Beispiel'',
1723 1429 1977 1489 sondern
2007 1422 2282 1505 “Gesetz,
2328 1421 2590 1508 Regel'’:
2636 1429 2754 1506 vgl.
2794 1427 2866 1487 de
2904 1427 3036 1488 adv.
3072 1422 3338 1504 167,21’

722 1519 935 1580 Matth.
985 1520 1048 1579 Π
1088 1520 1233 1579 636.
1326 1517 1592 1577 Primum
1640 1517 1900 1577 demiror
1943 1518 2263 1578 Matthiam
2310 1538 2380 1578 ex
2426 1537 2545 1578 uno
2590 1517 2730 1577 libri
2777 1517 2850 1577 de
2897 1516 3179 1578 adverbio
3214 1517 3338 1577 loco

723 1610 1021 1688 colligere,
1050 1602 1454 1684 παράδειγμα
1482 1606 1641 1685 apud
1669 1609 1782 1685 Ap.
1805 1625 1931 1668 esse
1963 1602 2212 1684 τ(31333111,
2242 1601 2479 1687 Regel’;
2516 1609 2567 1667 si
2593 1607 2796 1684 plui-es
2822 1608 2939 1667 loci
2965 1610 3031 1666 in
3063 1611 3340 1685 promptu

724 1703 913 1775 erant,
961 1699 1159 1758 afferri
1206 1716 1307 1757 eos
1353 1696 1683 1774 oportebat.
1768 1695 2024 1757 Omnino
2061 1697 2206 1757 haec
2243 1699 2427 1773 notio,
2474 1697 2634 1775 quod
2672 1697 2924 1774 videam,
2968 1699 3102 1757 voci
3139 1692 3340 1772 παρά-

722 1790 950 1863 δειγμα
1004 1808 1125 1848 11011
1183 1787 1410 1862 subest3
1473 1787 1580 1846 ino
1637 1785 1767 1847 adv.
1815 1788 1947 1847 loco
2005 1790 2095 1847 est
2149 1790 2349 1865 potius
2405 1780 2860 1848 ‘demonstratio
2905 1806 3013 1864 per
3059 1786 3341 1863 exempla,

722 1872 1013 1938 inductio'
1061 1879 1132 1936 cf.
1173 1877 1355 1937 Arist.
1393 1876 1564 1936 Rhet.
1609 1877 1810 1936 1393·
1863 1878 1945 1936 26
1996 1871 2224 1951 ὅμοιον
2271 1872 2393 1952 γὰρ
2444 1872 2751 1956 ἐπαγωγῇ
2798 1873 2875 1937 τὸ
2922 1871 3342 1952 παράδειγμα.

721 1968 799 2028 ib.
844 1959 1047 2028 1356b
1095 1967 1133 2025 5
1182 1962 1258 2026 τὸ
1305 1961 1710 2041 παράδειγμα
1756 1961 2063 2041 ἐπαγωγὴ
2113 1961 2431 2042 ῥητορική.
2532 1965 2760 2026 Deinde
2807 1968 3092 2044 quoniam
3139 1961 3339 2040 παρά-

723 2058 952 2132 δειγμα
998 2057 1332 2132 antiquitus
1379 2049 1761 2132 ‘exemplum'
1807 2055 2200 2133 significabat,
2246 2075 2440 2117 nonne
2478 2055 2799 2133 Apollonio
2847 2073 3084 2133 quoque
3128 2054 3344 2115 licebat

724 2166 856 2207 eam
911 2149 1214 2207 notionem
1267 2146 1360 2204 illi
1408 2146 1764 2221 aliquotiens
1810 2144 2105 2222 subicere,
2162 2146 2277 2206 etsi
2336 2145 2774 2205 concedendum
2828 2148 2920 2205 est
2964 2147 3243 2205 usitatius
3291 2145 3343 2203 ei

724 2255 850 2298 esse
895 2232 1254 2309 ὑπόδειγμα
1299 2237 1360 2294 et
1403 2229 1787 2308 uuodeecic?
1859 2233 1933 2293 V.
1969 2235 2090 2295 ind.

907 2345 1007 2420 72,
1032 2346 1064 2402 1
1116 2341 1278 2414 γοῦν
1317 2367 1401 2390 ==
1431 2342 1614 2418 velut,
1653 2345 1721 2402 ut
1757 2343 2094 2420 exemplum
2132 2342 2389 2402 afferam.
2467 2342 2556 2402 De
2592 2362 2656 2403 re
2694 2343 2766 2401 cf.
2797 2345 2954 2419 synt.
2989 2343 3135 2420 181,
3157 2344 3233 2402 21
3255 2360 3341 2419 sq.

729 2434 875 2509 183,
898 2435 932 2492 7
965 2451 1048 2510 sq.

908 2524 1009 2598 72,
1032 2523 1070 2580 5
1119 2515 1588 2599 κριτικώτεροε]
1638 2522 1709 2580 cf.
1758 2520 1944 2581 Lehrs
1990 2511 2205 2581 Arist.²
2253 2522 2397 2582 359.

907 2613 1200 2687 72,6-7
1241 2606 1281 2685 ἡ
1320 2606 1562 2671 πλείων
1600 2606 1942 2686 παράθεειε
1970 2641 2058 2652 -
2088 2606 2331 2689 κανών]
2381 2612 2452 2670 cf.
2493 2615 2647 2688 synt.
2693 2611 2837 2686 184,
2861 2615 2892 2670 1
2947 2607 3022 2671 τὸ
3070 2606 3345 2672 ἔλαττον

725 2698 855 2762 ὑπὸ
900 2701 1018 2763 τοῦ
1064 2696 1366 2761 πλείονος
1414 2696 1860 2776 διελέγχεεθαι.
1928 2719 2093 2778 pron.
2136 2702 2239 2776 81,
2263 2701 2301 2759 5
2341 2695 2530 2761 ἕνεκα
2568 2698 2683 2776 μὲν
2721 2700 2854 2761 τῶν
2892 2696 3011 2762 δύο
3059 2698 3223 2777 πρὸ(
3266 2697 3345 2762 τὸ

725 2789 798 2852 ἓν
843 2788 920 2853 τὸ
966 2788 1039 2852 ἓν
1078 2787 1426 2851 εὐθύνεται.
1484 2788 1689 2850 Choer.
1720 2791 1752 2850 I
1792 2792 1939 2867 103,
1960 2791 2132 2849 5-—6
2164 2790 2325 2869 Η113.
2399 2788 2481 2851 τὰ
2519 2788 2641 2866 γὰρ
2679 2787 2953 2852 πλείονα
2988 2790 3121 2853 τῶν
3161 2787 3343 2852 ἐλατ-

724 2877 939 2942 τόνων
984 2877 1270 2941 κανόνες.

909 2989 1010 3064 72,
1034 2989 1265 3047 7—10.
1358 2986 1449 3047 De
1503 2987 1614 3046 hoc
1667 2987 1797 3047 loco
1854 2990 1916 3046 et
1969 2987 2308 3064 perdifficili
2352 3007 2485 3063 nec,
2550 2992 2620 3047 ut
2673 2988 2937 3063 videtur,
3001 3006 3148 3048 sano
3194 3008 3347 3065 quae

728 3077 1062 3155 disputavit
1099 3076 1222 3136 Ska
1260 3069 1319 3158 (Ι
1360 3068 1492 3157 18),
1535 3079 1797 3153 primum
1839 3077 2292 3137 transscribamt
2340 3073 2446 3137 ‘Et
2491 3080 2688 3137 cetera
2732 3077 2971 3154 quidem
3016 3080 3166 3138 satis
3208 3082 3349 3139 sunt

724 3169 1066 3246 perspicua,
1131 3166 1233 3226 sed
1298 3165 1594 3243 quomodo
1640 3166 1872 3226 numeri
1918 3161 2249 3244 (δεκάδυο,
2296 3164 2588 3243 τέτταρα,
2634 3163 2807 3245 τρία)
2867 3170 3165 3244 constent,
3226 3187 3347 3228 non

727 3259 874 3316 satis
924 3259 1186 3333 apparet.
1278 3255 1436 3315 Nam
1481 3257 1534 3314 si
1581 3258 1687 3314 aut
1730 3275 1839 3332 pro
1887 3254 2123 3317 δυῖκῶν
2169 3256 2319 3335 legis
2365 3252 2565 3329 δυϊκά,
2613 3260 2720 3316 aut
2754 3256 3201 3332 πληθυντικῶν
3238 3277 3348 3334 pro

726 3340 1145 3420 πληθυντικά,
1211 3347 1281 3404 ut
1343 3344 1523 3405 verba
1587 3341 1851 3420 πρώτου
1908 3342 2011 3405 καὶ
2064 3341 2372 3421 δευτέρου
2427 3366 2545 3407 11011
2601 3348 2796 3407 minus
2852 3346 2929 3406 ad
2975 3347 3213 3407 dualem
3254 3366 3348 3405 re-

727 3435 998 3495 ferantur
1044 3453 1224 3511 quam
1271 3434 1346 3493 ad
1410 3434 1730 3510 pluralem,
1795 3437 1847 3494 si
1892 3454 2070 3511 porro
2116 3437 2422 3514 genetivos
2469 3440 2531 3496 et
2575 3436 2809 3497 dativos
2855 3435 3053 3496 dualis
3098 3437 3348 3511 numeri,

730 3542 1090 3602 quamquam
1127 3543 1248 3583 una
1285 3526 1375 3584 est
1411 3542 1616 3583 eorum
1651 3525 1861 3600 forma,
1909 3542 2173 3584 seorsum
2208 3544 2501 3602 numeras,
2537 3529 2695 3586 recte
2733 3525 2974 3603 quidem
3009 3525 3351 3587 efficiuntur

727 3614 1102 3674 duodecim
1147 3631 1344 3688 casua,
1408 3632 1507 3673 sex
1554 3613 1749 3673 dualis
1795 3617 2026 3674 numeri
2072 3617 2134 3675 et
2178 3615 2430 3676 totidem
2472 3616 2764 3694 plurales,
2811 3619 2916 3694 qui
2959 3618 3023 3675 in
3070 3634 3183 3676 usu
3227 3636 3348 3676 non

725 3705 994 3779 fuerunt,
1057 3706 1216 3764 recte
1272 3722 1334 3763 se
1392 3703 1574 3763 etiam
1619 3703 1801 3764 habet
1845 3722 2126 3763 numerus
2174 3707 2618 3781 quaternarius:
2680 3705 2744 3764 id
2790 3725 2931 3765 vero
2975 3708 3195 3766 mirum
3239 3709 3348 3781 est,

726 3793 886 3871 quod
931 3793 1242 3853 duodecim
1277 3794 1399 3852 illis
1436 3793 1642 3854 formis
1680 3786 1814 3875 (72,
1829 3796 1865 3853 7
1897 3796 1958 3853 et
1988 3795 2089 3869 72,
2116 3785 2225 3875 10)
2274 3798 2435 3856 tres
2481 3795 2697 3856 tertiae
2733 3813 2883 3872 pers.
2915 3797 3182 3873 opponit,
3227 3813 3349 3856 non

730 3902 758 3943 3
777 3902 885 3958 ex,
951 3901 1084 3942 cum
1141 3883 1347 3943 eodem
1401 3883 1528 3943 iure
1575 3882 2122 3943 commemorandae
2168 3884 2394 3944 fuerint
2436 3889 2557 3945 tres
2603 3885 2827 3945 formae
2873 3885 3069 3945 dualis
3116 3885 3349 3945 numeri

728 3928 990 4032 eiusdem
1036 3991 1206 4050 pers,
1255 3991 1403 4050 quas
1448 3974 1510 4030 in
1558 3990 1671 4033 usu
1719 3973 1902 4033 fuisse
1948 3975 2071 4033 veri
2118 3977 2210 4033 est
2253 3976 2460 4034 simile.
2556 3974 2622 4034 Si
2668 3992 2807 4035 vero
2853 3979 3092 4035 servata
3128 3974 3347 4035 codicis

727 4063 979 4123 lectione
1026 4063 1100 4122 de
1147 4062 1418 4123 omnibus
1466 4065 1734 4122 omnium
1779 4081 2164 4140 personarum
2219 4064 2426 4125 formis
2481 4064 2675 4124 dualis
2722 4066 2954 4124 numeri
2999 4068 3100 4144 331
3146 4064 3346 4125 existi-

727 4170 884 4227 mas,
948 4154 1018 4211 ut
1072 4155 1335 4230 genetivi
1389 4155 1450 4212 et
1503 4152 1695 4212 dativi
1749 4151 1944 4213 forma
1997 4173 2119 4213 una
2162 4156 2267 4229 sit,
2332 4155 2639 4233 genetivos
2687 4157 2887 4214 autem
2932 4150 3198 4229 πρώτου
3242 4149 3349 4215 καὶ

727 4236 1037 4316 δευτέρου
1093 4242 1170 4301 ad
1224 4241 1415 4301 solum
1470 4237 1865 4315 πληθυντικά
1920 4244 2129 4318 refers,
2193 4243 2425 4320 reliqua
2484 4244 2722 4320 quidem
2770 4246 2969 4304 omnia
3014 4246 3162 4305 satis
3208 4246 3349 4304 sunt

732 4331 1025 4407 expedita,
1072 4330 1173 4390 sed
1221 4330 1365 4407 quid
1411 4330 1524 4391 sibi
1572 4331 1762 4392 velint
1805 4326 2010 4405 πάεηε
2056 4328 2361 4393 πτώεεωε
2406 4329 2674 4409 τέεεαρα
2720 4334 2818 4393 vix
2855 4334 3088 4393 dixeris.
3183 4332 3348 4403 Quae

728 4439 859 4479 cum
926 4422 1017 4480 ita
1076 4422 1224 4495 sint,
1286 4422 1545 4497 priorem
1608 4421 2166 4497 interpretationem
2228 4422 2677 4499 praeferendam
2740 4441 2864 4482 3333
2930 4423 3215 4499 arbitror,
3276 4426 3349 4482 ut

729 4509 1086 4586 Apollonius
1132 4512 1328 4570 minus
1375 4514 1648 4570 accurate
1695 4511 1932 4571 locutus
1978 4527 2102 4570 esse
2148 4513 2209 4570 et
2252 4514 2444 4572 solum
2489 4513 2784 4590 pluralem
2830 4515 2964 4572 tert.
3010 4532 3163 4590 pers.
3213 4532 3349 4573 cum

730 4601 1037 4676 utriusque
1083 4602 1315 4659 numeri
1359 4600 1567 4659 formis
1613 4620 1698 4676 pr.
1748 4605 1810 4660 et
1854 4618 1963 4660 sec.
2012 4619 2163 4677 pere.
2212 4618 2583 4681 comparasse
2628 4597 2943 4664 videatur'.

910 4702 1233 4781 (χήματα,
1281 4706 1353 4766 de
1400 4707 1615 4784 quibus
1663 4709 1882 4786 agitur,
1941 4727 2112 4766 nemo
2158 4728 2276 4768 non
2322 4710 2487 4772 videt
2532 4729 2657 4771 esse
2701 4712 2923 4771 formas
2970 4713 3345 4788 compositas,

732 4795 938 4870 quales
995 4798 1134 4855 sunt
1189 4792 1440 4857 ἑαυτῶν
1496 4792 1750 4858 ἑαυτοῖς
1806 4792 2095 4858 ἑαυτούς.
2199 4799 2330 4859 13111
2374 4803 2443 4859 ut
2488 4804 2618 4861 tota
2661 4819 2755 4861 res
2802 4821 2920 4861 uno
2967 4799 3181 4860 obtutu
3228 4801 3345 4860 col-

732 4885 974 4944 lustrari
1031 4886 1246 4962 possit,
1309 4886 1457 4947 duas
1513 4887 1838 4966 adpingam
1892 4886 2128 4948 tabulas
2183 4890 2274 4950 ita
2327 4894 2727 4968 comparatas,
2792 4894 2861 4950 ut
2914 4891 3135 4952 formas
3192 4908 3347 4969 quae
