3738 5530
732 354 809 416 14
1659 355 1843 406 ΠΕΡΙ
1881 355 2385 408 ΑΝΤΩΝΤΜΙΑΣ.

1607 448 2439 500 p.15(275sos—1s(2⁷s)c⁴b

892 526 1170 606 Ἐδείχθη
1229 525 1353 606 ἄρα
1412 526 1500 591 ὡς
1542 525 1581 603 ἡ
1641 525 1749 588 ἐπ’
1795 525 2018 590 αὐταῖς
2072 529 2281 603 κλῆςις
2350 527 2741 606 διέψευςται,
2797 527 2885 592 εἰς
2941 529 3019 593 τὰ
3063 528 3322 593 ἐναντία
3363 549 3424 600 16
3453 544 3502 596 A
3609 550 3614 559 ·

722 630 1184 708 περιιςταμένη.
1273 628 1395 692 οὐκ
1453 626 1630 707 οἶμαι
1686 629 1757 691 δὲ
1801 627 2070 706 ἄκαιρον
2117 628 2484 705 γενήςεςθαι
2527 630 2604 693 τὸ
2649 631 2752 693 καὶ
2801 632 2918 696 τὸν
2965 630 3165 706 λόγον
3209 634 3322 708 τῆς

724 731 1095 796 ἀςυνταξίας
1139 731 1542 808 παραθέςθαι.
1628 728 1700 792 Ἠ
1746 736 1878 793 τῶν
1924 727 2183 808 ἄρθρων
2229 731 2508 813 ςημαςίἄ
2544 730 2851 809 ἀλλοτρία
2906 732 3159 797 δείξεως
3213 753 3322 796 κα-

724 833 1047 910 θέςτηκεν,
1093 831 1549 906 ἐπαγγέλλεται
1582 833 1652 895 δὲ
1685 831 2061 910 ἀναφοράν,
2108 829 2146 893 ὅ
2178 832 2343 897 ἐςτιν
2374 833 2916 912 ἀναπολούμενον
2948 835 3319 911 πρόςωπον.

658 948 690 996 5
726 937 937 1013 ὀρθῶς
968 933 1088 997 οὖν
1119 940 1248 997 τῶν
1280 934 1751 1015 πρωτοτύπων,
1794 936 1988 999 δεῖξιν
2021 938 2477 1011 ςημαινουςῶν,
2522 937 2679 998 κατὰ
2711 935 3021 1012 πρόταξιν
3053 936 3318 1014 ἀμοιρεῖ,
3357 932 3366 941 ’

725 1034 1189 1103 καθ’ὑπόταξιν
1235 1036 1307 1098 δὲ
1354 1034 1594 1109 οὐκέτι,
1642 1035 1794 1111 ἐγὼ
1841 1037 1929 1100 ὃς
1971 1035 2332 1114 ἐποίηςα·
2381 1034 2699 1101 ἀναπολεῑ
2739 1037 2864 1115 γὰρ
2895 1037 2998 1101 ἐπὶ
3038 1039 3155 1116 τὴν
3187 1037 3319 1113 ἐγώ

725 1142 1254 1218 προϋφεςτῶςαν.

891 1239 1055 1304 Ἐςτι
1101 1240 1201 1304 καὶ
1231 1237 1441 1303 οὕτως
1472 1238 1688 1302 εἰπεῖν.
1752 1238 1815 1301 αἱ
1856 1237 2250 1318 ἀντωνυμίαι
2281 1243 2418 1304 τοῖς
2448 1240 2758 1319 πύςμαςιν
2790 1239 3312 1317 ἀνθυπαγόμεναι
3349 1254 3394 1307 Β

722 1345 956 1416 γνῶςιν
1015 1341 1281 1431 πρώτην
1341 1340 1849 1415 ἐπαγγέλλονται
1909 1340 2042 1421 (τίς
2108 1342 2486 1421 ἔγραψεν,
2554 1340 2704 1417 ἐγώ
2769 1342 2809 1420 ἢ
2856 1341 3046 1427 ὅδε),
3112 1343 3191 1405 τὰ
3246 1345 3318 1407 δὲ

624 1456 688 1506 10
726 1441 931 1522 ἄρθρα
977 1442 1283 1519 δευτέραν
1339 1445 1576 1518 γνῶςιν
1622 1442 1936 1524 ςημαίνει,
1994 1441 2410 1521 ἄνθρωπος
2468 1442 2737 1526 ἦλθεν,
2795 1442 2833 1507 ὁ
2890 1441 3316 1522 ἄνθρωπος

721 1543 992 1623 ἦλθεν·
1038 1545 1330 1608 πλοῖον
1376 1543 1582 1622 ἦλθε,
1628 1542 1715 1607 τὸ
1759 1546 2055 1608 πλοῖον
2099 1543 2308 1622 ἦλθε,
2355 1547 2429 1609 τὸ
2462 1546 2562 1609 καὶ
2591 1546 2787 1609 πάλαι
2817 1546 3313 1625 γινωςκόμενον.

721 1653 861 1710 πῶς
918 1645 1037 1710 οὖν
1094 1645 1374 1710 δυνατὸν
1428 1645 1506 1708 τὸ
1564 1642 1807 1724 ἄρθρον
1852 1646 2310 1722 προτάςςεςθαι
2356 1650 2465 1723 τῆς
2509 1648 2766 1725 πρώτης
2811 1647 3095 1729 δείξεως;
3153 1647 3313 1711 ἀκω-

722 1748 930 1811 λύτως
985 1748 1109 1825 γὰρ
1165 1746 1658 1824 ὑποταγήςεται,
1726 1747 2187 1812 ἀναπολοῦντα
2254 1749 2356 1812 έπὶ
2415 1749 2531 1826 τὴν
2597 1747 3021 1826 προκειμένην
3087 1753 3310 1825 δεῖξιν,

721 1848 852 1928 ἐμὲ
896 1850 987 1913 ὃν
1031 1848 1411 1927 ἐτίμηςας.
1459 1884 1539 1893 --
1588 1849 1995 1926 Μαρτυροῡςι
2026 1856 2117 1931 τῷ
2151 1849 2328 1932 λόγῳ
2360 1849 2424 1912 αἱ
2453 1850 2845 1926 παραγωγοί.
2914 1852 3313 1915 δεικνύουςαι

622 1964 684 2011 15
719 1951 832 2025 μὲν
877 1950 1001 2028 γὰρ
1046 1950 1120 2013 τὸ
1167 1953 1366 2027 κτῆμα
1410 1948 1849 2027 ἀπρόςληπτοί
1881 1949 2031 2014 εἰςιν
2063 1947 2351 2028 ἄρθρων,
2399 1950 2584 2029 έμὸς
2631 1948 2729 2030 εἴ,
2776 1950 3162 2030 ἡμέτερος
3208 1949 3305 2015 εἴ·
3348 1963 3388 2019 C

720 2049 881 2129 ὑπὲρ
929 2052 999 2115 δὲ
1045 2051 1329 2115 ἀπόντος
1359 2055 1475 2114 τοῦ
1508 2051 1818 2129 κτήματος
1849 2051 2287 2116 ἀναπολοῦςιν
2319 2051 2422 2115 ἐπὶ
2452 2052 2569 2129 τὴν
2599 2052 3025 2131 προκειμένην
3056 2057 3311 2134 γνῶςιν,

719 2151 757 2216 ὁ
803 2153 991 2232 ἐμός
1034 2153 1195 2216 ἐςτι
1241 2153 1504 2233 φίλος,
1551 2152 1590 2215 ό
1635 2152 2017 2231 ἡμέτερός
2063 2152 2274 2217 ἐςτιν
2321 2152 2649 2229 οἰκέτης.
2741 2154 2951 2237 τούτῳ
2996 2160 3088 2235 τῷ
3136 2154 3310 2236 λόγῳ

722 2254 797 2317 τὸ
843 2252 895 2317 ὦ
940 2255 1046 2318 ἐπὶ
1087 2256 1377 2332 κλητικῆς
1422 2254 1764 2329 δείκνυται,
1813 2253 1904 2318 ὡς
1950 2253 2029 2316 οὐ
2073 2257 2184 2330 τῆς
2231 2254 2488 2319 ἐννοίας
2533 2259 2664 2318 τῶν
2708 2253 2967 2333 ἄρθρων
3013 2255 3240 2333 ἔχεται.

885 2354 1146 2433 Ῥητέον
1192 2358 1263 2419 δὲ
1308 2357 1408 2418 καὶ
1453 2356 1613 2433 ὑπὲρ
1659 2360 1789 2419 τῶν
1839 2354 2308 2430 ὑποτακτικῶν,
2369 2354 2459 2418 ὡς
2505 2359 2641 2419 ταῖς
2687 2359 2994 2435 κτητικαῖς
3039 2357 3119 2420 οὐ
3166 2378 3311 2421 ςυν-

616 2472 683 2521 20
718 2457 1018 2521 τάςςεται.
1091 2457 1377 2537 Ἐφαμεν
1419 2459 1497 2536 δὴ
1544 2458 1618 2521 τὸ
1664 2457 1907 2535 ἄρθρον
1959 2457 2627 2537 παραλαμβανόμενον
2672 2461 2908 2532 γνῶςιν
2950 2464 3303 2538 προῖοῦςαν
3343 2479 3403 2527 17
3431 2472 3482 2525 A

720 2559 1248 2635 ἐπαγγέλλεςθαι,
1294 2560 1373 2621 τὰ
1419 2561 1489 2622 δὲ
1534 2561 1787 2636 κτητικὰ
1832 2559 2094 2635 ἐλλειπῆ
2140 2558 2268 2622 ἐςτὶ
2309 2563 2427 2622 τοῦ
2471 2559 2586 2639 ἐφ’
2630 2560 2668 2623 ὃ
2713 2561 2980 2640 φέρεται
3025 2560 3062 2638 ἡ
3109 2565 3312 2638 κτῆςις

715 2661 1098 2738 προςώπου·
1144 2661 1218 2725 τὸ
1249 2660 1373 2737 γὰρ
1404 2660 1986 2739 Ἀριςτάρχειος
2028 2661 2130 2724 καὶ
2159 2660 2338 2738 ἐμός
2372 2659 2665 2734 ἄγνωςτα
2709 2663 2867 2725 κατὰ
2911 2664 3029 2739 τὴν
3075 2666 3308 2738 κτῆςιν.

716 2763 859 2824 πῶς
905 2759 1026 2824 οὖν
1070 2762 1146 2825 τὸ
1191 2764 1428 2836 γνῶςιν
1474 2761 2037 2840 ἐπαγγελλόμενον
2098 2762 2201 2826 ἐπὶ
2246 2763 2363 2841 τὴν
2410 2761 2670 2841 ἐλλειπῆ
2718 2763 3071 2841 προςώπου
3117 2768 3311 2830 δεῖξιν

717 2862 1203 2939 ἀνενεχθήςεται
1218 2884 1232 2937 ;

612 2979 679 3027 25
884 2964 1285 3028 Ἐπιςτατέον
1342 2966 1411 3028 δὲ
1454 2963 1741 3048 ’κάκείνῳ
1796 2969 1889 3046 τῷ
1949 2962 2152 3047 λόγῳ,
2209 2965 2263 3028 εἰ
2318 2964 2489 3028 ὅλως
2533 2968 2666 3027 τῶν
2711 2971 3150 3042 προτακτικῶν
3195 2964 3307 3045 ἄρ-

850 3182 1068 3237 Αιιονιι.
1136 3189 1154 3235 1
1200 3182 1462 3236 Articulis
1497 3181 1802 3246 referendi,
1844 3182 2227 3249 personalibus
2262 3182 2687 3236 demonstrandi
2721 3184 2878 3236 notio
2915 3183 3172 3238 subiecta
3207 3187 3305 3238 est,

714 3267 895 3332 Quare
945 3266 1166 3320 articuli
1212 3265 1599 3334 personalibus
1643 3283 1756 3319 non
1802 3271 2242 3335 praeponuntur.
2298 3297 2360 3306 —
2420 3274 2453 3321 8
2496 3266 2715 3320 Poteris
2760 3268 2928 3320 etiam
2975 3268 3052 3321 sic
3099 3269 3302 3322 dicere.

712 3351 1052 3407 Pronomina
1086 3351 1385 3420 primariae
1434 3349 1771 3420 cognitionis
1808 3350 1915 3403 vim
1953 3351 2182 3417 habent,
2221 3350 2441 3405 articuli
2477 3350 2868 3416 secundariae,
2914 3351 2948 3408 i.
2988 3368 3037 3406 e.
3077 3353 3159 3406 rei
3193 3353 3306 3406 iam

712 3439 880 3491 antea
926 3439 1093 3490 notae
1139 3436 1469 3490 memoriam
1515 3435 1923 3505 redintegrant.
2002 3435 2184 3501 Quare
2221 3435 2494 3504 praeponi
2538 3435 2855 3503 pronomini
2900 3452 3011 3490 non
3055 3439 3308 3505 possunt,

710 3523 947 3590 possunt
978 3521 1267 3591 postponi,
1303 3523 1368 3574 ut
1401 3523 1664 3590 repetant
1700 3521 1758 3575 id
1796 3521 1949 3590 quod
1984 3536 2294 3589 pronomen
2331 3520 2751 3574 demonstravit.
2826 3518 2994 3574 Cuius
3032 3519 3112 3573 rei
3145 3521 3304 3574 testi-

710 3606 899 3661 monio
940 3606 1072 3659 sunt
1101 3607 1429 3674 possessiva.
1468 3635 1528 3643 —
1574 3613 1634 3660 19
1669 3605 1987 3660 Possessiva
2022 3607 2211 3658 autem
2248 3621 2348 3658 cur
2381 3605 2814 3673 postpositivum
2858 3604 3156 3659 articulum
3192 3620 3304 3658 non

709 3689 1010 3759 recipiant,
1054 3690 1196 3744 haec
1232 3693 1318 3744 est
1351 3706 1540 3755 causa,
1588 3690 1741 3759 quod
1776 3688 2046 3743 articulus
2081 3688 2513 3743 antecedentem
2550 3688 2928 3758 cognitionem
2965 3688 3203 3753 indicat,
3247 3688 3305 3743 in

710 3774 1033 3844 possessivis
1068 3778 1259 3828 autem
1295 3774 1413 3829 cius
1436 3774 1534 3843 qui
1557 3774 1878 3843 possidetur
1900 3788 2142 3841 persona
2163 3788 2277 3825 non
2302 3772 2678 3841 cognoscitur;
2716 3772 2835 3826 eius
2858 3774 3032 3842 igitur
3054 3772 3304 3841 cognitio

710 3859 948 3913 articulo
982 3858 1236 3912 revocari
1271 3875 1382 3914 non
1418 3861 1623 3928 potest.
1663 3888 1727 3897 —
1764 3865 1830 3912 25
1855 3857 2141 3912 Articulus
2174 3856 2499 3926 possessivis
2533 3858 2887 3925 praepositus
2922 3873 3034 3911 non
3069 3856 3143 3910 ad
3176 3873 3303 3925 pos-

708 3959 1006 4009 sessorem,
1054 3959 1223 4011 quem
1267 3943 1454 4012 priore
1500 3943 1652 3997 vocis
1694 3945 1857 4011 parte
1905 3943 2228 4012 designant,
2275 3942 2373 3997 sed
2417 3941 2490 3996 ad
2526 3958 2646 3995 rem
2681 3958 2990 4009 possessam
3027 3941 3303 4010 pertinet3

708 4027 899 4096 itaque
936 4027 1006 4082 ad
1042 4045 1166 4081 eam
1202 4026 1466 4096 dirigitur
1499 4026 1723 4081 articuli
1756 4026 1949 4081 forma.

843 4247 1025 4301 Dison.
1062 4265 1263 4302 somer.
1305 4254 1349 4302 1.
1388 4251 1576 4315 κλῆςις
1609 4249 1676 4314 b,
1714 4253 1881 4304 κλιςις
1908 4250 1951 4304 Α
1983 4253 1991 4314 1
2023 4256 2070 4306 3.
2095 4250 2226 4315 post
2248 4252 2584 4315 παραθεςθαι
2609 4263 2846 4316 parvum
2870 4248 3110 4316 spatium
3141 4252 3197 4300 in
3224 4249 3266 4300 A
3293 4249 3299 4314 Ι

707 4339 756 4387 6.
804 4333 919 4397 ἐγώ
967 4333 1029 4397 b,
1079 4348 1193 4397 εγω
1240 4349 1304 4387 ος
1350 4349 1583 4399 εποιηςα
1625 4335 1667 4387 Α
1708 4335 1717 4400 Ι
1767 4335 1819 4386 7.
1853 4335 1987 4402 post
2020 4350 2466 4400 προυφεςτωςαν
2518 4348 2753 4401 parvum
2809 4333 3053 4401 spatium
3106 4334 3164 4385 in
3206 4333 3251 4385 A
3294 4335 3300 4400 Ι

705 4422 755 4471 8.
796 4434 947 4472 εςτιν
971 4420 1013 4471 Α
1046 4418 1056 4484 Ι
1086 4423 1135 4470 9.
1176 4418 1273 4471 ὅδε
1308 4417 1373 4484 b,
1407 4420 1533 4471 οςδε
1570 4419 1612 4470 Α
1645 4421 1653 4485 Ι
1687 4422 1766 4470 11.
1799 4422 1975 4483 ηλθεν
2000 4417 2084 4471 bis
2106 4417 2165 4482 in
2192 4418 2270 4484 ΑΙ
2312 4423 2522 4471 12-13.
2559 4418 2891 4486 ἀκωλύτως]
2928 4416 3022 4470 fol.
3067 4423 3162 4471 1⁴9
3201 4434 3248 4473 v.
3291 4421 3298 4483 Ι

709 4508 789 4557 13.
843 4503 1246 4556 ἀναπολοῦντα
1283 4500 1401 4568 (vel
1437 4502 1789 4572 ἀναπολοῡν)
1824 4500 2216 4567 RSkrzeczka‚
2263 4501 2594 4556 ἀναπολοθν
2635 4504 2706 4556 τὰ
2747 4501 2783 4554 b
2849 4505 2858 4568 Ι
2923 4520 3036 4570 προ
3071 4502 3129 4555 in
3166 4520 3300 4569 προ-

707 4602 972 4654 κειμενην
991 4603 1149 4640 evan.
1186 4585 1243 4638 in
1271 4586 1314 4640 A
1346 4590 1356 4652 1
1390 4592 1468 4639 15.
1505 4586 1731 4640 litterae
1768 4589 1920 4653 ληπτ
1956 4587 2014 4640 in
2042 4602 2177 4641 voce
2204 4589 2594 4653 απροςληπτοι
2617 4588 2674 4640 in
2699 4586 2811 4640 fine
2837 4603 3027 4640 versus
3053 4603 3212 4640 evan.
3242 4587 3300 4639 in

706 4672 751 4724 A
791 4672 801 4737 Ι
836 4676 912 4724 16.
959 4672 1133 4736 γνως*
1159 4671 1318 4724 abbr.
1354 4671 1413 4724 in
1448 4672 1490 4724 A
1523 4674 1533 4737 Ι
1579 4678 1654 4725 17.
1695 4689 1843 4727 εςτιν
1881 4673 1923 4725 Α
1955 4674 1966 4740 Ι
2010 4678 2086 4725 18.
2125 4675 2392 4739 κλητικῆς
2429 4671 2495 4738 b,
2544 4674 2791 4738 κλιτικης
2828 4673 2873 4725 Α
2906 4675 2915 4735 Ι
2953 4673 3082 4740 post
3116 4688 3301 4739 εχεται

707 4754 948 4823 spatium
984 4756 1041 4808 in
1080 4758 1122 4810 A
1153 4758 1164 4822 Ι
1206 4760 1438 4809 19-20.
1476 4773 1831 4810 ςυνταςςεται
1857 4759 1927 4822 Α,
1967 4756 2361 4812 ςυντάςςονται
2397 4755 2434 4808 b
2465 4759 2475 4825 Ι
2504 4763 2563 4809 21
2618 4760 2848 4824 ελλειπη
2875 4758 2947 4823 Α,
2987 4758 3187 4824 ἐλλιπῆ
3213 4756 3249 4809 b
3291 4759 3297 4824 Ι

707 4856 855 4895 εςτιν
892 4841 934 4892 Α
966 4844 975 4908 Ι
1006 4845 1087 4897 23.
1126 4842 1356 4906 ελλειπη
1393 4839 1465 4905 Α,
1513 4842 1712 4908 ἐλλιπῆ
1750 4840 1785 4893 b
1817 4842 1825 4909 1
1857 4846 1939 4895 24.
1975 4844 2104 4908 post
2135 4847 2566 4908 ανενεχθηςεται
2599 4841 2845 4909 spatium
2881 4843 2937 4893 in
2978 4843 3020 4895 A

3630 2300 3643 2639 *

3640 3045 3645 3122 9
