3738 5530
1020 372 1119 422 DE
1156 370 1750 423 POSSESSIVORVM
1787 369 2370 421 APPELLATIONE.
2908 367 2988 430 15

399 582 573 655 θρων
621 575 1000 641 ἐπιδεκτικαί
1044 572 1195 640 εἰςιν
1240 574 1303 639 αἱ
1348 573 1767 657 ἀντωνυμίαι,
1810 574 2129 638 τουτέςτιν
2176 573 2246 637 ἐν
2287 579 2379 655 τῷ
2427 572 2464 636 6
2510 571 2693 650 ἐμός
2740 572 2795 636 εἰ
2838 573 2913 635 τὸ
2961 570 2999 639 6

72 710 81 775 5
321 691 365 744 Β
401 682 515 756 τῆς
568 678 970 756 ἀντωνυμίας
1029 678 1192 744 ἐςτὶν
1247 678 1287 756 ἢ
1344 681 1461 740 τοῦ
1519 677 2017 754 ύπακουομένου
2073 675 2397 752 κτήματος.
2514 674 2629 753 (Τὸ
2682 678 2759 753 δὴ
2816 674 3001 738 ἐντὸς

402 780 758 859 πρόςωπον
817 779 1220 861 νοούμενον,
1277 779 1562 844 τουτέςτι
1616 778 1694 842 τὸ
1748 781 1867 841 τοῦ
1913 778 2251 855 κτήτορος,
2308 774 2347 852 ἡ
2395 775 2764 853 ἀντωνυμία
2810 775 3002 849 ἐπαγ-

404 881 730 963 γέλλεται,
763 879 893 956 εἴγε
926 881 1041 958 τὴν
1073 882 1207 944 τῶν
1239 881 1522 959 πρώτων
1555 880 1926 958 προςώπων
1958 878 2294 957 μετάβαςιν
2326 876 2550 956 ὁρίζει·
2597 880 2672 943 τὸ
2705 880 2775 942 δὲ
2804 877 3004 958 ἐκτός,

404 982 691 1047 τουτέςτι
722 983 798 1045 τὸ
831 985 1064 1059 κτῆμα,
1098 981 1326 1046 οὐκέτι.
1401 981 1591 1061 ἐμός
1634 982 1757 1059 γὰρ
1788 981 1892 1044 καὶ
1923 980 2085 1054 ςός,
2133 979 2233 1043 καὶ
2262 985 2571 1059 ζητοῦμεν
2601 980 2721 1054 τίς;
2755 978 2933 1042 οἶκος
2965 978 3003 1054 ἢ
3040 1003 3072 1051 5

406 1087 645 1148 δοῦλος
690 1082 729 1161 ἢ
771 1082 1005 1155 ἵππος;
1051 1083 1362 1160 ἀόριςτον·
1398 1081 1517 1146 οὖν
1562 1083 1638 1146 τὸ
1681 1078 2038 1164 τοιοῦτον.)
2094 1081 2417 1146 καὶτοῦτο
2452 1085 2652 1159 δῆλον
2684 1081 2753 1145 ἐκ
2781 1084 2897 1144 τοῦ
2927 1081 3006 1143 τὰ

409 1182 618 1264 ἄρθρα
649 1190 1144 1249 ςυνοικειοῦςθαι
1175 1188 1312 1249 τοῖς
1344 1185 1665 1263 κτήμαςιν,
1699 1182 1828 1258 εἴγε
1859 1182 1935 1246 τὸ
1968 1183 2292 1261 ἡμέτερος,
2326 1184 2817 1262 πληθυνόμενον
2848 1182 3006 1245 κατὰ

333 1299 373 1354 C
410 1287 484 1350 τὸ
533 1287 736 1362 ἐντός,
785 1286 1001 1351 ἑνικὸν
1032 1285 1275 1365 ἄρθρον
1306 1284 1992 1365 προςπαραλαμβάνει,
2038 1282 2133 1347 ὅτι
2165 1284 2267 1347 καὶ
2295 1284 2371 1347 τὸ
2403 1288 2603 1362 κτῆμα
2633 1283 2860 1359 ἑνικόν,
2907 1283 3008 1347 καὶ

408 1388 729 1452 ἀνάπαλιν
770 1388 846 1451 τὸ
893 1387 1064 1470 ἐμοί,
1111 1387 1323 1452 ἑνικὸν
1370 1387 1448 1451 ὂν
1493 1387 1651 1451 κατὰ
1681 1387 1797 1450 τὸν
1827 1386 2136 1467 κτήτορα,
2182 1387 2604 1463 πληθυντικὸν
2643 1387 2713 1450 δὲ
2743 1387 2902 1449 κατὰ
2931 1384 3006 1447 τὸ

408 1493 638 1567 κτῆμα,
685 1491 1117 1567 πληθυντικὸν
1163 1487 1406 1567 ἄρθρον
1452 1487 1785 1568 λαμβάνει·
1831 1487 1934 1550 καὶ
1977 1485 2257 1549 καθόλου
2303 1488 2408 1551 ἐπὶ
2453 1486 2717 1553 πάντων
2763 1485 3001 1552 ταύτὸν
3042 1513 3104 1559 10

409 1592 492 1655 ἂν
523 1593 800 1666 γένοιτο.
840 1627 910 1636 ·—
946 1591 1125 1670 Πρὸς
1154 1591 1410 1654 τούτοις
1439 1591 1514 1654 τὸ
1560 1588 1685 1670 <ὁ>
1731 1589 1916 1667 ἐμὸς
1957 1588 2211 1665 πατήρ
2244 1590 2781 1670 μεταλαμβάνεται
2813 1588 2901 1652 εἰς
2932 1587 3007 1651 τὸ

410 1693 449 1756 6
496 1695 756 1771 -πατήρ
813 1712 997 1771 μου·
1099 1692 1425 1771 ὁμόλογος
1472 1691 1592 1755 οὖν
1635 1690 1674 1768 ἡ
1720 1690 1826 1754 ἐπὶ
1866 1690 1943 1752 τὸ
1989 1692 2189 1766 κτῆμα
2233 1688 2538 1770 ἀναφορὰ
2582 1696 2698 1755 τοῦ
2742 1690 3008 1769 ἄρθρου.

585 1895 1060 1974 Διαψεύδεςθαι
1085 1896 1157 1959 δέ
1181 1914 1332 1974 φαςι
1356 1895 1472 1959 τὸν
1496 1893 1728 1967 λόγον·
1763 1891 1931 1956 εἶναι
1960 1894 2083 1972 γάρ
2106 1893 2274 1959 ἴδιον
2309 1893 2552 1973 ἄρθρον
2584 1897 2696 1972 τῆς
2731 1895 3012 1958 ἀντωνυ-

241 2012 373 2064 18A
411 1997 556 2077 μίας
602 1999 704 2061 καὶ
745 1996 917 2061 ἴδιον
959 1999 1078 2060 τοῦ
1109 1996 1442 2074 κτήματος.
1520 1994 1624 2059 «τὸ
1667 1998 1828 2069 γοῦν
1871 1991 1909 2056 6
1956 1998 2207 2075 πατὴρ
2252 1996 2290 2060 6
2338 1997 2525 2074 ἐμὸς
2570 1992 3012 2075 φιλοςοφεῖ

411 2099 696 2182 ἑκατέρῳ
740 2098 1041 2175 ἀπένειμε
1084 2099 1161 2161 τὸ
1205 2095 1483 2179 ἄρθρον,
1530 2095 1692 2172 ὅπερ
1738 2094 1858 2158 οὐκ
1904 2094 1985 2160 ἂν
2033 2099 2533 2176 παρηκολούθει,
2592 2096 2644 2161 εἰ
2696 2099 2777 2176 μὴ
2823 2097 2925 2161 καὶ
2966 2096 3005 2173 ἡ
3050 2121 3109 2169 15

414 2200 789 2277 ἀντωνυμία
814 2200 948 2278 εἶχε
968 2201 1045 2264 τὸ
1069 2197 1328 2278 ἄρθρον.
1375 2197 1515 2261 ἐπεὶ
1539 2197 1592 2261 εἰ
1616 2197 1852 2261 ταύτόν
1885 2196 1964 2275 ἦν
1994 2198 2032 2263 6
2063 2199 2249 2277 ἐμὸς
2278 2200 2531 2277 πατήρ
2562 2200 2662 2262 καὶ
2692 2197 2730 2262 6
2761 2200 3012 2277 πατὴρ

417 2302 457 2364 6
515 2302 602 2379 ἐμ
622 2302 733 2377 ός,
792 2301 908 2365 κᾶν
964 2301 1225 2366 πάντως
1271 2299 1756 2379 μετατιθέμενον
1800 2301 1875 2363 τὸ
1921 2301 2081 2364 αὐτὸ
2128 2301 2588 2380 ςημαινόμενον
2635 2300 3013 2380 ἐφύλαττεν,

417 2403 585 2480 ὅπερ
616 2403 695 2466 ού
729 2403 1061 2482 φυλάςςει·
1108 2401 1146 2466 6
1177 2403 1427 2480 πατὴρ
1458 2401 1623 2484 <γάρ
1654 2399 1735 2481 6>
1766 2400 1950 2481 ἐμὸς
1979 2403 2304 2466 τουτέςτιν
2336 2422 2373 2465 ο
2394 2401 2481 2466 ὐκ
2510 2402 2794 2484 ἄλλου,
2839 2401 2910 2466 ἐν
2942 2402 3013 2465 δὲ

416 2511 510 2585 τῷ
558 2503 758 2587 ἑτέρῳ
801 2503 942 2567 οὐκ
983 2503 1273 2568 ἄλλος.»

591 2605 684 2669 Ού
741 2605 914 2670 πάνυ
967 2605 1038 2669 δὲ
1093 2604 1313 2683 ἰςχυρὰ
1367 2605 1446 2668 τά
1502 2605 1833 2693 λεγόμενα.
1934 2605 2018 2669 οὐ
2061 2605 2183 2682 γάρ
2201 2655 2216 2677 ,
2277 2604 2414 2669 ἐπεὶ
2469 2604 2889 2682 μετατεθέντα
2933 2604 3013 2668 τὰ
3049 2627 3115 2674 20

340 2720 388 2774 Β
424 2706 715 2786 ὀνόματα
759 2707 1143 2787 μετήλλαττε
1186 2707 1267 2771 τὰ
1305 2705 1762 2789 ςημαινόμενα,
1807 2705 2047 2771 εὐθέως
2078 2707 2180 2771 καὶ
2226 2706 2306 2771 οὐ
2359 2712 2491 2771 τῶν
2548 2706 2893 2786 ὀνομάτων
2937 2706 3016 2770 τὰ

418 2808 648 2889 ἄρθρα.
723 2808 1252 2886 ὁμολογούμενόν
1298 2808 1462 2873 ἐςτιν
1508 2809 1579 2872 ἐν
1621 2813 1713 2890 τῷ
1746 2808 1783 2872 6
1829 2807 2057 2885 ἐχθὲς
2101 2807 2561 2887 ἄνθρωπος,
2606 2812 2747 2872 τοῦ
2792 2808 3017 2886 ἐχθὲς

420 2911 882 2993 ἀνθρώπου,
930 2910 967 2974 6
1012 2915 1154 2974 νῦν
1199 2908 1652 2987 ἄνθρωπος,
1696 2914 1837 2973 τοῦ
1882 2913 2025 2975 νῦν
2070 2910 2533 2993 ἀνθρώπου,
2581 2909 2669 2973 ὡς
2700 2911 2779 2974 τὰ
2809 2908 3016 2987 ἄρθρα

418 3018 555 3077 τῶν
601 3011 948 3091 ὀνομάτων
992 3013 1096 3076 καὶ
1139 3010 1218 3075 ού
1262 3014 1395 3075 τῶν
1441 3015 1761 3089 χρονικῶν
1807 3011 2284 3095 ἐπιρρημάτων,
2338 3011 2471 3088 εἴγε
2512 3011 2612 3073 καὶ
2658 3011 3017 3089 ςυςχηματί-

421 3119 645 3178 Ζονται
690 3115 793 3178 καὶ
837 3114 926 3177 εἰς
968 3113 1123 3177 τοὺς
1168 3112 1473 3192 ἀριθμοὺς
1517 3113 1621 3176 καὶ
1663 3112 1778 3176 τὰς
1808 3112 2093 3177 πτώςεις.
2167 3112 2334 3178 ἀλλὰ
2362 3118 2559 3177 ταῦτα
2589 3113 3009 3192 μετατεθέντα
3047 3135 3116 3183 25

310 3207 325 3218 ⁷
418 3213 826 3291 διακρούεται
870 3215 946 3278 τὸ
978 3215 1469 3293 ςημαινόμενον·
1514 3214 1589 3277 τὸ
1620 3215 1745 3291 γάρ
1775 3214 1954 3290 χθὲς
1983 3213 2022 3276 6
2054 3213 2479 3293 ἄνθρωπος
2510 3215 2548 3292 ἢ
2579 3218 2719 3279 νῦν
2751 3214 2788 3278 6
2820 3215 2929 3297 Πτ
2948 3234 3017 3277 ο-

338 3328 382 3384 C
424 3317 752 3392 λεμαῑος
797 3317 901 3379 καὶ
942 3317 1021 3380 τὰ
1064 3316 1469 3395 παραπλήςια
1499 3314 1711 3380 οὐκέτι
1740 3319 1984 3392 πλῆθος
2017 3315 2552 3393 ἐπαγγέλλονται,
2599 3314 2737 3378 ἀλλ’
2770 3316 2887 3379 ἕνα
2918 3317 3020 3379 καὶ

416 3418 541 3482 τὸν
599 3415 829 3493 αὐτόν,
888 3421 1109 3495 καιροῦ
1165 3416 1368 3494 μόνον
1427 3417 1782 3496 μεταβολὴν
1829 3418 2325 3496 ἀναδεξάμενον.
2422 3418 2481 3482 τί
2527 3415 2646 3481 οὖν
2691 3417 2767 3480 τὸ
2814 3416 3017 3496 παρά-

419 3522 660 3600 δοξον,
706 3515 759 3581 εἰ
803 3519 906 3582 καὶ
948 3519 1024 3583 τὸ
1069 3517 1107 3582 6
1152 3517 1334 3595 ἐμὸς
1379 3518 1637 3596 πατήρ
1683 3519 1974 3598 διαφέρει
2017 3522 2135 3582 τοῦ
2180 3517 2218 3582 6
2263 3519 2514 3597 πατὴρ
2561 3517 2599 3582 6
2645 3516 2861 3598 ἐμός,

568 3721 781 3775 Aaou.
858 3724 920 3772 13
955 3718 1021 3772 Id
1055 3719 1285 3774 fuerunt
1317 3718 1416 3787 qui
1450 3721 1726 3788 negarent
1759 3721 1821 3773 et
1852 3719 2153 3773 articulum
2191 3718 2362 3773 etiam
2397 3718 2471 3772 ad
2494 3718 2870 3786 possessivum
2893 3735 3022 3787 per-

415 3804 612 3858 tinere
648 3805 956 3857 censerent.
995 3834 1061 3843 -—
1096 3810 1163 3857 20
1199 3802 1274 3856 At
1307 3802 1584 3856 falluntur
1617 3803 1717 3857 illi.
1801 3802 1951 3857 Nam
1987 3803 2287 3857 articulum
2333 3802 2505 3857 etiam
2541 3802 2612 3856 ad
2649 3802 3023 3872 possessivum

414 3887 748 3958 pertinere,
803 3886 993 3956 colligi
1036 3904 1148 3941 non
1194 3889 1383 3953 potest
1426 3903 1495 3940 ea.
1540 3904 1609 3942 ex
1654 3903 1743 3952 re,
1790 3887 1941 3955 quod
1989 3887 2301 3955 possessivo
2346 3888 2689 3955 transposito
2743 3887 3026 3941 sententia.

416 3973 699 4026 mutatur.
769 3971 929 4026 Idem
966 3970 1117 4025 enim
1154 3971 1276 4025 fleri
1312 3972 1483 4039 solet,
1521 3971 1621 4024 ubi
1656 3970 1927 4040 adyerbia
1958 3971 2083 4026 loco
2118 3973 2432 4028 moventur.

423 4097 583 4104 ...φ-ν

568 4172 753 4230 Βιεοιι.
790 4191 1004 4230 somn..
1076 4181 1127 4228 2.
1176 4175 1612 4240 ὑπακουομένου
1648 4173 1712 4239 b,
1751 4191 2180 4241 επακουομενου
2217 4176 2260 4230 Α
2293 4176 2303 4239 Ι
2333 4182 2380 4230 3.
2415 4191 2707 4230 τουτεςτιν
2742 4177 2787 4229 Α
2819 4181 2829 4241 Ι
2857 4177 2893 4242 ἡ
2932 4178 3024 4229 ἀν-

417 4258 697 4324 τωνυμία
722 4256 961 4329 GUhlig,
998 4262 1108 4326 τὴν
1132 4259 1493 4325 ἀντωνυμίαν
1519 4260 1562 4314 Α
1585 4258 1649 4326 b,
1685 4266 1757 4328 τῇ
1785 4259 2112 4330 ἀντωνυμίᾳ
2137 4258 2491 4328 JGuttentag
2519 4261 2528 4326 Ι
2560 4266 2606 4316 5.
2630 4275 2922 4314 τουτεςτιν
2946 4263 2988 4314 Α
3013 4261 3020 4330 Ι

417 4352 507 4403 11.
540 4346 578 4399 ό
604 4344 741 4409 ἐμὸς
766 4342 832 4410 b,
870 4359 1002 4409 εμος
1029 4344 1072 4398 Α
1138 4345 1147 4412 Ι
1213 4350 1291 4397 12.
1317 4344 1576 4411 ἀναφορὰ
1608 4344 1667 4410 b,
1694 4346 1938 4411 διαφορα
1962 4345 2004 4396 Α
2071 4347 2080 4412 Ι
2151 4351 2226 4398 13.
2254 4360 2420 4411 φαςιν
2454 4346 2496 4398 Α
2562 4347 2571 4412 Ι
2635 4362 2737 4398 τον
2764 4347 2935 4409 λογον
2967 4346 3027 4397 ἱιι

414 4443 636 4486 rasura
669 4429 738 4483 Αι
786 4431 796 4491 Ι
854 4432 931 4481 15.
970 4428 1234 4493 ἀπένειμε
1267 4427 1333 4495 b,
1371 4445 1669 4484 απενεικεν
1707 4431 1750 4485 Α
1807 4431 1816 4495 Ι
1875 4434 1950 4482 16.
1987 4446 2136 4496 ειχεν
2171 4431 2214 4485 Α
2263 4433 2273 4496 Ι
2326 4434 2405 4485 17.
2444 4427 2668 4483 litterae
2702 4446 2840 4483 ττεν
2874 4429 3028 4483 vocis

416 4517 765 4584 εφυλαττεν
819 4512 875 4564 in
928 4528 1126 4565 rasura.
1179 4514 1245 4568 Αι
1309 4515 1318 4580 Ι
1390 4518 1466 4568 18.
1518 4515 1550 4567 6
1599 4515 1805 4583 πατήρ]
1851 4513 1944 4566 fol.
1986 4521 2084 4568 150
2106 4531 2151 4568 r.
2216 4515 2225 4579 Ι
2298 4515 2406 4580 γὰρ
2443 4515 2475 4567 ό
2512 4513 2575 4579 b,
2623 4529 2779 4567 evan.
2826 4514 2884 4567 in
2922 4514 2965 4568 Α
3017 4515 3024 4583 Ι

419 4606 507 4655 19.
552 4599 736 4652 ἄλλος
774 4597 834 4656 b,
871 4599 1062 4652 αλλως
1099 4598 1142 4652 Α
1196 4599 1205 4665 Ι
1270 4603 1354 4651 22.
1392 4599 1522 4666 post
1555 4595 1733 4666 αρθρα
1768 4614 2007 4667 parvum
2045 4597 2290 4667 spatium
2324 4598 2385 4651 in
2423 4600 2465 4652 Α
2514 4601 2523 4664 Ι
2582 4604 2799 4656 24—25.
2837 4617 3028 4666 ςυςχη-

418 4686 768 4753 ματιῑονται
799 4681 874 4748 Α,
911 4682 1363 4749 ςυςχηματίζεται
1400 4683 1436 4736 b
1466 4689 1475 4750 ι
1508 4690 1592 4737 25.
1630 4686 1720 4738 καὶ
1756 4684 1887 4750 post
1920 4686 2412 4749 ςυςχηματιζονται
2451 4684 2514 4736 ut
2547 4700 2615 4738 ex
2649 4684 3027 4752 praecedente

420 4766 665 4838 syllaba
688 4768 921 4821 enatum
956 4767 1261 4820 delendum
1297 4768 1465 4835 putat
1500 4768 1535 4820 b
1571 4767 1628 4820 in
1664 4784 1778 4821 var.
1807 4767 1955 4832 leet„
1997 4766 2144 4820 inter
2179 4768 2322 4821 ἀλλὰ
2359 4768 2419 4821 et
2439 4773 2622 4822 ταῦτα
2648 4771 3028 4833 μετατεθέντα

418 4851 805 4908 inserendum
840 4853 1033 4906 censet
1065 4850 1423 4906 RSehneider
