3738 5530
1053 383 1386 436 PERSONA
1399 384 1584 435 LIVM
1619 383 2034 436 NOMINATIV
2038 385 2062 436 1
2100 384 2554 437 SINGVLARIS.
3022 385 3100 448 61

503 588 1049 666 μεταλήψεται.
1160 588 1371 652 οὐκέτι
1439 589 1511 653 δὲ
1564 588 1666 651 καὶ
1720 588 1758 666 ἡ
1818 586 2012 652 αὐτός
2067 587 2155 653 εἰς
2208 588 2282 651 τό
2340 589 2617 669 ἐκεῖνος,
2686 589 2840 654 οὐδὲ
2879 589 2948 652 ἀἱ
2992 589 3095 654 ςύ-

501 694 709 771 Ζυγοι,
754 689 999 752 αὐτὸς
1042 687 1375 773 ἐνίκηςε,
1420 694 1848 768 τοιγαροῦν
1896 688 2131 754 οὗτος
2176 690 2638 769 χαρήςεται·
2687 691 2807 755 δύο
2851 683 2974 771 γὰρ
3017 692 3098 757 τὰ

506 790 834 870 νοούμενα
888 789 1222 869 πρόςωπα.
1324 795 1520 855 τοῦτο
1579 793 1649 855 δὲ
1706 792 2121 874 ςυμβέβηκεν,
2175 792 2314 855 ἐπεὶ
2366 791 2405 869 ἡ
2464 791 2580 870 μὲν
2626 790 2873 857 ἐκεῖνος
2917 795 3020 857 καὶ
3062 794 3101 872 ἡ

508 890 728 968 οὗτος,
787 894 978 958 δεῖξιν
1024 891 1459 974 ςημαίνουςαι,
1516 894 1631 970 τὴν
1699 891 2016 967 ὑπόγυιον
2072 899 2306 969 γνῶςιν
2357 898 2474 957 τοῦ
2519 894 2874 971 προςώπου
2920 915 3101 974 παρι-

429 1005 474 1059 Β
509 996 738 1069 ςτᾶςιν,
784 994 824 1070 ἡ
870 996 940 1057 δὲ
986 992 1180 1058 αὐτός
1226 993 1337 1057 ἐπ’
1380 993 1921 1072 ἀναπολούμενον
1965 995 2316 1073 πρόςωπον
2362 995 2641 1074 φέρεται.
2725 995 2935 1074 ὀρθῶς
2982 996 3102 1061 οὖν
3138 1022 3170 1071 5

506 1094 607 1157 ἐπὶ
669 1096 784 1171 τὴν
849 1097 957 1159 διὰ
1018 1099 1137 1159 τοῦ
1203 1094 1446 1160 ἐκεῖνος
1516 1096 1920 1175 δηλουμένην
1986 1099 2177 1162 δεῖξιν
2242 1084 2743 1162 ἐπαναπολεῖται
2799 1099 2838 1176 ἡ
2885 1098 3099 1183 αὐτός,

508 1195 716 1259 οὐκέτι
781 1196 997 1272 μέντοι
1066 1196 1190 1278 <ἡ>
1256 1196 1500 1262 ἐκεῖνος
1562 1199 1602 1275 ἢ
1672 1197 1863 1264 οὗτος
1920 1198 2025 1262 ἐπὶ
2078 1200 2193 1276 τὴν
2251 1199 2442 1264 αὐτός
2497 1200 2761 1264 δύναται
2822 1199 3101 1279 ἀναπέμ-

505 1301 751 1361 πεςθαι·
797 1298 1016 1375 πρώτη
1060 1299 1183 1376 γὰρ
1226 1296 1264 1374 ἡ
1311 1299 1417 1363 διὰ
1459 1303 1590 1363 τῶν
1636 1303 1962 1365 δεικτικῶν
2008 1299 2427 1380 ἀντωνυμιῶν
2472 1305 2720 1378 γνῶςις.

675 1397 768 1462 Οὐ
825 1398 1027 1476 μόνον
1088 1401 1159 1462 δὲ
1215 1400 1507 1480 διαφέρει
1549 1407 1683 1466 τῶν
1729 1403 1888 1465 κατὰ
1932 1402 2007 1465 τὸ
2053 1401 2267 1479 τρίτον
2313 1409 2539 1486 φωνῇ,
2583 1404 2622 1485 ᾗ
2668 1402 2733 1467 αἱ
2776 1404 2892 1483 μὲν
2937 1402 3098 1466 ἀπα-

509 1502 821 1581 ρέμφατοι
885 1500 1118 1575 γένους
1171 1501 1276 1565 διὰ
1332 1503 1445 1578 τῆς
1499 1505 1759 1583 φωνῆς,
1826 1501 1921 1575 (οἶ
1973 1504 2097 1580 γὰρ
2153 1504 2253 1568 καὶ
2306 1504 2392 1581 ἕ),
2458 1504 2496 1582 ἡ
2554 1506 2626 1569 δὲ
2681 1505 2783 1568 καὶ
2838 1504 2943 1568 διὰ
2985 1506 3097 1581 τῆς
3140 1511 3212 1578 10⁰

509 1605 732 1682 φωνῆς
784 1602 1017 1677 γένους
1048 1590 1201 1666 ιἐςτὶ
1243 1603 1695 1683 παραςτατική,
1754 1603 1898 1668 ἀλλ’
1940 1605 1977 1687 ᾗ
2026 1605 2124 1669 καὶ
2179 1604 2417 1688 πρώτῳ
2468 1605 2571 1668 καὶ
2626 1602 2906 1688 δευτέρῳ
2963 1626 3100 1671 ςυν-

433 1711 473 1767 C
508 1702 816 1778 τάςςεται,
864 1703 927 1767 αἱ
971 1704 1043 1768 δὲ
1088 1703 1184 1768 οὔ.
1258 1706 1359 1768 καὶ
1404 1704 1468 1767 αἱ
1512 1705 1626 1782 μὲν
1671 1704 2023 1769 ἀκωλύτως
2079 1703 2585 1784 ὁρθοτονοῦνται
2632 1708 2733 1770 καὶ
2775 1707 3098 1783 έγκλίνον-

509 1824 641 1887 ται,
696 1806 736 1882 ἡ
781 1806 851 1868 δὲ
895 1804 1110 1883 μόνως
1156 1804 1631 1888 ὀρθοτονεῖται,
1684 1806 2168 1887 ἀναμφιλέκτως
2226 1809 2339 1883 μὲν
2388 1809 2545 1872 κατὰ
2588 1812 2796 1873 πᾶςαν
2842 1816 3101 1891 πτῶςιν,

513 1906 669 1970 κατὰ
712 1907 783 1971 δὲ
828 1906 1173 1985 αἰτιατικὴν
1219 1906 1338 1970 οὐκ
1381 1906 1882 1988 ἀναμφιλέκτως.
1970 1910 2137 1973 τινες
2182 1910 2297 1988 μὲν
2342 1910 2465 1987 γὰρ
2510 1909 2933 1992 ἐγκλίνουςιν,
2990 1911 3098 1975 ὅτε

511 2005 834 2071 ἀπόλυτος
879 2008 918 2085 ἡ
965 2006 1251 2086 ςημαςία,
1296 2008 1580 2093 καθάπερ
1610 2010 1829 2087 ἐκείνη
1875 2009 1914 2087 ἡ
1961 2008 2317 2086 ἀνάγνωςις
3137 2041 3198 2088 15

763 2109 930 2188 κόψε
973 2109 1096 2188 γάρ
1142 2109 1341 2173 αὐτον
1385 2098 1621 2188 ἔχοντα
1664 2108 1759 2194 (Μ
1804 2108 1977 2192 204).

682 2209 967 2290 Τρύφων
1012 2212 1102 2293 (p.
1134 2209 1217 2273 28
1248 2208 1513 2292 Velsen)
1560 2211 1631 2275 δὲ
1661 2213 1930 2295 παρῄνει
1967 2214 2070 2276 καὶ
2097 2212 2334 2291 ταύτην
2365 2153 2770 2291 όρθοτονεῖν,
2819 2215 3006 2278 «καθὸ
3037 2213 3100 2278 αἱ

339 2328 408 2376 78
426 2323 476 2374 A
511 2315 818 2391 τριγενεῖς
840 2314 972 2375 τῶν
997 2310 1417 2390 ἀντωνυμιῶν
1440 2312 1656 2391 μόνως
1680 2312 2203 2395 όρθοτονοῡνται,
2228 2315 2291 2377 αἱ
2313 2315 2384 2377 δὲ
2400 2313 2835 2394 ἐγκλινόμεναι
2856 2315 3097 2380 οὔποτε

510 2414 742 2489 γένους
787 2413 1122 2493 ἐμφατικαὶ
1166 2415 1271 2477 διὰ
1313 2416 1425 2490 τῆς
1469 2417 1713 2493 φωνῆς.
1765 2450 1839 2459 -
1889 2417 1993 2479 καὶ
2034 2416 2192 2479 καθὸ
2237 2415 2299 2479 αἱ
2343 2417 2502 2480 κατὰ
2545 2418 2801 2494 γενικὴν
2844 2418 2948 2481 καὶ
2991 2421 3097 2481 δο-

509 2516 684 2592 τικὴν
749 2516 828 2594 μὴ
894 2514 1266 2590 ἐγκλιθεῖςαι
1320 2514 1475 2580 οὐδὲ
1528 2516 1672 2580 κατ’
1725 2516 2100 2594 αἰτιατικὴν·
2170 2515 2321 2582 οὔτε
2377 2520 2449 2582 δὲ
2504 2519 2542 2596 ἡ
2598 2516 2797 2582 αὐτοῦ
2854 2518 3001 2582 οὔθ’
3055 2520 3094 2597 ἡ
3133 2567 3200 2615 20

511 2615 684 2699 αὐτῷ
729 2616 1155 2693 ἐγκλίνονται,
1202 2616 1319 2680 οὐκ
1362 2616 1489 2696 ἄρα
1533 2617 1687 2682 οὐδὲ
1729 2618 1768 2695 ἡ
1799 2617 2121 2696 αἰτιατική.
2170 2654 2251 2664 -
2296 2618 2385 2682 ἔτι
2429 2617 2493 2682 αἱ
2523 2618 2956 2697 ἑγκλινόμεναι
2996 2621 3101 2683 καὶ

512 2715 1060 2798 ὀρθοτονούμεναι
1124 2719 1284 2784 κατὰ
1349 2719 1425 2785 τὸ
1491 2719 1739 2803 τρίτον,
1804 2717 1989 2797 ἡνίκα
2054 2717 2584 2799 ὀρθοτονοῦνται,
2666 2719 2928 2787 πάντως
3001 2721 3100 2786 καὶ

511 2809 1083 2897 ἀντανακλῶνται,’
1109 2821 1148 2898 ἡ
1195 2824 1266 2903 δὲ
1311 2821 1511 2888 αὐτόν
1559 2820 1823 2914 οὐκέτι.»4

679 2921 872 2985 Ἀλλὰ
900 2921 1239 2988 ἀντίκειται
1265 2924 1342 2988 τὸ
1375 2923 1871 3004 ςημαινόμενον·
1914 2923 2208 3004 διαφέρει
2233 2925 2357 3003 γὰρ
2386 2915 2467 2989 τό
2494 2923 2529 2988 ἔ
2540 2924 2770 2989 παιςέ
2782 2945 2819 2988 ν
2852 2924 3096 2989 αὐτον

428 3029 476 3082 Β
514 3021 967 3102 ἐγκλινόμενον
1022 3026 1140 3089 τοῦ
1197 3023 1788 3104 ὀρθοτονουμένου·
1848 3026 1889 3089 ὃ
1943 3027 2059 3105 μὲν
2112 3026 2237 3103 γὰρ
2289 3025 2560 3106 ἔμφᾳςιν
2616 3026 2938 3105 ὑπεροχῆς
2995 3047 3098 3104 ςη-
3134 3074 3200 3123 25

510 3123 744 3206 μαίνει,
792 3125 962 3200 λέγω
1006 3128 1078 3190 δὲ
1120 3126 1195 3188 τό
1241 3125 1837 3206 ὀρθοτονούμενον,
1887 3127 1926 3190 ὃ
1972 3129 2043 3191 δὲ
2086 3128 2190 3191 καὶ
2233 3126 2349 3222 ἐπ’
2391 3126 2695 3192 εὐτελοῦς
2737 3147 2912 3191 τινος
2953 3126 3097 3191 τάς-

511 3245 697 3289 ςεται.
798 3225 861 3289 αἱ
915 3227 1147 3302 γένους
1202 3229 1653 3306 παραςτατικαὶ
1705 3229 1805 3293 καὶ
1860 3231 2052 3294 δεῖξιν
2107 3228 2509 3307 ςημαίνουςαι
2564 3227 2891 3307 ἀλλότριαί
2945 3227 3098 3292 εἰςιν

509 3326 874 3402 ἐγκλίςεως·
946 3328 1144 3395 οὐδὲν
1205 3327 1323 3394 οὖν
1391 3330 1466 3394 τὸ
1534 3332 1790 3394 κωλῦον
1854 3330 1972 3408 τὴν
2039 3329 2236 3395 αὐτόν
2304 3330 2643 3411 ἐγκλίνειν,
2708 3327 3096 3408 ἀμοιροῦςαν

514 3466 785 3475 ——.-—„
794 3467 919 3474 *-

651 3551 865 3604 Ancn.
937 3555 969 3602 9
1002 3549 1186 3604 Αὐτός
1222 3564 1257 3601 a
1291 3548 1590 3618 primitivis
1624 3549 1826 3604 terfiiae
1865 3547 2055 3603 differt
2090 3551 2135 3615 1)
2171 3564 2241 3602 ea
2274 3565 2361 3614 re,
2400 3547 2552 3616 quod
2586 3561 2799 3617 genera
2831 3546 3100 3600 termina·

510 3634 667 3689 tione
703 3633 1026 3703 distinguit3
1066 3634 1114 3702 ιι)
1139 3633 1288 3701 quod
1323 3649 1452 3686 cnm
1486 3632 1788 3702 primitivis
1811 3634 2026 3702 primae
2052 3633 2442 3701 secundaeque
2467 3631 2835 3695 construitur;
2873 3632 2920 3698 3)
2945 3630 3098 3698 qnod

508 3734 687 3786 nsque
720 3720 937 3772 recivum
972 3720 1169 3772 tonum
1205 3718 1380 3772 habet
1413 3719 1639 3786 praeter
1671 3720 1869 3784 αὐτόν,
1918 3717 2070 3787 quod
2104 3717 2380 3771 inclinant
2412 3717 2668 3785 quidam,
2705 3716 2804 3769 ubi
2841 3703 3100 3769 absoiuta

508 3806 599 3855 eet
632 3802 753 3856 eins
786 3802 1141 3872 significatio,
1190 3833 1249 3841 —
1302 3809 1362 3857 17
1400 3801 1584 3856 Etiam
1619 3803 1798 3857 αὐτόν
1832 3807 1988 3857 recto
2022 3806 2157 3856 tono
2193 3801 2433 3871 proferri
2466 3801 2628 3855 iubet
2663 3799 2918 3869 Tryph03
2965 3815 3098 3853 nam

512 3888 557 3954 1)
605 3888 943 3955 pronomina
982 3886 1155 3940 trium
1201 3886 1661 3940 terminationnm
1708 3889 1927 3940 rectum
1969 3889 2167 3941 tonum
2214 3902 2461 3952 servar03
2505 3887 2552 3953 2)
2589 3900 2828 3952 quorum
2863 3900 2968 3938 nec
3001 3900 3096 3954 ge-

508 3972 737 4025 netivus
772 3988 876 4026 nec
901 3972 1123 4025 dativus
1140 3970 1482 4037 inclinetur,
1522 3987 1714 4025 eornm
1749 3988 1821 4025 ne
1858 3972 2239 4025 accusativum
2276 3970 2505 4039 quidem
2538 3967 2820 4039 inclinat&
2856 3970 2903 4036 ³)
2929 3984 3098 4037 quae·

509 4073 734 4125 cunque
779 4057 948 4111 modo
992 4054 1262 4109 inclinata.
1306 4055 1475 4110 modo
1521 4056 1993 4110 orthotonumena
2035 4056 2173 4121 sint,
2218 4054 2316 4108 ubi
2358 4056 2574 4108 rectum
2620 4056 2818 4106 tonum
2853 4054 3096 4118 servent,

507 4140 782 4196 reflexim
826 4157 963 4201 esse.
1018 4171 1066 4181 -
1120 4147 1187 4195 24
1232 4141 1310 4194 At
1350 4156 1486 4194 vero
1530 4141 1577 4208 a)
1626 4142 1803 4195 αὐτόν
1850 4140 1956 4194 etsi
1991 4139 2318 4194 reflexivum
2361 4155 2472 4200 non
2518 4142 2629 4204 est,
2673 4138 2866 4190 tamen
2910 4135 3101 4190 differt

507 4224 742 4281 notione
790 4225 1150 4280 orthotonnm
1206 4225 1278 4278 ab
1323 4225 1620 4290 inclinatam
1676 4227 1719 4292 1)
1775 4240 1888 4278 non
1934 4226 2020 4279 est
2061 4223 2195 4277 satis
2248 4239 2558 4291 pronomen
2613 4222 2783 4274 trium
2835 4220 3098 4275 termina-

507 4312 730 4365 tionum
766 4327 915 4377 ease,
953 4309 1053 4364 sed
1087 4308 1511 4363 demonstrandi
1542 4309 1657 4361 vim
1692 4308 1901 4362 habere
1927 4311 2174 4377 oportet,
2211 4310 2277 4361 ut
2307 4306 2728 4361 inclinationem
2753 4307 3100 4374 aspernetur.

646 4512 846 4573 Dinon.
876 4532 1079 4569 semp-r.
1119 4519 1162 4566 1.
1188 4529 1405 4568 εκεινος
1424 4514 1496 4579 Α,
1522 4512 1673 4566 idem
1700 4509 2018 4566 coniecerat
2041 4509 2415 4577 RSkrzeczka,
2441 4511 2624 4566 ἐκεῖνο
2649 4511 2704 4577 b,
2729 4509 2940 4578 (οὗτος
2966 4513 3099 4580 καὶ)

507 4600 726 4655 ἐκεῖνος
763 4598 1117 4668 JGnttentag
1148 4602 1156 4659 Ι
1185 4603 1233 4656 2.
1273 4614 1526 4664 ενικηςεν
1564 4599 1606 4651 Α
1639 4604 1648 4662 Ι
1677 4602 1829 4652 4-5.
1867 4597 2191 4664 παρίςταςιν
2225 4596 2282 4662 b,
2321 4611 2606 4664 παριςταςι
2632 4596 2674 4648 Α
2708 4598 2717 4663 Ι
2748 4602 2796 4648 7.
2827 4598 2862 4661 ἡ
2888 4596 3098 4651 ἐκεῖνος

508 4687 579 4752 b,
627 4701 843 4739 εκεινος
882 4685 924 4737 Α
978 4686 988 4752 Ι
1044 4690 1120 4741 10.
1156 4685 1383 4750 γένους]
1422 4682 1517 4736 sol.
1559 4687 1652 4736 167
1679 4677 1721 4736 ι’.
1775 4685 1784 4749 Ι
1842 4688 1920 4736 11.
1960 4698 2107 4736 εςτιν
2144 4684 2188 4736 Α
2241 4682 2251 4747 Ι
2306 4688 2384 4738 15.
2422 4681 2654 4748 ςημαςία
2688 4680 2753 4747 b,
2802 4696 2967 4746 ςημια
3001 4681 3045 4735 Α
3086 4681 3094 4748 1

510 4775 591 4823 17.
632 4772 725 4823 καὶ
759 4770 981 4835 ταύτην
1004 4766 1071 4834 b,
1109 4784 1397 4835 καταυτην
1423 4768 1465 4820 Α
1499 4769 1509 4834 Ι
1537 4772 1771 4824 20.-·21.
1795 4770 1898 4821 ουθ
1925 4784 1960 4834 η
1986 4781 2143 4820 αυτω
2169 4766 2240 4831 Α,
2276 4767 2412 4819 οὔτε
2437 4765 2471 4828 ή
2498 4764 2657 4833 αὐτῷ
2684 4764 2719 4816 b
2750 4765 2760 4830 Ι
2791 4769 2874 4822 25.
2901 4769 3097 4832 ορθου-

500 4870 861 4920 τονουμενου
897 4854 939 4906 Α
