3738 5530
635 305 1079 363 Commentarius
1106 306 1335 362 criticus
1363 309 1423 362 et
1448 306 1771 379 exegeticus
1799 307 1859 363 in
1888 307 2177 379 Apollonii
2205 306 2436 379 Dyscoli
2463 308 2676 381 scripta
2702 308 2940 366 minora.
3028 311 3113 377 87

673 480 775 553 61,
800 481 878 538 19
929 477 1002 537 de
1049 472 1397 554 ἐμφατικός
1443 474 1831 554 ἐμφαντικὸς
1877 479 2007 540 sim.
2055 480 2119 539 in
2166 480 2664 541 commentatione
2710 480 2783 541 de
2814 480 2928 559 Ap.
2977 500 3112 544 con·

490 568 801 629 suetudine
848 571 1073 646 agetur.

670 657 834 729 Quae
881 660 1233 737 argumenta
1277 657 1646 718 refelluntur.
1739 658 1834 719 Ad
1883 650 1972 740 c):
2031 661 2135 718 etsi
2181 653 2417 721 αὐτόν
2463 662 2803 732 reflexim
2845 679 2967 721 non
3011 666 3110 732 est,

490 753 683 809 tamen
726 749 925 821 differt
964 750 1120 808 notio
1164 749 1619 809 ormotonumeni
1655 766 1696 809 a
1729 752 1960 809 notione
2004 749 2304 820 inclinati;
2348 749 2498 809 mad
2534 752 2688 810 enim
2723 768 2855 811 eum
2887 753 3114 814 indicat

489 842 556 898 in
600 855 712 912 qao
753 840 834 898 sit
875 838 1103 912 aliquid
1146 839 1477 913 elimitans,
1522 839 1628 898 hoc
1672 856 1803 899 eum
1846 841 2113 914 quinon
2154 842 2243 899 ita
2285 857 2565 914 maynam
2605 840 2819 901 habeat
2859 845 3110 902 auctori—

489 932 663 988 tatem
708 929 1112 1003 61,24—27.
1203 926 1299 987 Ad
1355 919 1437 1009 a).
1506 928 1668 1004 Quae
1722 932 1776 987 et
1827 931 2008 988 trium
2069 931 2542 990 terminationum
2601 934 2741 990 sunt
2785 934 2838 990 et
2878 934 3108 992 demon-

485 1019 718 1078 strandi
752 1021 1093 1093 potestator·
1135 1019 1371 1086 habent,
1435 1019 1871 1078 inclinationem
1912 1023 2342 1094 aspernantum·
2406 1014 2642 1081 αὐτόν
2696 1023 2891 1081 autem
2943 1022 3111 1082 illam

487 1109 924 1168 dmonstrandi
977 1110 1096 1167 vim
1149 1124 1268 1167 non
1318 1108 1531 1167 habere
1582 1109 1674 1167 vel
1729 1127 1798 1167 ex
1843 1127 1913 1168 ea
1960 1128 2023 1168 re
2066 1113 2333 1183 apparet,
2379 1110 2533 1184 quod
2577 1106 2599 1170 i
2643 1111 2925 1181 litteram,
2990 1131 3109 1186 qua

487 1200 940 1258 demonstrata-a
985 1201 1290 1272 auyentur,
1337 1199 1402 1256 in
1445 1199 1565 1271 fine
1607 1216 1728 1257 non
1772 1201 2021 1258 assumit
2067 1200 2474 1274 61,24-62,
2496 1201 2552 1257 2.

668 1290 770 1361 61,
793 1288 874 1346 25
942 1283 1214 1363 ἔμφαςιν
1276 1281 1628 1366 ὑπεροχῆς]
1694 1285 1804 1348 AO
1849 1288 1883 1347 I
1932 1289 2041 1363 53,
2076 1291 2157 1347 18
2224 1283 2507 1364 ςημαίνει
2571 1283 2695 1365 γὰρ
2759 1284 3106 1366 ὑπεροχήν,

487 1371 709 1438 ἀὐτὸς
754 1373 1150 1452 παρεγένετο
1197 1371 1235 1437 ὁ
1282 1373 1595 1451 δεςπότης
1639 1373 1679 1452 ἢ
1727 1372 1766 1437 ὁ
1815 1372 2147 1453 βαςιλεύς’.

668 1468 875 1542 61,27
926 1462 991 1527 αἱ
1035 1463 1267 1539 γένους
1313 1462 1798 1546 παραςτατικαί]
1843 1487 2012 1545 pron.
2063 1469 2257 1543 37‚43
2303 1471 2460 1544 synt.
2513 1470 2917 1544 136,5-11.

666 1559 767 1632 62,
793 1558 961 1617 1-2
1013 1555 1133 1615 ska
1168 1556 1199 1616 Ι
1242 1558 1338 1616 12.
1416 1556 1531 1616 Sed
1576 1557 1721 1618 haec
1767 1557 1951 1617 verba
1995 1577 2113 1617 non
2162 1574 2286 1618 esse
2333 1558 2617 1635 eicienda,
2661 1577 2730 1618 ex
2767 1560 2903 1638 ipsa
2938 1579 3105 1621 enar·

484 1648 716 1707 ratione
762 1665 1050 1724 apparere
1095 1648 1271 1725 put03
1315 1646 1521 1706 valent
1565 1647 1724 1706 enim
1770 1647 1847 1706 ad
1884 1647 1948 1706 id
1987 1647 2492 1725 comprobandum
2531 1648 2687 1726 quod
2724 1651 2947 1727 premit
2971 1651 3106 1729 Ap.,

486 1732 681 1798 αὐτός
725 1755 1049 1815 pronomen
1095 1736 1544 1797 demonstrandi
1579 1737 1821 1797 notione
1868 1756 2085 1814 carere,
2131 1737 2204 1798 cf.
2242 1757 2410 1815 pron.
2453 1739 2555 1814 10,
2578 1740 2634 1797 3.
2686 1740 2788 1815 37,
2814 1743 3106 1818 11-123

487 1828 680 1903 6223
725 1829 881 1903 synt.
923 1827 1193 1902 135,15.

660 1907 755 1998 δ’)
800 1915 1076 1976 Alterum
1121 1919 1541 1995 argumentum
1586 1934 1624 1975 a
1669 1917 1989 1994 Tryphone
2034 1917 2362 1995 suppletur.
2455 1911 2785 1978 ‘Absentem
2830 1914 2953 1988 est’‚
3014 1921 3103 1980 in-

484 2008 645 2083 quit,
692 2000 929 2074 ‘dicere,
994 2007 1147 2081 quod
1193 2001 1226 2066 ἕ
1269 2006 1606 2074 inclinetur,
1674 2008 1847 2066 etiam
1894 2002 2130 2068 αὐτόν
2174 2006 2480 2074 inclinari,
2537 2009 2691 2082 quod
2745 2010 2871 2069 eius
2915 2011 3103 2070 locwm

481 2113 764 2169 occupare
805 2099 1027 2171 potest‚·
1083 2113 1228 2156 nam
1271 2089 1350 2157 οὗ
1397 2089 1462 2157 ot
1507 2096 1771 2156 melitiea
1813 2100 1977 2164 sunt,
2024 2114 2143 2156 non
2184 2101 2327 2156 sunt
2368 2114 2518 2171 quae
2560 2099 2629 2156 in
2673 2114 2870 2158 eorum
2914 2100 3103 2160 locum

478 2187 907 2246 wbstituuntur
954 2181 1188 2247 αὐτοῦ
1238 2179 1473 2265 αὐτῷ’
1523 2186 1837 2260 62,3-8.
1894 2217 1969 2228 —·
2020 2186 2331 2265 Integrum
2378 2187 2635 2247 aiterum
2680 2193 3099 2267 argumentum

478 2276 786 2336 refellitur.
887 2274 983 2335 Ad
1028 2267 1189 2358 b¹-¹).
1255 2271 1501 2336 Αὐτοῦ
1559 2270 1760 2355 αὐτῷ
1814 2273 1933 2335 non
1984 2280 2234 2350 possunt
2286 2280 2621 2351 comparari
2674 2295 2807 2337 cam
2862 2275 3100 2341 αὐτόν

479 2367 834 2434 accusativo,
900 2366 1054 2440 quod
1115 2367 1349 2424 omnino
1409 2365 1690 2425 inela'nari
1751 2383 1871 2425 non
1924 2370 2206 2439 possunt,-
2267 2383 2411 2426 nam
2474 2384 2607 2427 cum
2656 2368 2779 2426 sint
2828 2373 3101 2443 quattuor

476 2473 804 2526 morarum,
866 2473 1050 2529 neque
1113 2472 1243 2514 ean·
1304 2455 1618 2514 admittunt
1673 2455 2003 2515 inclinandi
2061 2458 2345 2515 rationem
2398 2459 2571 2530 atque
2624 2457 2906 2517 voeabula
2951 2478 3101 2533 quae

478 2550 586 2605 aut
645 2550 761 2605 tres
823 2561 1021 2604 moras
1085 2535 1185 2626 (ut
1229 2535 1457 2625 αὐτόν)
1522 2548 1630 2603 aut
1678 2546 1878 2604 minus
1928 2561 2232 2605 morarum
2284 2547 2598 2615 continent,
2661 2550 2729 2606 ut
2768 2552 3101 2622 postremae

476 2636 736 2710 syllabae
792 2638 916 2695 eius
969 2637 1124 2695 vocis
1176 2652 1327 2709 qnae
1369 2634 1672 2708 praecedit
1723 2638 1934 2694 acutus
1987 2638 2158 2694 tonus
2213 2636 2516 2706 excitemu-
2577 2653 2762 2711 neq-uc
2821 2655 2951 2697 eam
2984 2657 3098 2712 pa-

478 2729 703 2786 tamtum
745 2726 1180 2787 inclmationem
1223 2728 1394 2800 atque
1438 2741 1601 2785 voces
1644 2727 1918 2800 quattuor
1958 2742 2278 2794 morarmn,
2323 2729 2391 2785 ut
2433 2729 2702 2786 accentus
2746 2728 2811 2786 in
2835 2730 3100 2802 priorem

475 2817 764 2892 syllabam
824 2816 1160 2875 retrahatur
1223 2810 1401 2892 (ἡμῖν
1458 2809 1665 2893 ἥμῑν);
1729 2816 1983 2875 aeola'eae
2047 2818 2200 2875 enim
2259 2816 2487 2889 formae
2551 2817 2857 2876 evaderent
2920 2813 3096 2898 αὔτῳ

479 2901 695 2969 αὔτου.
787 2906 998 2981 Itaque
1040 2906 1103 2964 hi
1148 2921 1321 2964 casus
1366 2899 1599 2982 (αὐτοῦ
1647 2900 1824 2985 αὐτῷ
1869 2895 2036 2985 cet.‚)
2090 2908 2145 2964 si
2188 2906 2516 2966 absolutam
2558 2909 2847 2967 notionem
2886 2908 3099 2968 habent

479 2990 544 3079 (i.
584 3015 630 3055 e.
679 2996 733 3057 si
785 3014 977 3073 neque
1023 2996 1405 3074 opponuntur
1464 3014 1654 3071 neque
1699 2964 2172 3098 discernuntur),
2237 3012 2356 3055 non
2408 2997 2611 3055 debent
2653 3014 2695 3055 a
2739 2997 3098 3071 loqwentibus

475 3088 777 3146 intentiore
839 3089 1079 3146 accentu
1130 3085 1419 3159 proferri,
1484 3086 1587 3144 sed
1648 3086 1847 3143 animo
1904 3085 2298 3160 rfputandum
2353 3089 2436 3145 est
2488 3103 2601 3161 quo
2643 3090 2823 3161 pacto
2868 3088 3097 3148 enelisis

474 3178 690 3252 species
733 3179 993 3236 servetur
1038 3175 1397 3249 eze—15.
1492 3172 1578 3233 cf.
1626 3177 1781 3251 synt.
1835 3175 2407 3251 135‚21—136,5.

656 3267 952 3341 aza—4
1002 3264 1126 3324 ska
1168 3264 1200 3323 1
1240 3267 1294 3323 7.

661 3355 823 3431 625
872 3356 943 3414 of.
992 3357 1146 3431 synt.
1201 3354 1469 3429 14s‚12.

656 3447 758 3520 62,
781 3447 819 3504 8
875 3440 1077 3520 ‘'Anep
1123 3445 1161 3502 i.
1201 3462 1247 3501 e.
1295 3438 1377 3504 τὰ
1432 3437 1522 3504 εἰς
1576 3438 1649 3504 ἑο
1696 3446 1757 3503 et
1803 3438 1866 3504 οἱ
1913 3439 2554 3520 μεταλαμβανόμενα,
2621 3439 2823 3506 αὐτοῦ
2881 3440 3093 3520 αὐτῆς,

476 3531 651 3596 αὐτῶ
699 3531 781 3596 αὐ
865 3582 878 3595 .

621 3596 757 3700 '62‚
782 3534 864 3684 {g
928 3620 1020 3684 Τὸ
1068 3618 1421 3695 ἐγκλιτικόν
1459 3648 1542 3671 ===
1580 3618 1658 3683 τὸ
1706 3619 2098 3694 ἐγκλίνεςθαι
2153 3624 2266 3697 ita,
2331 3624 2402 3682 ut
2459 3626 2735 3684 accentus
2780 3624 2845 3683 in
2889 3643 3094 3685 vocem

473 3715 921 3793 praecedentem
966 3714 1249 3774 reiciatur
1296 3705 1488 3795 (pron.
1531 3714 1633 3788 90,
1657 3704 1796 3795 18):
1869 3711 2101 3791 Uhligii
2157 3712 2631 3773 emendationem
2686 3733 2886 3774 veram
2947 3733 3094 3791 esse,

473 3824 591 3865 non
637 3807 729 3866 est
774 3803 930 3881 quod
977 3801 1368 3882 comprobem.

654 3896 757 3971 62,
780 3895 864 3953 10
900 3889 1062 3953 κατὰ
1087 3924 1162 3935 -
1193 3894 1272 3951 12
1310 3886 1521 3971 ἤμων]
1560 3892 1631 3953 cf.
1663 3911 1826 3967 pron.
1859 3892 1964 3966 35,
1988 3893 2086 3950 10.
2130 3893 2231 3967 90,
2256 3893 2353 3951 16.
2398 3893 2499 3969 95,
2522 3894 2635 3968 283
2677 3896 2832 3970 synt.
2868 3895 3012 3969 130,
3034 3896 3090 3954 4.

472 3984 610 4045 Her.
650 3984 681 4044 Ι
721 3984 973 4058 558‚14
1004 4000 1119 4060 sq.;
1164 3982 1226 4041 Π
1267 3983 1504 4057 24,17;
1548 3981 1735 4042 Lehr's
1781 4001 1836 4059 q.
1877 4000 1924 4040 e.
1969 3982 2111 4041 123.

653 4075 756 4150 62,
781 4076 860 4133 14
917 4072 1103 4133 Lehrs
1150 4092 1203 4149 q.
1244 4091 1291 4130 e.
1344 4073 1486 4131 125.
1581 4065 1771 4142 ‘Quae
1826 4072 2168 4132 coniectura
2223 4073 2496 4149 quamvis
2542 4072 2717 4133 valde
2762 4091 2889 4133 sese
2936 4092 3093 4134 com·

472 4165 729 4240 mendet,
763 4166 965 4223 tamen
1005 4181 1137 4222 eam
1172 4181 1291 4223 non
1327 4162 1666 4240 receperim,
1705 4181 1838 4220 cum
1866 4156 2047 4223 ὅπως
2083 4180 2390 4238 nunquam
2427 4162 2587 4241 apud
2615 4162 2728 4240 Ap.
2758 4163 2821 4221 in
2859 4165 3091 4223 senten-

472 4256 575 4315 tiis
610 4253 906 4329 finalibus,
953 4272 1105 4330 quae
1145 4251 1386 4329 quidem
1421 4253 1563 4312 sunt
1596 4252 2132 4327 frequentissimae,
2169 4252 2526 4328 inveniatur,
2564 4251 2665 4312 sed
2703 4271 2934 4329 semper
2964 4247 3090 4314 ἵνα.

474 4343 590 4404 Sed
638 4342 1072 4404 concedendum
1118 4344 1224 4416 est,
1271 4336 1450 4402 ὅπως
1496 4341 1736 4401 omnino
1780 4340 1875 4401 bis
1919 4342 2157 4400 tantum
2204 4341 2362 4419 apud
2408 4341 2521 4420 Ap.
2569 4342 2708 4421 legi,
2756 4344 2817 4401 et
2853 4342 3091 4419 quidem

473 4435 535 4492 in
582 4433 735 4493 libro
782 4433 856 4491 de
900 4453 1066 4511 pron.
1116 4432 1153 4490 1.
1192 4432 1250 4507 1.,
1296 4433 1425 4490 tum
1472 4431 1545 4490 de
1590 4432 1738 4490 coni.
1790 4425 2070 4506 250‚12’
2118 4430 2242 4490 ska
2285 4431 2317 4489 I
2359 4432 2456 4491 15.

649 4524 789 4582 Non
822 4523 1011 4582 solnm
1046 4524 1204 4581 omni
1228 4521 1550 4595 personali,
1597 4521 1751 4594 quod
1785 4524 1936 4581 recto
1972 4525 2211 4580 accentu
2244 4525 2497 4589 notatur,
2540 4523 2794 4581 adicitur
2833 4516 3090 4594 αὐτός,

471 4615 574 4672 sed
619 4616 793 4673 etiam
837 4630 968 4673 eum
1001 4613 1349 4686 possessivis
1394 4613 1762 4686 coniunyitur
1800 4613 1925 4670 eius
1964 4613 2262 4685 ymetimaes
2300 4612 2402 4687 62,
2428 4612 2704 4670 16-22,
2782 4609 2867 4670 Cf.
2907 4610 3088 4672 Prisc.

473 4703 589 4762 ΧΠ
635 4724 691 4781 p.
733 4702 1182 4778 580‚13--15.

653 4794 859 4867 62,16
910 4785 1311 4869 προείρηται]
1358 4809 1525 4868 pron.
1567 4791 1793 4866 37‚13.
1843 4790 1947 4864 43,
1972 4796 2037 4865 93
2084 4791 2154 4850 cf.
2209 4792 2442 4865 116,2;
2488 4793 2642 4867 synt.
2685 4792 2831 4866 137,
2855 4793 2909 4849 2.

655 4883 860 4956 62,19
921 4879 992 4941 ἐν
1039 4883 1130 4962 τῷ
1179 4875 1462 4959 κτήτορι]
1530 4874 1717 4940 ‘Muss
1779 4879 2012 4939 heissen
2078 4875 2149 4940 ἐν
2212 4880 2305 4960 τῷ
2368 4882 2654 4960 κτητικῷ.
2763 4880 2935 4939 Denn
2994 4880 3092 4941 die

475 4969 904 5046 πρωτότυπος
951 4971 1099 5031 wird
1145 4969 1484 5047 uberhaupt
1529 4970 1696 5029 nicht
1737 4970 1822 5029 im
1869 4965 2119 5044 κτήτωρ
2163 4969 2622 5050 hinzugedacht:
2668 4971 2754 5031 sie
2790 4972 2873 5033 ist
2907 4970 3094 5032 selbst
