3738 5530
1257 864 2022 971 ARGVMENTVM
2079 865 2373 938 LIBRI

1355 998 1480 1065 Qv1
1523 1000 1657 1056 Es‘r
1695 1001 1793 1056 Da
1832 1000 2286 1056 mosomus.

528 1157 600 1217 Δ.
667 1157 755 1212 De
801 1155 1162 1224 pronomine
1212 1155 1501 1212 universe
1547 1116 1907 1226 disputatur
1950 1157 2132 1228 (περὶ
2167 1158 2286 1224 τῆς
2322 1151 2610 1226 ἑννοίας)
2649 1174 2703 1225 p.
2739 1165 2801 1223 3,
2839 1162 3024 1223 3—36‚
3062 1163 3112 1212 5.

663 1259 705 1318 Ι.
742 1256 1046 1312 Praefatio.
1118 1256 1440 1310 Pronomini
1464 1269 1611 1326 qua'e
1649 1257 1959 1328 appellatio
2004 1256 2078 1312 sit
2120 1256 2412 1325 aptissima
2448 1259 2511 1312 ut
2544 1261 2847 1328 appareat,
2890 1275 3114 1313 enume-

742 1336 936 1389 rantur
971 1338 1031 1388 et
1065 1333 1371 1388 reiciantur
1404 1336 1594 1389 cetera
1628 1334 1882 1402 nomina,
1917 1351 2065 1402 quae
2101 1334 2428 1408 ἀντωνυμίᾳ
2463 1331 2644 1388 indita
2677 1336 2864 1390 erant:

742 1419 787 1468 1.
829 1412 900 1466 ab
939 1410 1263 1465 Aristarcho
1299 1429 1354 1479 p.
1391 1417 1449 1476 3,
1491 1415 1704 1469 12-15.

736 1495 785 1543 2.
821 1505 857 1541 a
892 1486 1279 1555 Dionysodoro
1314 1486 1622 1541 Troezenio
1657 1504 1709 1556 p.
1749 1493 1809 1552 3,
1849 1492 2065 1539 16-19,

735 1573 786 1622 3.
822 1581 858 1617 a
890 1560 1244 1631 Tyrannione
1281 1581 1335 1633 p.
1374 1569 1436 1628 4,
1479 1568 1623 1616 1—4.
2412 1618 2422 1627 ,

736 1647 784 1696 4.
823 1639 938 1694 Nec
958 1640 1037 1693 eis
1056 1638 1472 1694 assentiendum
1494 1640 1594 1700 est,
1616 1637 1714 1705 qui
1731 1638 2072 1704 ἀντώνυμον
2097 1653 2300 1692 nomen
2328 1638 2734 1708 praetulerunt.
2776 1657 2829 1709 p.
2855 1645 2904 1706 4,
2928 1646 3023 1692 5-
3037 1647 3112 1699 17.

734 1722 782 1771 5.
825 1715 942 1770 Nec
967 1714 1197 1769 Comani
1221 1714 1502 1769 sententia
1526 1713 1821 1784 probanda
1844 1713 2219 1781 ἀντονομαεία
2242 1729 2446 1767 nomen
2470 1714 2852 1784 proponentis.
2894 1734 2948 1786 p.
2975 1722 3023 1781 4,
3055 1723 3115 1771 18

737 1874 784 1927 6.
825 1868 1056 1922 Diversa
1107 1865 1450 1921 miscuerunt
1495 1865 1693 1932 Stoici,
1759 1866 1856 1934 qui
1912 1866 2209 1920 articulum
2268 1867 2328 1920 et
2377 1882 2686 1935 pronomen
2740 1885 2852 1922 uno
2904 1870 3114 1937 ἄρθρον

818 1944 1041 1999 nomine
1105 1942 1673 2013 comprehenderunt,
1732 1944 1791 1997 et
1860 1942 2235 2010 Apollodorus
2296 1942 2646 1998 Atheniensis
2707 1943 3114 2013 Dionysiusque

818 2020 1032 2086 Thrax,
1082 2019 1182 2089 qui
1214 2020 1548 2089 pronomina
1582 2021 1760 2089 ἄρθρα
1794 2021 2041 2074 δεικτικὰ
2077 2018 2342 2073 dixerunt
2375 2038 2429 2089 p.
2468 2026 2524 2086 5,
2566 2026 2779 2078 13-19,

815 2097 963 2151 Nam
996 2099 1125 2150 sunt
1147 2111 1283 2151 sane
1307 2097 1603 2164 quaedam,
1641 2113 1787 2164 quae
1811 2095 2147 2166 pronomina
2170 2099 2231 2151 et
2264 2096 2488 2151 articuli
2511 2097 2829 2152 communia
2852 2097 3115 2164 habeant,

820 2173 919 2229 sed
954 2176 1144 2226 tamen
1180 2187 1385 2240 genere
1420 2172 1569 2225 inter
1602 2188 1661 2226 se
1697 2172 1923 2226 diversa
1955 2174 2101 2226 sunt.
2170 2189 2224 2241 p.
2261 2180 2318 2240 5,
2355 2179 2549 2240 20-9,
2584 2179 2631 2232 6.

735 2258 782 2305 7.
821 2250 1109 2304 Postremo
1145 2265 1216 2302 ne
1254 2248 1523 2315 ίεωνυμία
1559 2248 1790 2316 quidem
1825 2263 2030 2302 nomen
2065 2250 2297 2317 probari
2332 2250 2523 2319 potest
2555 2268 2610 2320 p.
2648 2256 2706 2315 9,
2746 2255 2928 2308 7-10.

634 2329 698 2382 ll.
736 2325 1019 2392 Definitio,
1057 2324 1211 2380 cuius
1245 2327 1436 2394 partes
1471 2322 1798 2393 singillatim
1835 2326 2238 2392 percensentur
2272 2344 2327 2396 p.
2366 2333 2423 2392 9,
2464 2332 2687 2389 11-13,
2726 2334 2775 2382 3.

735 2410 781 2458 1.
818 2403 920 2457 Est
955 2417 1065 2455 vox
1099 2401 1341 2454 nominis
1376 2399 1501 2453 loco
1538 2398 1723 2468 posita
1756 2415 1813 2467 p.
1850 2405 1911 2458 9.
1953 2406 2165 2459 14—16.

733 2487 781 2534 2.
820 2478 1091 2533 Definitas
1128 2476 1342 2531 indicat
1375 2491 1645 2544 personas
1679 2493 1735 2545 p.
1773 2482 1832 2540 9,
1875 2481 2099 2542 17-10,
2135 2483 2219 2534 26.

732 2564 780 2614 3.
817 2552 1035 2624 Singuli
1070 2569 1231 2608 casus
1263 2551 1593 2619 numerique
1629 2568 1698 2606 ex
1735 2549 1973 2620 singulis
2006 2553 2347 2620 proveniunt
2380 2556 2664 2611 radicibus
2702 2555 2759 2608 in
2796 2557 2876 2612 eis
2910 2572 3113 2626 prono-

814 2631 1086 2696 minibus,
1143 2646 1289 2697 quae
1333 2628 1729 2683 terminatione
1774 2644 1952 2696 genus
1998 2645 2108 2683 non
2154 2630 2480 2699 exprimunt
2523 2649 2577 2700 p.
2634 2639 2726 2698 10,
2779 2638 3012 2701 27-13,
3066 2640 3115 2687 3.

598 2711 692 2764 111.
737 2708 1054 2765 possessiva
1088 2722 1198 2775 quo
1235 2705 1457 2760 nomine
1493 2704 1834 2775 appellanda
1868 2704 1981 2759 sint
2015 2722 2068 2774 p.
2112 2712 2201 2775 13,
2239 2711 2433 2772 4-17,
2478 2713 2554 2762 19.

738 2792 783 2841 1.
825 2786 952 2840 Non
1014 2785 1146 2837 sunt
1206 2784 1506 2851 εύναρθροι
1561 2783 1911 2850 ἀντωνυμίαι
1965 2782 2254 2842 dicendae.
2301 2814 2368 2823 —
2413 2783 2685 2839 Universe
2749 2785 2820 2838 de
2875 2784 3114 2839 articulo

815 2878 942 2915 cum
976 2859 1308 2930 pronomine
1346 2857 1733 2927 coniungendo
1770 2858 2093 2927 disputatur
2127 2877 2182 2929 p.
2223 2867 2314 2926 13,
2348 2866 2541 2925 4-16,
2577 2867 2660 2918 27.

645 2952 652 2959 ·
729 2946 778 2993 2.
818 2938 1016 3005 Neque
1041 2938 1193 2991 recte
1219 2952 1288 2990 ea
1312 2934 1494 2991 Draco
1524 2936 1920 3003 διπροεώπου(
1959 2936 2318 3002 ἀντωνυμία(
2353 2936 2672 3004 appellavit
2706 2953 2762 3005 p.
2805 2943 2889 3003 17,·
2925 2944 3107 2992 12-17.

729 3023 777 3071 3.
815 3014 1114 3069 Probanda
1172 3013 1347 3083 igitur
1397 3010 1712 3080 Tryphonis
1769 3011 1940 3075 rati0,
1995 3014 2315 3081 personalia
2366 3015 2749 3081 npurtotuuu,
2803 3015 3117 3084 possessiva

811 3092 1122 3159 παραγωγά
1160 3089 1250 3143 vel
1286 3089 1523 3156 κτητικά
1559 3087 1973 3142 denominantis
2006 3107 2062 3158 p.
2109 3095 2193 3156 16,
2231 3095 2445 3143 14-18.

607 3170 699 3225 IV.
737 3169 817 3223 De
853 3166 1105 3237 personis
1139 3183 1194 3235 p.
1236 3171 1322 3230 17,
1362 3170 1584 3230 19-22,
1621 3172 1704 3219 23.
2026 3230 2030 3235 ᾖ

740 3252 780 3298 1.
816 3243 965 3298 Fieri
999 3257 1109 3296 non
1148 3242 1337 3310 potest
1369 3242 1435 3294 ut
1469 3241 1595 3309 plus
1630 3257 1798 3308 quam
1835 3242 1951 3295 tres
1985 3240 2099 3296 sint
2131 3258 2406 3312 personae
2444 3259 2499 3311 p.
2539 3248 2624 3308 17,
2671 3249 2893 3309 19-18,
2935 3249 3014 3300 14.

733 3329 783 3374 2.
820 3321 1068 3374 Persona
1102 3317 1384 3372 definitur.
1452 3317 1535 3372 De
1571 3316 1757 3387 prima
1791 3318 2041 3372 secunda
2074 3320 2248 3373 tertia
2281 3335 2335 3386 p.
2380 3326 2466 3385 18,
2510 3325 2730 3383 14-21,
2769 3325 2818 3372 2.

732 3404 780 3452 3.
821 3396 903 3450 De
939 3395 1191 3465 personis
1225 3395 1642 3458 vocativorum3
1680 3409 1825 3462 quae
1862 3394 2197 3463 pronomina
2234 3394 2491 3449 vocativo
2529 3395 2842 3449 necessario
2880 3398 3113 3450 careant

809 3491 862 3542 p.
898 3478 993 3537 21,
1031 3477 1225 3536 3—22,
1264 3476 1346 3525 23.

621 3551 688 3609 V.
722 3549 806 3604 De
842 3547 1067 3616 syntaxi
1101 3546 1495 3617 pronominum
1531 3564 1586 3616 p.
1627 3553 1719 3612 22,
1757 3553 1987 3613 25-26,
2022 3554 2103 3601 21.

733 3633 777 3679 1.
817 3624 900 3678 De
939 3624 1111 3678 verbo
1148 3621 1522 3677 construendo

814 3717 863 3756 a.
903 3718 1030 3755 cum
1066 3700 1309 3767 obliquis
1345 3698 1566 3754 casibus
1601 3699 1950 3768 pronominis
1983 3718 2038 3769 p.
2075 3708 2167 3768 22,
2207 3706 2435 3763 25-23,
2475 3707 2523 3754 5.

743 3802 750 3807 -
809 3778 863 3832 b.
902 3794 1028 3831 cum
1065 3774 1413 3831 nominativo
1449 3775 1665 3843 primae
1701 3774 2097 3843 secundaeque
2132 3791 2407 3847 personae
2443 3795 2497 3846 p.
2540 3782 2630 3841 23,
2667 3783 2850 3831 6-30.

809 3870 856 3907 c.
892 3869 1021 3907 cum
1056 3852 1400 3907 nominativo
1436 3847 1778 3920 pronominis
1814 3850 2018 3906 tertiae
2053 3869 2327 3921 personae
2362 3871 2422 3922 p.
2460 3859 2550 3913 24,
2594 3859 2772 3910 1-20.

727 3937 777 3986 2.
814 3929 959 3995 Quid
1022 3927 1255 3983 rationis
1298 3925 1614 3982 intercedat
1657 3928 1804 3982 inter
1844 3945 2005 3982 usum
2066 3929 2408 3998 pronominis
2461 3933 2519 3984 et
2579 3929 2817 3983 nominis
2908 3948 2964 3998 p.
3016 3936 3109 3996 24,

819 4012 1052 4072 22-26,
1088 4012 1172 4061 21.

593 4082 692 4137 VI.
734 4082 816 4137 De
853 4084 1103 4148 vocibus,
1141 4099 1285 4150 quae
1323 4082 1466 4136 falso
1501 4083 1560 4135 in
1595 4082 1985 4152 pronominum
2024 4098 2257 4136 numero
2294 4082 2573 4137 habentur
2606 4100 2661 4152 p.
2700 4087 2783 4148 26,
2807 4088 3030 4149 23-35,
3058 4090 3090 4137 5

735 4164 778 4215 1.
819 4159 917 4214 Τί(
953 4158 1274 4213 encliticum
1308 4175 1420 4213 non
1457 4160 1544 4213 est
1575 4174 1911 4230 pronomen,
1947 4159 2045 4215 sed
2080 4176 2285 4214 nomen
2319 4177 2377 4229 p.
2413 4165 2503 4223 26,
2543 4164 2771 4226 27-29,
2815 4165 2890 4212 10.

728 4242 777 4289 2.
815 4239 1159 4304 Τηλικοῦτοε
1195 4237 1254 4289 et
1287 4240 1546 4291 τοιοῦτο(
1583 4237 1717 4289 sunt
1750 4236 1979 4289 nomina
2012 4253 2069 4305 p.
2105 4242 2196 4299 29,
2240 4242 2458 4299 11-31,
2503 4242 2579 4289 12.

728 4320 776 4370 3.
813 4312 1130 4378 Ἡμεδαπό(
1185 4312 1245 4365 et
1288 4312 1573 4376 ὑμεδαπό(
1619 4313 1849 4366 nomina
1900 4314 2030 4366 sunt
2074 4328 2109 4365 a
2152 4311 2575 4380 pronominibus
2619 4310 2874 4366 derivata
2925 4329 2977 4381 p.
3024 4317 3106 4377 31,

809 4393 1034 4452 18-32,
1072 4394 1155 4441 21.

727 4472 777 4523 4.
815 4467 1022 4520 Ἄλλο(
1056 4480 1259 4519 nomen
1296 4466 1383 4518 est
1417 4481 1473 4533 p.
1511 4469 1607 4529 32,
1642 4470 1871 4533 22-34,
1912 4471 1993 4521 18,

724 4548 775 4599 5.
799 4542 981 4605 ’Ὤμοι
1016 4540 1345 4595 adverbium
1383 4542 1470 4594 est
1504 4556 1559 4608 p.
1596 4545 1688 4607 34,
1730 4546 1957 4608 19—35,
1993 4548 2043 4596 5.

511 4692 581 4751 Β.
656 4693 739 4749 De
774 4694 1130 4750 accentibus
1169 4694 1232 4749 et
1257 4692 1474 4750 formis
1499 4694 1927 4764 prononssnum
1952 4695 2133 4767 (περὶ
2169 4695 2292 4750 τοῦ
2328 4689 2677 4762 σχήματος
2710 4696 2827 4762 τῇς
2850 4695 3107 4765 φωνῆς)

651 4784 710 4910 ξ..
733 4775 1597 4925 Ῑξίἀῖοεῖιὲἐυὲθρῐοηοωίῃιιω
1631 4873 1687 4925 p.
1728 4864 1822 4924 35,
1859 4861 2058 4923 6-49,
2097 4861 2144 4909 7.

736 4935 776 4987 1.
813 4929 957 4996 Quid
992 4931 1215 4986 intersit
1249 4931 1394 4987 inter
1430 4931 1904 4989 orthotonumena
1938 4934 1996 4986 et
2031 4930 2294 4986 enclitica
2330 4948 2384 5000 p.
2423 4938 2514 4997 35,
2557 4938 2782 5000 15-36,
2820 4940 2904 4989 30.

2596 5018 2700 5071 17*
