3738 5530
815 361 819 364 ‚
911 385 1107 448 QVAE
1144 384 1381 435 FALSO
1418 379 1971 434 PRONOMINIBVS
2009 378 2625 431 ADNVMERENTVR.
2974 373 3057 438 33

470 592 844 665 τωνυμικοῑς
890 586 1053 664 οὗςι,
1099 588 1314 666 τρίτον
1358 587 1658 651 καθεςτὸς
1705 584 2148 663 ςυμπαρήχθη·
2194 585 2354 661 χρῆν
2398 581 2522 658 γὰρ
2568 578 2943 659 ςφεδαπός.»
2977 613 3057 623 -

477 691 588 754 Καὶ
641 694 835 755 τοῦτο
888 688 1319 753 εὐαπόλυτον.
1431 693 1694 767 πρῶτον
1757 686 1846 751 ὡς
1904 685 2022 749 οὐκ
2079 684 2138 749 εἴ
2189 707 2248 749 τι
2305 684 2464 748 κατὰ
2518 682 2596 746 τὸ
2650 679 2864 760 τρίτον
2911 680 3058 744 ἐπά-

468 811 648 867 γεται
707 795 847 855 ταῖς
903 790 1357 869 ἀντωνυμίαις,
1418 794 1611 854 τοῦτο
1660 787 2057 865 ἀντωνυμία·
2115 787 2257 850 ἰδοὺ
2312 786 2436 864 γὰρ
2481 785 2586 848 καὶ
2627 784 2708 847 τὰ
2752 781 3058 860 ὀνόματα.

478 930 549 939 -
608 893 828 957 ἔπειτα
885 893 949 958 ἐξ
1007 891 1286 969 ἀνάγκη(
1342 892 1418 955 τὸ
1464 891 1836 956 ἀλλοδαπός
1883 889 2284 971 ἐπιφέρεται,
2343 887 2423 952 οὐ
2469 889 2627 952 καθὸ
2674 884 3059 964 ἀντωνυμία,

472 994 629 1059 καθὸ
676 995 747 1058 δὲ
790 998 925 1058 τῶν
972 993 1411 1072 ὑποκειμένων
1457 992 1828 1071 προςώπων
1876 991 2278 1071 ἀναιρετικὸν
2309 988 2605 1069 ὑπάρχον
2648 988 2735 1053 εἰς
2764 986 3062 1065 ἀόριςτον
3098 1000 3131 1048 5

472 1098 823 1176 πρόςωπον
855 1096 1233 1174 μεθίςτηςιν·
1280 1093 1525 1158 ἄλλος
1552 1094 1708 1177 γάρ,
1755 1093 1893 1158 οὐκ
1937 1093 2127 1168 ἐγώ·
2175 1090 2452 1170 ἄλλος,
2501 1089 2593 1156 οὐ
2637 1092 2747 1157 ςύ·
2793 1091 3060 1170 ἄλλος,

470 1198 609 1263 οὐκ
665 1198 1175 1289 ζΑρίςταρχος.
1278 1196 1640 1273 ἀναγκαίως
1697 1195 1817 1260 οὖν
1874 1198 1950 1262 τὸ
2007 1195 2333 1274 ἡμεδαπός
2389 1196 2489 1259 καὶ
2533 1193 2887 1273 ὑμεδαπός,
2945 1195 3061 1255 τοῦ

470 1299 736 1379 δριςμοῦ
783 1300 1203 1381 ςτερούμενα,
1259 1298 1349 1363 εἰς
1404 1300 1478 1364 τὸ
1526 1298 1899 1363 ἀλλοδαπός
1954 1294 2320 1376 περιίςτατό
2359 1296 2688 1375 ἀόριςτον,
2747 1299 2867 1359 τοῦ
2917 1312 3062 1372 ςφε-

471 1402 676 1465 δαπός
720 1402 801 1480 μὴ
850 1401 1212 1479 δυναμένου
1259 1401 1418 1464 κατὰ
1461 1401 1538 1463 τὸ
1582 1400 1795 1477 τρίτον
1826 1399 2459 1479 παραλαμβάνεςθαι,
2507 1398 2648 1462 ἐπεὶ
2678 1396 3059 1475 δυςέφικτον

468 1503 548 1566 τὸ
595 1502 795 1582 ὁρίςαι
840 1503 1083 1567 παντὸς
1128 1502 1485 1580 ἀνθρώπου
1529 1501 1753 1566 πόλιν·
1814 1500 2047 1579 ἄπειρα
2094 1501 2163 1565 δὲ
2208 1502 2288 1565 τὰ
2331 1500 2523 1579 τρίτα.
2614 1500 2891 1578 ςτὲρηςις
2938 1496 3063 1575 ἄρα
3104 1513 3167 1560 10

478 1602 561 1682 ἦν
606 1606 871 1683 πρώτου
915 1605 1017 1668 καὶ
1052 1588 1368 1681 ’δευτέρου
1413 1604 1490 1668 τὸ
1538 1602 1944 1680 ἀλλοδαπός,
1998 1601 2210 1680 ὥςπερ
2256 1601 2593 1680 ἀρςενικοῦ
2639 1602 2739 1665 καὶ
2783 1602 3090 1679 θηλυκοῦ.

477 1707 554 1770 τὸ
601 1706 968 1784 οὐδέτερον.

647 1808 816 1871 Ἀλλ’
872 1807 1027 1872 οὐδὲ
1071 1809 1364 1886 κλητικήν
1410 1827 1605 1886 φαςιν
1650 1806 1821 1886 ἔχειν
1864 1809 1941 1871 τὸ
1987 1807 2186 1871 ἄλλος
2200 1855 2218 1888 ,
2279 1807 2497 1871 καθότι
2542 1804 2606 1869 αἱ
2651 1804 3062 1883 ἀντωνυμίαι,

475 1910 722 1975 ἐκεῖνος
780 1911 882 1973 καὶ
937 1910 1146 1975 αὐτός.
1203 1945 1287 1955 -
1346 1909 1457 1973 Καὶ
1511 1912 1706 1974 τοῦτο
1765 1911 2073 1988 ληρῶδες.
2183 1908 2238 1973 εἰ
2290 1910 2414 1985 γὰρ
2470 1909 2508 1986 ἡ
2554 1908 2808 1986 κλητικὴ
2852 1908 3065 1983 κλῆςις

476 2016 595 2076 τοῦ
638 2013 868 2095 πέλας,
915 2011 1076 2089 ὅπερ
1122 2012 1247 2076 ἐςτὶ
1279 2011 1584 2088 δεύτερον
1614 2012 1998 2089 πρόςωπον,
2046 2013 2188 2075 πῶς
2220 2009 2366 2087 οὐχὶ
2397 2009 2601 2089 βίαιον
2630 2010 2705 2074 τὸ
2737 2007 3062 2088 ἀφανιςτι-
3104 2021 3168 2069 15

290 2134 361 2185 41
391 2128 439 2179 A
479 2114 597 2179 κὸν
662 2119 795 2179 τῶν
860 2113 1228 2192 προςώπων
1295 2112 1361 2175 ἐς
1419 2113 1724 2191 δευτέρου
1778 2114 2132 2192 προςώπου
2199 2112 2446 2186 γένεςιν
2502 2110 2918 2193 μεθίςταςθαι;
2989 2148 3064 2157 -

481 2215 707 2280 «Ἀλλὰ
750 2217 854 2280 καὶ
912 2216 986 2278 τὸ
1046 2213 1393 2293 οὐδέτερον
1452 2213 1541 2281 εἰς
1595 2218 1647 2277 ’6
1690 2214 1901 2291 ἔληξε,
1958 2214 2174 2278 καθότι
2229 2215 2305 2277 τὸ
2364 2212 2526 2277 αὐτό
2580 2214 2684 2278 καὶ
2732 2215 2810 2279 τὸ
2858 2213 3067 2279 ἐκεῖνο

478 2316 868 2397 ἀντωνυμίαι
915 2315 1123 2381 ὄντα.»
1226 2316 1436 2380 Τοῦτο
1495 2314 1828 2395 ἁμάρτημα
1872 2319 2133 2396 φωνῆς,
2192 2315 2354 2393 ὅπερ
2398 2318 2812 2395 κατωρθοῦτο
2859 2316 2930 2381 ἐν
2975 2322 3066 2398 τῷ

481 2419 795 2502 ςυνθέτῳ,
840 2418 916 2482 τὸ
962 2418 1392 2498 ὀφειλόμενον
1437 2421 1487 2481 V
1519 2417 2047 2497 προςλαμβὰνον·
2095 2418 2370 2483 ἔξαλλον
2414 2418 2537 2495 γὰρ
2569 2418 2671 2481 καὶ
2699 2416 3066 2496 περίαλλον.

481 2556 558 2566 -
607 2520 767 2598 «Τὴν
811 2520 1067 2598 γενικὴν
1113 2520 1540 2598 πληθυντικὴν
1585 2525 1928 2598 περιςπῶςι
1957 2519 2260 2598 Δωριεῖς,
2311 2519 2451 2583 ἐπεὶ
2493 2520 2595 2583 καὶ
2622 2520 2738 2585 τὰς
2767 2519 3066 2584 τοιαύτας
3103 2528 3171 2577 20

400 2644 405 2647 ·
475 2624 612 2686 τῶν
670 2620 1116 2699 ἀντωνυμιῶν·
1172 2625 1423 2686 τουτῶν
1477 2622 1601 2699 γὰρ
1656 2622 1759 2685 καὶ
1801 2625 2048 2703 τηνῶν,
2109 2619 2208 2686 οἷς
2253 2618 2481 2699 ὅμοιον
2526 2620 2628 2685 καὶ
2669 2621 2746 2684 τὸ
2791 2619 3062 2687 ἀλλῶν».

476 2722 646 2788 Ἀλλ’
702 2721 819 2788 οὐκ
877 2722 937 2788 εἴ
997 2745 1057 2789 τι
1111 2722 1182 2788 ἐν
1237 2722 1591 2788 διαλέκτοις
1645 2722 1821 2802 παρὰ
1863 2722 2041 2788 τάςιν
2086 2722 2514 2805 ὠλιγώρηται,
2574 2725 2771 2788 τοῦτο
2815 2724 2918 2788 καὶ
2959 2726 3071 2801 τῆς

398 2838 442 2890 Β
481 2824 827 2903 ποιότητος
884 2829 996 2905 τῆς
1056 2826 1287 2891 λέξεως
1342 2825 1694 2904 ἐςτέρηται·
1752 2824 1903 2890 ἴςως
1949 2827 2020 2889 δὲ
2064 2826 2163 2887 καὶ
2207 2827 2284 2890 τὸ
2329 2824 2621 2889 ἐλλειπὲς
2665 2829 2777 2903 τῆς
2815 2811 3071 2890 ἐὐθείας

478 2925 946 3006 ἀνεπλήρωςαν
991 2927 1301 3006 Δωριεῖς,
1363 2927 1453 2991 ὡς
1514 2925 1646 2990 ἀπὸ
1705 2924 2021 2992 ὀξυτόνου
2066 2926 2315 2991 εὐθείας
2360 2926 2569 3004 ἑνικῆς
2613 2932 3067 3006 περιςπῶντες.

648 3026 721 3092 Ἡ
782 3027 1149 3109 ἀντωνυμία
1207 3027 1401 3107 ὁρίζει
1457 3028 1806 3108 πρόςωπα,
1861 3028 1938 3091 τὸ
1995 3028 2066 3092 δὲ
2124 3028 2223 3091 καὶ
2276 3031 2358 3094 τὰ
2412 3029 2752 3109 ὁριζόμενα
2811 3028 3071 3107 ἀόριςτα
3107 3035 3174 3084 25

618 3330 833 3384 Anava.
900 3338 975 3386 13.
1002 3332 1199 3399 Neque
1226 3348 1296 3386 ea.
1320 3348 1388 3385 ex
1409 3349 1470 3386 re
1497 3332 1691 3401 colligi
1713 3334 1905 3402 pohest
1929 3334 2097 3387 ἄλλος
2122 3347 2433 3401 pronomen
2460 3349 2607 3399 esse,
2634 3333 2788 3402 quod
2813 3333 3071 3387 vocativo

480 3416 655 3472 earet.
715 3413 862 3467 Nam
898 3417 962 3469 ut
996 3432 1190 3470 omnes
1226 3432 1511 3485 personas,
1547 3416 1630 3470 ita
1663 3412 1967 3471 secundam
2003 3416 2180 3482 tollit,
2216 3432 2363 3483 quae
2399 3419 2659 3472 vocativo
2685 3418 3072 3487 compellatur.

480 3531 546 3538 -
587 3499 889 3554 ‘Neutrum
927 3501 1045 3554 exit
1075 3501 1134 3554 in
1167 3507 1227 3566 ὃ,
1265 3502 1330 3555 ut
1362 3500 1603 3555 aliorum
1635 3502 2068 3570 pronomjnum.’
2128 3500 2208 3554 At
2240 3501 2346 3555 hoc
2380 3502 2580 3555 vit-ium
2617 3502 2793 3568 vecie,
2830 3502 2982 3571 quod
3012 3502 3072 3554 in

480 3584 809 3653 compositis
842 3585 1081 3640 tollitur.
1117 3603 1177 3625 -·
1220 3585 1340 3638 Nee
1374 3585 1601 3639 maioris
1637 3586 1912 3639 momenti
1951 3586 2063 3653 est,
2101 3583 2401 3640 Dorienses
2433 3586 2762 3656 genetivum
2794 3585 3075 3655 pluralem

485 3668 914 3738 perispomenos
938 3671 1207 3739 proferre.
1247 3700 1304 3710 -—
1347 3676 1429 3724 25.
1454 3670 1749 3724 Accedunfi
1785 3669 1901 3724 alia
1935 3672 2293 3740 argumenta,
2332 3670 2536 3738 quibus
2571 3671 2741 3726 ἄλλος
2764 3685 3076 3740 pronomen

487 3768 605 3805 non
640 3768 757 3807 esse
794 3754 1220 3825 comprobetur:
1259 3771 1465 3809 nomen
1503 3756 1602 3808 est.

627 4022 840 4077 'Pasa-111.
908 4031 965 4080 18
1000 4025 1102 4096 Ep.
1140 4025 1226 4081 Cr.
1265 4033 1360 4093 70,
1398 4032 1461 4080 21
1502 4021 1650 4080 ἀλλὰ
1684 4017 1714 4080 ὃ
1756 4016 2005 4094 ὤφειλεν
2044 4023 2201 4095 ἔχειν
2237 4022 2297 4079 ἐν
2336 4025 2404 4095 τῇ
2442 4020 2749 4095 ἁπλότητι,
2790 4019 3074 4096 ἀνέλαβεν

488 4103 1013 4247 ἓέῃτῇὸἔὸυνῗέσει,
1060 4108 1183 4165 οἷον
1235 4108 1473 4177 ἕξαλλον
1526 4106 1932 4179 πρόσαλλον
1985 4110 2108 4178 (ser.
2159 4106 2662 4180 ἀλλοπρόσαλλον).
2744 4108 2823 4164 Cf.
2879 4109 3076 4165 Choer.

616 4230 627 4243 .
776 4232 790 4258 ‚
898 4235 911 4248 .

490 4351 507 4355 ⁶
516 4350 893 4357 ,κ’-..Ἀ

627 4445 813 4500 Dmcn.
856 4465 1050 4506 scnwr.
1135 4457 1179 4502 1.
1229 4451 1362 4504 ante
1409 4455 1550 4517 χρῆν
1593 4451 1703 4517 γὰρ
1756 4449 2111 4503 enuntiatum
2166 4449 2514 4503 inssercidisse
2568 4451 2760 4504 censeb
2807 4449 3077 4506 mutten-

490 4533 595 4598 tag
625 4531 634 4597 Ι
677 4534 726 4584 8.
762 4534 891 4600 post
926 4549 1026 4588 ειςι
1062 4549 1200 4587 erae.
1239 4550 1272 4586 ν
1305 4534 1363 4586 in
1401 4536 1444 4587 Α
1475 4534 1485 4598 Ι
1525 4550 1694 4602 supra
1729 4550 2050 4601 περιιςτατο
2086 4533 2302 4602 aliquid
2340 4550 2556 4586 erasum
2593 4533 2651 4586 in
2690 4536 2731 4588 Α
2768 4536 2778 4602 Ι
2806 4540 2884 4589 10.
2921 4539 2983 4590 δε
3019 4538 3083 4604 Α,

491 4617 604 4683 γὰρ
638 4615 675 4669 b
728 4623 737 4685 Ι
807 4623 885 4670 13.
924 4620 1197 4686 κλητικήν
1236 4619 1268 4671 b
1279 4658 1298 4684 ,
1344 4621 1595 4686 κλιτικην
1632 4623 1674 4673 Α
1729 4620 1738 4685 Ι
1796 4624 1873 4673 14.
1911 4636 1957 4672 ει
1993 4635 2062 4672 ex
2097 4637 2132 4686 η
2168 4617 2380 4672 factum
2415 4617 2474 4669 in
2510 4618 2555 4671 Α
2609 4621 2618 4686 Ι
2673 4623 2753 4674 15.
2793 4635 2942 4674 εςτιν
2977 4622 3020 4673 Α
3071 4623 3078 4689 Ι

496 4707 576 4753 17.
612 4705 808 4768 εληξεν
852 4705 893 4757 Α
934 4705 943 4766 Ι
990 4708 1066 4759 18.
1104 4701 1451 4768 ἀντωνυμίαι
1485 4702 1542 4771 b,
1581 4719 1908 4768 αντωνυμια
1944 4706 1986 4756 Α
2021 4708 2029 4767 Ι
2072 4707 2151 4755 19.
2189 4702 2619 4769 προςλαμβάνον
2656 4701 2767 4767 Ab,
2805 4707 3083 4770 προςλαμ-

489 4786 719 4849 βάνοντι
754 4785 1161 4841 KEASehmidt
1188 4789 1197 4854 Ι
1227 4794 1309 4842 20.
1345 4803 1686 4855 περιςπωςιν
1723 4790 1765 4840 Α
1797 4787 1807 4855 Ι
1836 4793 1920 4839 21.
1943 4786 2171 4840 τουτῶν
2208 4789 2266 4840 et
2299 4785 2493 4842 αλλῶν
2519 4789 2562 4840 Α
2594 4789 2604 4853 Ι
2633 4792 2716 4844 23.
2741 4790 2995 4843 ελλειπες
3020 4791 3082 4854 Α,

489 4871 717 4924 ἐλλιπὲς
754 4870 791 4922 b
839 4877 850 4932 Ι
896 4878 975 4929 24.
1005 4873 1197 4940 ἑνικῆς
1233 4873 1636 4940 περιςπῶντες]
1673 4870 1768 4924 fol.
1807 4876 1901 4924 157
1923 4889 1965 4927 r.

597 4963 878 5011 Apononiu·
904 4966 1129 5015 Dyscolus
1157 4969 1193 5007 1.
2646 4963 2679 5010 3
