3738 5530
744 310 877 376 206
950 310 1399 366 Commentarius
1427 310 1657 365 criticus
1684 312 1743 364 et
1770 308 2094 378 exegeticus
2121 310 2180 363 in
2209 308 2496 379 Apollonii
2525 307 2750 378 Dyscoli
2779 308 2994 380 scripta
3019 308 3252 363 minora.

932 483 1137 555 198‚5
1186 477 1293 540 διὰ
1336 480 1456 541 τοῦ
1501 475 1576 558 δ]
1624 476 1731 539 διὰ
1775 476 1854 539 τὸ
1902 474 1940 539 δ
1987 479 2202 538 Matth.
2241 480 2346 553 86,
2391 483 2565 539 recte.

932 573 1075 645 198,
1097 572 1135 629 6
1185 566 1258 630 ἐν
1294 565 1517 649 πρώτῃ
1555 564 1840 648 (υζυγίᾳ]
1881 574 2030 646 quot
2065 572 2188 628 sint
2223 566 2502 639 (υζυγίαι
2541 570 2634 628 vel
2673 569 3124 647 conjugationes
3161 568 3378 627 verbo·

748 681 881 719 rum
925 679 981 718 v.
1030 659 1189 736 apud
1235 659 1431 717 DThr.
1482 660 1843 734 53‚6—59‚
1871 662 1954 718 10
1998 677 2132 717 611111
2179 658 2410 736 Uhligii
2456 658 2591 717 adn.
2638 664 2700 718 et
2736 659 2857 717 ind.
2905 678 2950 717 s.
2981 678 3035 717 v.
3083 655 3378 729 (υζυτίικ

750 748 1023 809 Schmidt
1066 749 1249 807 Boium
1288 749 1569 808 362-4.

928 839 1265 913 198‚6—7
1312 839 1387 895 cf.
1424 836 1564 896 Her,
1602 837 1664 896 II
1704 839 1853 911 934,
1878 839 2155 897 18—23.
2231 837 2414 896 Plura
2459 841 2770 897 enumerat
2811 837 2957 897 Lob.
2997 837 3111 895 ΕΠ,
3150 836 3181 895 Ι
3219 838 3378 896 332.

930 930 1072 1003 198,
1095 930 1130 986 7
1182 922 1480 1005 ἐεόβδην]
1530 926 1763 986 Gallim.
1802 928 1876 985 fr.
1917 929 2044 986 522
2094 926 2486 986 OSchneider.

926 1018 1071 1091 198,
1094 1019 1131 1076 9
1179 1011 1450 1094 νύγδην]
1499 1016 1611 1076 hoc
1656 1036 1775 1076 uno
1820 1018 2165 1075 testimonio
2211 1017 2325 1075 niti
2373 1018 2630 1077 videtur.

930 1108 1074 1181 198,
1100 1108 1174 1164 11
1226 1105 1371 1165 Lob.
1418 1105 1623 1165 Ehem„
1666 1108 1765 1165 23.

929 1197 1073 1269 198,
1098 1198 1177 1254 12
1208 1189 1319 1254 ‘Ut
1344 1189 1603 1269 ῥύβδην,
1642 1215 1761 1254 11011
1790 1190 1993 1270 ῥύδην
2020 1196 2331 1269 scribatur,
2369 1192 2726 1271 ὁλόκληροί
2752 1191 3014 1274 flagitat’
3043 1194 3230 1273 Uhlig
3249 1195 3282 1253 Ι
3311 1196 3373 1253 8.

927 1286 1072 1360 133,
1107 1286 1186 1343 13
1255 1279 1477 1363 βύζην]
1543 1283 1796 1361 Hesycu
1852 1303 1899 1344 s.
1949 1305 2000 1343 v.
2059 1285 2172 1343 EM
2231 1287 2377 1359 216,
2407 1287 2526 1360 463
2590 1287 2769 1345 schol.
2829 1286 3021 1344 D'rhr.
3081 1286 3380 1358 27s‚24.

746 1376 895 1449 562,
918 1378 1001 1435 29
1040 1374 1203 1452 ffilg.

930 1464 1074 1539 198,
1098 1466 1179 1522 15
1228 1457 1459 1541 ῥήδην]
1508 1462 1623 1521 EM
1671 1464 1818 1537 363,
1840 1465 1925 1522 42
1973 1459 2169 1538 Παρὰ
2212 1460 2291 1523 τὸ
2337 1458 2451 1538 ῥῶ,
2497 1460 2575 1524 τὸ
2621 1461 2818 1535 λέγω,
2869 1460 3100 1536 γέγονε
3147 1458 3374 1537 ῥήδην,

746 1550 849 1613 καὶ
904 1549 1271 1628 ἐπιρρήδην,
1326 1548 1417 1612 u‘uc
1470 1548 1647 1627 παρὰ
1700 1548 1778 1611 τὸ
1823 1551 1963 1627 τμῶ
2008 1550 2270 1627 τμήδην.
2349 1554 2428 1613 ib.
2465 1555 2612 1629 781,
2635 1556 2716 1613 29
2766 1549 2936 1628 ῥήεω
2983 1548 3185 1628 ῥήδην
3234 1547 3374 1629 (cn-

746 1638 952 1716 μαίνει
998 1640 1074 1702 τὸ
1122 1638 1471 1719 φανερῶς),
1518 1640 1656 1716 τμῶ
1701 1638 1916 1716 τμήεω
1962 1638 2224 1717 τμήδην.

930 1732 1074 1807 198,
1101 1732 1359 1790 16-18
1411 1726 1575 1804 ἥδην
1620 1734 1682 1789 61
1727 1726 1927 1805 ἀέδην
1974 1732 2200 1791 formae
2245 1732 2418 1791 fictae
2464 1735 2620 1791 sunt.
2703 1756 2718 1769 ·

927 1822 1176 1895 198,18
1224 1816 1355 1881 ἔδει
1394 1866 1408 1879 .
1447 1866 1462 1879 .
1508 1816 1587 1879 τὸ
1630 1815 1938 1900 πριάδην]
1997 1814 2289 1897 ‘Respicit
2333 1821 2409 1880 ad
2456 1816 2793 1897 ἀπριάτην,
2849 1821 3010 1898 quod
3065 1820 3377 1880 adverbia-

744 1910 882 1969 liter
925 1905 1167 1970 dicitur'
1205 1910 1384 1968 Dind.
1423 1911 1487 1968 in
1524 1908 1726 1985 Steph.
1756 1909 1928 1969 Thes.
1976 1905 2291 1985 Πριάδην,
2341 1912 2394 1969 31
2438 1911 2735 1989 legeretur
2771 1913 3022 1988 uspiam,
3067 1930 3187 1969 non
3236 1929 3374 1968 cum

746 1995 964 2074 βάδην,
1011 1999 1115 2060 sed
1153 2018 1287 2059 cum
1335 1993 1619 2073 μεγάδην
1656 1998 2123 2074 comparandum
2171 2000 2357 2060 fuisse
2392 2003 2595 2059 monet
2630 2000 2772 2060 Lob.
2811 2000 3013 2059 Rhem.
3051 2001 3175 2059 192
3207 2020 3265 2058 11.
3303 2002 3376 2071 43

744 2083 1065 2164 άπριάδην
1110 2090 1205 2149 vel
1252 2082 1569 2162 ἀπριάτην
1608 2088 1892 2148 adverbia
1936 2108 2221 2165 umquam
2266 2090 2560 2149 exstitisse
2599 2092 2823 2167 negant
2867 2089 2944 2148 id.
2983 2089 3200 2148 Parall.
3241 2089 3372 2145 458

745 2182 805 2237 61
841 2178 1112 2238 Doederl.
1156 2176 1248 2237 Gl.
1281 2179 1438 2252 6263
1483 2172 1804 2251 άπριάδην
1842 2177 2112 2237 Rhianus
2154 2177 2408 2256 legebat,
2454 2178 2634 2238 schol.
2667 2178 2726 2237 H
2763 2179 2838 2239 ad
2876 2180 2908 2239 ξ
2949 2180 3075 2237 317
3116 2172 3374 2237 Ῥιανὸς

744 2263 981 2344 γράφει
1041 2262 1379 2341 άπριάδην.
1471 2266 1827 2342 Apollonius
1888 2270 2091 2327 autem
2150 2268 2312 2344 apud
2368 2267 2694 2327 Homerum
2749 2268 2806 2327 A
2854 2270 2936 2328 98
2993 2261 3087 2349 (61
3129 2267 3162 2327 ξ
3212 2260 3371 2345 317)

748 2352 1064 2432 ἀπριάτην
1113 2358 1263 2435 legit
1298 2375 1545 2431 eamque
1583 2356 1837 2415 formam
1874 2376 1944 2415 ex
1982 2352 2305 2432 ἀπριάδην
2342 2357 2564 2416 factam
2601 2376 2727 2417 esse
2768 2358 2986 2417 statuit
3021 2350 3231 2437 (schol.
3261 2355 3373 2413 BL

748 2447 823 2506 ad
863 2443 914 2506 Α
956 2449 1069 2521 99;
1115 2467 1169 2505 v.
1202 2438 1492 2525 Testim.).
1556 2445 1723 2504 Inter
1758 2448 2114 2505 recentiores
2152 2446 2482 2506 Buttmann
2510 2446 2694 2506 Lexil.
2724 2447 2754 2505 I
2787 2448 2866 2506 16
2907 2450 2969 2506 et
3003 2444 3299 2505 GCurtius
3337 2465 3374 2504 a

745 2537 1033 2595 feminino
1065 2530 1342 2611 ἀπριάτη
1373 2534 1719 2595 adverbium
1761 2529 2079 2610 ἀπριάτην
2107 2539 2305 2595 ortum
2333 2554 2458 2596 esse
2487 2540 2744 2611 censent,
2781 2539 2852 2594 ut
2878 2530 3165 2611 ἀντιβίην
3193 2530 3372 2607 ἀκήν,

746 2645 901 2702 quae
946 2628 1261 2701 sententia,
1308 2626 1371 2683 ni
1408 2625 1604 2699 fallor,
1648 2624 1810 2683 vicit.
1881 2623 1967 2684 Of.
2005 2625 2185 2684 schol.
2224 2625 2420 2684 DThr.
2451 2624 2707 2684 XLVIII
2747 2627 2784 2683 8
2825 2628 2886 2684 61
2924 2625 3073 2699 435,
3097 2628 3174 2682 11
3209 2623 3370 2700 Hilg.

926 2708 982 2798 s)
1022 2709 1190 2777 Εἰεὸ
1218 2714 1469 2776 notabile
1507 2717 1590 2774 est
1616 2717 1667 2773 ct
1692 2717 1938 2789 propter
1972 2717 2407 2790 aspirationem,
2445 2717 2546 2790 qui
2573 2732 2788 2790 aasper
2821 2715 3043 2789 finibus
3069 2714 3372 2773 verborum

745 2824 865 2864 non
909 2806 1051 2865 solet
1092 2807 1344 2880 imponi,
1392 2808 1443 2863 et
1477 2808 1721 2878 propter
1765 2808 2088 2874 accedam,
2134 2808 2276 2879 quia
2319 2805 2490 2864 nulla
2535 2824 2645 2865 vox
2687 2808 2753 2864 in
2798 2803 2837 2865 ὃ
2884 2807 3077 2864 exiens
3121 2807 3368 2870 acuitur,

746 2913 925 2968 quam
961 2896 1030 2954 ob
1066 2912 1189 2955 rem
1227 2890 1414 2954 αὐτό
1449 2895 1766 2954 notabatwr
1806 2895 1952 2970 198,
1985 2896 2263 2953 20-27.
2339 2893 2427 2953 Cf.
2468 2914 2634 2971 pron.
2668 2895 2770 2969 73,
2801 2896 2869 2968 9;
2912 2897 3067 2970 synt.
3100 2894 3368 2968 332,27.

752 2987 900 3059 333,
924 2985 979 3042 5.
1024 2985 1121 3043 13.
1166 2975 1704 3064 334,21—26*)3
1748 2982 2020 3042 Herod]
2051 2985 2333 3058 507‚11;
2369 2983 2553 3043 Lehrs
2581 2983 2857 3057 113137,
2891 2975 3367 3042 id.A1-ist.²322.

934 3075 1078 3147 198,
1102 3075 1187 3132 20
1234 3068 1695 3151 πρωτότυπον]
1746 3071 1878 3132 adv.
1933 3074 2076 3147 173,
2099 3075 2184 3132 30
2238 3069 2442 3134 Δοκεῖ
2487 3071 2560 3132 δὲ
2606 3069 3038 3147 πρωτότυπον
3086 3066 3249 3132 εἶναι
3294 3068 3368 3130 τὸ

752 3157 900 3223 ἕως·
976 3158 1055 3222 οὐ
1101 3159 1225 3237 γὰρ
1272 3157 1718 3237 προϋφέετηκέ
1762 3178 1838 3221 τι.
1913 3161 1998 3221 Ut
2043 3161 2155 3222 hoc
2199 3162 2329 3221 loco
2376 3161 2719 3221 dubitanter
2754 3163 3023 3239 loquitur
3057 3159 3369 3237 Dyscolus‚

751 3253 842 3311 ita
888 3251 994 3310 illo
1040 3250 1427 3326 confidenter3
1472 3251 1575 3310 sed
1619 3251 1772 3311 talia
1816 3250 1932 3310 sibi
1977 3252 2213 3328 saepius
2260 3253 2561 3311 concessit.

938 3341 1081 3416 198,
1106 3343 1182 3400 21
1235 3337 1339 3401 καὶ
1384 3336 1455 3400 ἐν
1501 3335 1675 3420 τόνῳ
1720 3336 1826 3399 καὶ
1871 3335 1944 3399 ἐν
1989 3336 2329 3420 πνεύματι]
2379 3341 2660 3417 quoniam
2698 3341 2771 3399 de
2817 3334 2943 3401 ἕως
2977 3340 3178 3400 dicens
3221 3339 3366 3398 nihil

750 3433 1174 3490 commemorat
1209 3431 1327 3490 nisi
1365 3431 1490 3489 eius
1520 3428 1724 3503 εχῆμα
1751 3429 1865 3504 vel,
1904 3431 1974 3488 ut
2000 3431 2331 3491 accuratius
2363 3430 2694 3508 loquamur,
2733 3423 2905 3490 εἶδος
2933 3422 3086 3511 (Ska
3113 3429 3201 3487 VI
3233 3421 3366 3508 15):

752 3519 813 3578 in
863 3523 1121 3579 mentem
1166 3520 1331 3579 venit
1375 3519 1691 3595 suspicari,
1735 3518 2108 3579 intercidisse
2151 3522 2410 3596 primum
2455 3522 2593 3597 post
2638 3515 2710 3579 ἐν
2754 3514 3064 3593 πνεύματι
3109 3514 3256 3597 <xcxi
3300 3515 3365 3576 ἐν

754 3603 1062 3686 εχήματι)
1109 3608 1203 3668 vel
1250 3603 1399 3687 (καὶ
1445 3604 1515 3669 ἐν
1564 3601 1786 3687 εἴδει),
1846 3608 2058 3669 deinde
2102 3610 2167 3667 in
2219 3608 2338 3669 fine
2390 3609 2567 3669 huius
2614 3609 2853 3668 articuli
2905 3611 3098 3668 totam
3145 3607 3217 3666 de
3261 3607 3366 3665 hac

752 3719 815 3756 re
879 3699 1340 3776 expositionem3
1402 3700 1560 3758 certe
1623 3698 1929 3757 intercidit
1989 3698 2231 3757 initium
2291 3699 2530 3758 articuli
2593 3700 2924 3775 sequentis;
2986 3717 3112 3757 rem
3176 3699 3366 3774 tang-it

751 3787 944 3846 obiter
1002 3807 1169 3864 pron.
1213 3789 1314 3862 73,
1338 3789 1374 3847 9
1436 3782 1852 3847 ὑπολείπεται
1913 3782 2033 3848 οὖν
2093 3784 2551 3862 (ημειούμενον
2610 3784 2687 3848 τὸ
2749 3783 2909 3847 αὐτό
2968 3783 3127 3863 (καί,
3189 3781 3242 3847 εἰ
3299 3781 3365 3844 ἔν

752 3873 904 3945 ken,
959 3874 1037 3937 τὸ
1085 3871 1262 3954 εἰεὸ).
1354 3876 1519 3947 Quae
1574 3876 1705 3936 loco
1759 3894 1919 3935 nunc
1973 3877 2283 3953 deperdito
2330 3878 2404 3936 de
2461 3870 2591 3937 εἰεὸ
2647 3876 3117 3953 proferebantur,
3173 3894 3366 3936 eorum

754 3965 1009 4024 frustula
1066 3966 1358 4043 quaedam
1412 3969 1652 4026 servata
1705 3984 1830 4026 esse
1886 3965 2166 4026 videntur
2221 3987 2259 4027 a
2313 3967 2665 4026 scholiastis.
2758 3964 2923 4035 Quae
2976 3984 3070 4025 res
3130 3967 3268 4024 utut
3308 3981 3366 4022 se

752 4053 958 4129 habet,
1019 4055 1130 4116 hoc
1174 4059 1436 4131 constat,
1491 4056 1771 4115 haustum
1826 4072 1952 4115 esse
2007 4055 2270 4116 scholion
2327 4056 2477 4115 illud
2525 4048 2607 4138 (v.
2657 4047 2930 4136 Testim.)
2977 4075 3050 4115 ex
3096 4055 3365 4115 thesauro

754 4143 1076 4219 Apollonii.
1152 4145 1211 4205 Is
1257 4146 1415 4205 enim
1452 4148 1513 4205 61
1558 4145 1668 4204 hoc
1712 4146 2009 4222 praecipit
2045 4138 2227 4227 (synt.
2261 4147 2409 4221 270,
2433 4137 2545 4227 16)
2590 4139 2690 4205 ὅτι
2728 4140 3045 4205 οὐδέποτε
3088 4139 3222 4205 κατ’
3261 4138 3362 4217 ἀρ·

754 4228 871 4305 χά(
919 4229 957 4293 ὁ
1005 4229 1345 4309 εύνδεεμοε
1386 4230 1753 4305 ευντίθεται,
1801 4237 1863 4293 et
1910 4253 2062 4309 quae
2098 4236 2162 4293 in
2210 4236 2401 4294 altera
2436 4235 2644 4295 scholii
2689 4237 2861 4311 parte
2897 4235 3196 4313 leguntur,
3238 4252 3364 4292 con·

754 4325 976 4400 gruunt
1021 4341 1154 4382 cum
1200 4323 1283 4384 613
1331 4343 1483 4400 quae
1528 4326 1683 4400 synt.
1735 4325 1885 4398 334,
1907 4324 1943 4382 5
1974 4342 2102 4401 sqq.
2148 4325 2468 4401 praecepit.
2522 4355 2598 4365 —
2647 4319 2994 4384 Ἐπίεταειε
3039 4315 3363 4402 ‘cogitatio'

754 4431 807 4472 v.
849 4411 1047 4472 adnot.
1088 4412 1163 4472 ad
1209 4433 1376 4490 pron.
1410 4415 1511 4488 77,
1534 4414 1646 4488 283
1691 4412 1835 4472 Lob.
1887 4412 1964 4472 ad
2008 4413 2228 4490 Phryn.
2272 4415 2417 4473 282.
2468 4414 2613 4472 527.

938 4503 1083 4576 198,
1106 4503 1188 4561 25
1239 4497 1481 4577 εἴρηται
1525 4498 1673 4576 περὶ
1728 4501 1860 4562 τῶν
1908 4496 2356 4582 ἀντωνυμιῶν]
2403 4522 2571 4581 pron.
2614 4504 2715 4579 73,
2738 4505 2806 4578 93
2858 4522 2979 4562 non
3025 4502 3216 4563 ausim
3257 4495 3364 4578 (ἐν

757 4587 891 4671 τῷ)
938 4592 1187 4667 inferre;
1232 4612 1286 4652 v.
1336 4591 1535 4651 adnot.
1585 4591 1662 4651 ad
1708 4591 1839 4652 adv.
1884 4592 2030 4668 166,
2053 4593 2108 4650 6.

932 4815 979 4886 '')
1017 4817 1162 4885 synt.
1194 4821 1315 4882 334,
1337 4821 1402 4870 21
1442 4815 1519 4869 A¹
1546 4815 1851 4885 genuinam
1883 4815 2219 4886 scripturam
2249 4817 2485 4886 praebet
2510 4823 2594 4887 τῷ
2621 4819 2729 4886 γὰρ
2765 4817 2917 4887 λόγῳ
2947 4815 3046 4886 ((31
3081 4817 3362 4883 utramque

758 4903 943 4942 vocem
982 4905 1084 4956 per
1119 4903 1179 4941 36
1217 4888 1489 4958 spectas’3
1537 4887 1689 4941 idem
1724 4887 1784 4940 in
1823 4887 1890 4940 D.
1920 4905 1965 4942 c.
2006 4887 2341 4942 adnotatum
2379 4905 2501 4943 esse
2540 4889 2783 4959 Sylburg
2819 4889 3038 4957 prodit3
3084 4895 3168 4959 τῷ
3203 4903 3362 4955 παρα·

756 4961 906 5032 λόγῳ
926 4959 1102 5030 vulg.;
1130 4965 1213 5032 τῷ
1242 4962 1539 5032 παραθέτῳ
1562 4958 1734 5030 Uhlig
1752 4959 1776 5012 Ι
1797 4961 1887 5031 32)
1906 4966 2023 5015 τῶν
2052 4960 2362 5030 εἰρημένων
2391 4967 2605 5031 φωνῶν
2634 4963 2738 5016 δύο
2758 4963 2898 5031 μέρη
2927 4962 3102 5029 λόγου
3132 4961 3241 5017 teri
3258 4961 3360 5014 κτλ.
