3738 5530
938 354 1132 418 QVAE
1168 353 1405 406 FALSO
1432 357 1994 411 PRONOMINIBVS
2035 356 2649 416 ADNVMERENTVR.
3010 365 3094 429 29

503 554 766 619 πάντως
827 555 948 622 οὖν
1005 555 1151 636 ούχὶ
1203 557 1446 637 ὄνομα,
1505 559 1604 624 ὅτι
1657 561 1833 639 παρὰ
1891 562 2250 643 Δωριεῦςιν
2306 565 2474 648 <ού>
2531 570 2932 645 περιςπᾶται,
2991 575 3091 633 καὶ

507 656 646 720 ἐπεὶ
688 659 871 723 τινά
914 657 1237 725 ὀξυτόνως
1281 663 1495 740 φαμὲν
1540 662 1645 726 ἐπὶ
1690 667 1802 741 τῆς
1833 664 2256 744 ἀποφάςεως,
2304 667 2504 732 καίτοι
2549 673 2847 748 μηδεμιᾶς
2892 670 3089 739 αἰτια-

420 763 463 817 C
499 761 668 835 τικῆς
735 757 824 823 εἰς
891 765 941 824 (ἶ
985 761 1297 840 ληγούςης
1361 763 1461 826 καὶ
1526 763 2054 843 ὀξυτονουμὲνης.
2121 805 2198 813 -
2267 770 2423 834 Πῶς
2487 771 2558 834 δὲ
2625 772 2767 850 ούχὶ
2833 772 3090 838 κάκεῖνο

502 860 796 942 γέλοιον;
843 864 911 941 «ἡ
956 867 1080 942 γὰρ
1122 865 1149 928 ἵ
1192 865 1561 942 ἀντωνυμία
1604 868 2017 950 προςέλαβέ»,
2062 890 2245 948 φαςι,
2294 873 2399 936 «τὸ
2444 876 2516 953 τ’,
2563 874 2664 937 καὶ
2708 873 2968 948 ἐγένετο
3013 870 3087 949 τί,

498 962 580 1025 τὰ
644 963 715 1026 δὲ
781 969 1047 1029 τοιαῦτα
1101 969 1218 1030 τοῦ
1284 966 1482 1032 αὐτοῦ
1549 969 1782 1047 μέρους
1850 970 2082 1052 λόγου,
2162 971 2334 1037 οἶος
2400 978 2653 1049 τοῖος,
2724 974 2823 1040 ὡς
2887 976 3087 1040 τώς.»
3126 993 3157 1040 5

499 1062 780 1140 Πρῶτον
835 1067 950 1143 μὲν
1007 1066 1086 1130 ού
1142 1071 1252 1145 τῆς
1310 1068 1503 1147 αὐτῆς
1548 1070 1830 1135 ἐννοίας·
1885 1070 2024 1135 εἶτα
2069 1072 2198 1137 ἔδει
2242 1074 2318 1137 τὸ
2361 1076 2420 1138 τί
2462 1078 2596 1140 τῶν
2638 1081 2832 1154 τριῶν
2876 1081 3088 1150 γενῶν

500 1162 665 1229 εἶναι
707 1169 1205 1251 παραςτατικόν,
1267 1169 1482 1249 ὥςπερ
1528 1172 1625 1235 καὶ
1668 1174 1744 1236 τὸ
1786 1172 1827 1237 ἵ.
1928 1174 1966 1251 ἢ
2012 1171 2191 1251 εἴπερ
2235 1176 2311 1239 τὸ
2354 1176 2411 1239 τί
2457 1176 2806 1255 οὐδέτερον
2851 1178 3088 1258 μόνως,

500 1271 639 1332 πῶς
698 1268 845 1347 οὐχὶ
898 1270 998 1333 καὶ
1048 1277 1141 1349 τῷ
1184 1271 1276 1336 τίς
1319 1274 1394 1336 τὸ
1440 1274 1584 1352 δίχα
1626 1278 1744 1337 τοῦ
1794 1280 1842 1339 τ’
1886 1274 2255 1353 παράκειται
2311 1275 2399 1356 ἵς;
2455 1277 2513 1341 τί
2556 1278 2628 1342 δὲ
2670 1279 2750 1342 τὰ
2793 1279 2908 1356 μὲν
2954 1277 3086 1343 ἀπὸ

321 1379 458 1430 36Α
495 1372 613 1433 τοῦ
664 1375 714 1435 ῖ
757 1371 951 1436 κλίςιν
997 1372 1100 1436 καὶ
1144 1370 1414 1453 ἀριθμὸν
1459 1374 1835 1451 ἀνεδέξατο,
1882 1376 2129 1453 τινός,
2174 1380 2450 1454 τινῶν,
2495 1379 2575 1442 τὰ
2619 1380 2690 1444 δὲ
2737 1378 2870 1445 ἀπὸ
2915 1384 3088 1445 τοῦῑ

496 1471 739 1553 οὐκέτι,
783 1476 916 1537 τῶν
962 1473 1279 1538 τοιούτων
1323 1476 1748 1555 κλινομένων;
1796 1476 1979 1542 οἵου
2022 1480 2146 1556 γὰρ
2190 1481 2293 1543 καὶ
2334 1480 2581 1545 τοίου.
3125 1500 3188 1547 10

664 1693 756 1757 Τό
799 1696 1280 1771 τηλικοῦτος
1324 1697 1424 1760 καὶ
1466 1700 1839 1762 τοιοῦτος
1885 1697 1965 1762 τά
2006 1718 2075 1763 τε
2119 1698 2375 1764 τούτοις
2420 1698 2611 1780 ὅμοια
2656 1702 2944 1785 ςύνθετα,
2995 1703 3085 1769 ὥς

492 1814 661 1858 τινες
720 1794 1067 1876 ὑπέλαβον.
1177 1799 1482 1862 ςκεπτέον
1535 1797 1655 1863 οὖν
1710 1799 1810 1863 καὶ
1873 1798 2014 1863 τίνα
2074 1798 2154 1863 ἂν
2221 1801 2376 1879 μέρη
2441 1802 2641 1876 λόγου
2708 1802 2834 1885 εἴη,
2901 1804 3082 1885 εἴπερ

492 1895 762 1971 ἔγκειται
805 1899 881 1962 τὸ
926 1898 1137 1964 οὗτος.
1230 1900 1342 1964 Καὶ
1385 1900 1545 1978 ὑπὲρ
1591 1902 1705 1976 μὲν
1749 1903 1860 1977 τῆς
1906 1901 2257 1965 ςυνθέςεως
2300 1903 2450 1967 τάδε
2495 1904 2576 1968 τὰ
2620 1906 2962 1983 κεφάλαια·
3011 1908 3080 1970 «ὁ

492 2000 697 2064 τύπος
741 2004 851 2078 τῆς
896 2004 1148 2080 φωνῆς,
1196 2002 1268 2066 ἐν
1314 2002 1367 2084 ᾧ
1412 2002 1491 2065 τὰ
1536 2000 1609 2065 ἐν
1654 2002 1929 2066 διαλύςει
1973 2004 2186 2081 φαμὲν
2231 2003 2481 2081 τηλίκος
2514 2003 2723 2070 οὗτος.
2770 2044 2849 2052 —
2895 2008 2932 2085 ἡ
2978 2010 3081 2072 διὰ

491 2103 612 2164 τοῦ
655 2105 678 2165 ῐ
729 2102 1081 2179 ἐπέκταςις,
1135 2103 1668 2183 τηλικουτοςί,
1723 2104 2164 2185 τοιουτοςί,
2223 2104 2386 2182 ὅπερ
2442 2105 2554 2169 ἐπ’
2611 2106 2955 2186 ὀνομάτων
3003 2109 3082 2172 οὐ

409 2207 456 2260 Β
495 2202 830 2283 ςυμβαίνει.
901 2241 978 2251 -
1043 2207 1119 2271 τὸ
1186 2210 1382 2271 δεῖξιν
1447 2205 1893 2284 ἀναδέχεςθαι·
1961 2204 2343 2284 ἀφορῶντες
2408 2207 2531 2285 γάρ
2595 2229 2808 2288 φαμεν
2873 2213 3184 2287 ruht-15

490 2308 783 2369 κοῦτος
826 2307 928 2371 καὶ
976 2313 1380 2390 τοιοῦτος,
1425 2308 1664 2372 τούτου
1695 2309 1776 2386 μὴ
1809 2309 2460 2384 παρακολουθοῦντος
2491 2307 2774 2389 ὀνόμαςι.
2823 2347 2905 2357 -
2948 2318 3080 2376 τῶν

488 2426 557 2470 τε
630 2406 994 2488 οὐδετέρων
1046 2409 1084 2486 ἡ
1143 2408 1229 2473 εἰς
1286 2412 1324 2471 ὃ
1366 2407 1723 2486 κατάληξις,
1778 2409 2237 2484 τηλικοῦτο’
2305 2407 2543 2486 ὁμοίως
2598 2412 2724 2487 γὰρ
2777 2418 2871 2495 τῷ
2918 2413 3080 2477 αὐτό

490 2508 596 2570 καὶ
639 2513 835 2574 τοῦτο
880 2512 982 2575 καὶ
1027 2510 1284 2576 ἐκεῖνο.»

660 2598 857 2691 Ὑπὲρ
913 2614 984 2677 δὲ
1038 2617 1156 2677 τοῦ
1210 2615 1291 2691 μὴ
1351 2613 1556 2678 οὕτως
1611 2611 1782 2690 ἔχειν
1825 2613 1905 2674 τὰ
1949 2613 2059 2687 τῆς
2106 2611 2452 2676 ςυνθέςεως
2498 2611 2759 2690 ῥητέον·
2818 2619 2957 2680 πῶς
2999 2616 3075 2679 τὸ

487 2711 739 2788 τηλίκος
794 2717 896 2780 καὶ
952 2715 1041 2780 ἔτι
1095 2716 1172 2780 τὸ
1227 2716 1590 2795 τηλικόςδε,
1657 2710 1971 2777 ἀςύνθετα
2040 2710 2226 2791 ὄντα,
2292 2713 2368 2777 τὸ
2434 2713 2593 2780 αὐτὸ
2651 2717 2930 2794 ςημαίνει
2986 2724 3078 2801 τῷ
3115 2742 3180 2792 20
3239 2752 3244 2757 ·

487 2817 890 2895 τηλικοῦτος;
937 2822 1099 2882 πότε
1141 2818 1395 2883 ἁπλοῦν
1441 2815 1723 2898 ςυνθέτῳ
1768 2814 2006 2879 ταύτόν
2052 2814 2200 2893 ἐςτι;
2240 2851 2314 2860 -
2350 2816 2693 2899 δεύτερον,
2739 2817 2860 2898 ούχ
2907 2819 3077 2896 ὑγιὲς

409 2920 451 2974 C
486 2917 565 2981 τὸ
624 2918 859 2995 λέγειν,
917 2919 1015 2984 ὅτι
1067 2922 1171 2985 καὶ
1223 2922 1298 2985 τὸ
1358 2918 1552 2984 οὗτος
1607 2918 1897 2994 ἔγκειται.
1994 2915 2053 2979 τί
2110 2917 2234 2993 γὰρ
2288 2919 2535 2996 μᾶλλον
2594 2917 2803 2999 ὄνομα
2849 2920 2918 2983 ἐκ
2961 2925 3078 2984 τοῦ

430 3017 435 3022 ’
488 3018 637 3082 κατ’
681 3019 884 3099 ἀρχὴν
929 3023 1161 3102 μέρους
1205 3023 1244 3099 ἢ
1290 3020 1658 3097 ἀντωνυμία
1702 3019 1770 3082 ἐκ
1813 3022 1931 3082 τοῦ
1975 3018 2134 3082 κατὰ
2177 3018 2252 3082 τὸ
2297 3020 2511 3090 τέλος;
2571 3020 2687 3085 ἐὰν
2744 3022 2866 3100 γὰρ
2911 3021 3078 3090 ἅπαξ

625 3257 835 3313 Aaou.
909 3263 940 3311 3
965 3256 1189 3311 Falsum
1226 3258 1312 3311 eet
1334 3256 1485 3325 quod
1511 3255 1734 3320 dicunt,
1772 3254 1827 3309 τί
1852 3254 2066 3308 factum
2091 3268 2208 3306 esee
2244 3268 2314 3306 ex
2336 3253 2361 3307 t
2384 3269 2621 3323 eamque
2647 3258 2718 3310 ob
2743 3272 2862 3310 rem
2889 3256 3075 3311 eidem

488 3339 759 3393 orationis
810 3341 959 3410 parti
1001 3341 1379 3397 tribuendum.
1438 3377 1501 3386 —
1561 3347 1615 3393 11
1667 3339 1912 3405 Quidam
1956 3342 2288 3406 τηλικοῦτος
2333 3344 2596 3393 τοιοῦτος
2641 3342 2701 3394 et
2745 3357 2870 3395 cum
2906 3342 3077 3396 οὗτος

484 3425 800 3493 composita
851 3428 911 3480 et
962 3425 1191 3480 nomina
1241 3442 1359 3479 esee
1412 3423 1776 3480 contendunt.
1864 3424 2047 3476 Inesse
2101 3423 2269 3476 οὗτος
2329 3425 2383 3490 1)
2424 3438 2493 3476 ex
2540 3424 2722 3477 forma
2774 3441 3078 3493 appan-erm

484 3516 540 3576 2)
580 3509 777 3578 augeri
812 3508 912 3563 illa.
944 3512 967 3564 ῐ
1000 3510 1191 3564 littera
1226 3509 1458 3575 suffixar,
1497 3509 1554 3579 3)
1579 3506 1837 3562 adhiberi
1861 3507 1933 3559 ad
1958 3506 2421 3561 demonstrandas
2455 3524 2565 3574 τους
2605 3511 2659 3577 4)
2683 3511 2886 3562 neutra
2920 3510 3073 3564 exire

481 3593 543 3647 in
582 3600 647 3652 δ’.
689 3624 747 3633 -
790 3601 851 3649 19
888 3593 1100 3660 Quibus
1134 3594 1275 3648 haec
1310 3594 1695 3663 opponunssur:
1742 3607 2031 3659 nunquam
2068 3590 2346 3660 simplicia
2378 3591 2531 3646 idem
2567 3592 2889 3662 significant
2923 3593 3076 3661 quod

484 3677 826 3747 composita3
875 3680 962 3732 eet
1005 3693 1140 3732 vero
1174 3679 1404 3746 τηλίκος
1440 3678 1592 3731 idem
1629 3675 1781 3745 quod
1814 3680 2166 3742 τηλικοῦτος.
2205 3705 2270 3714 -
2307 3675 2508 3729 Secum
2543 3676 2651 3746 ipsi
2684 3668 2947 3745 pugnent
2981 3676 3076 3729 ad-

485 3763 748 3827 versarii3
794 3779 922 3816 nam
972 3779 1100 3816 cum
1145 3763 1366 3831 ponunt
1411 3777 1530 3816 esee
1578 3762 1747 3816 οὗτος
1794 3760 1855 3812 in
1891 3759 2004 3812 illie
2039 3759 2301 3825 vocibus,
2337 3759 2443 3814 hoc
2478 3759 2646 3814 simul
2680 3762 2959 3826 statuunt,
3007 3776 3078 3814 ea

485 3863 608 3901 esee
644 3848 1003 3916 pronomina,
1049 3864 1189 3913 non,
1234 3848 1301 3899 ut
1331 3846 1443 3916 ipsi
1476 3846 1734 3912 censent,
1780 3844 2035 3909 nomina;
2073 3860 2143 3897 ex
2176 3843 2574 3899 terminatione
2612 3843 2789 3909 enim,
2827 3845 2919 3899 eui
2954 3861 3075 3898 ora-

483 3930 655 3986 tionis
690 3931 840 4000 parti
874 3931 1179 3985 tribuenda.
1210 3930 1327 3984 sint
1360 3930 1664 3996 voeabula,
1700 3929 1958 3997 apparet.

623 4153 802 4206 Dmcn.
865 4157 1074 4210 somma
1174 4159 1215 4205 1.
1270 4153 1339 4207 οὐ
1394 4155 1727 4219 περιςπᾶται
1780 4150 1844 4215 b,
1907 4166 2238 4218 περιςπαται
2294 4152 2335 4204 Α
2401 4152 2410 4218 Ι
2473 4155 2522 4202 4.
2578 4153 2922 4218 προςελαβεν
2976 4154 3021 4207 Α
3063 4153 3070 4221 Ι

483 4251 656 4302 φαςιν
694 4238 735 4290 Α
800 4240 810 4305 Ι
873 4243 922 4292 8.
966 4240 1036 4290 τὸ
1080 4238 1205 4304 δίχα
1239 4236 1303 4302 b,
1358 4253 1443 4290 τω
1481 4239 1603 4301 διχα
1642 4238 1685 4289 Α
1749 4237 1758 4302 Ι
1823 4250 2164 4303 παρακειται
2210 4237 2280 4300 Α,
2326 4235 2651 4302 πρόςκεὶται
2695 4235 2732 4288 b
2797 4242 2806 4299 Ι
2876 4242 2954 4291 11.
2989 4236 3072 4288 in-

482 4319 715 4389 scriptio
758 4336 890 4388 περι
924 4338 1027 4380 του
1063 4325 1403 4390 τηλικουτος
1439 4337 1532 4374 και
1567 4336 1825 4374 τοιουτος
1874 4336 1922 4374 ει
1957 4335 2301 4384 αντωνυμιαι
2338 4318 2568 4374 maiusc.
2606 4322 2651 4375 A
2726 4323 2736 4382 Ι
2818 4326 2876 4373 12
2914 4321 3073 4388 εἴπερ

481 4404 548 4469 b,
596 4421 744 4472 ηπερ
792 4409 835 4460 Α
901 4407 910 4472 Ι
978 4413 1057 4459 16.
1102 4408 1314 4459 τούτου
1350 4404 1414 4471 b,
1467 4421 1572 4458 του
1617 4407 1810 4458 τοιΤΑ
1878 4412 1886 4468 Ι
1960 4421 2228 4470 ονομαςιν
2266 4405 2307 4457 Α
2376 4408 2384 4467 Ι
2453 4409 2529 4456 17.
2575 4407 2611 4470 ή
2660 4403 2740 4458 εἰς
2784 4410 2834 4456 ’o‘
2869 4403 2933 4470 b,
2991 4420 3071 4458 εις
3119 4443 3128 4448 -

474 4489 524 4544 ιύ
575 4489 620 4542 Α
685 4493 695 4554 Ι
763 4494 837 4542 18.
876 4494 1051 4544 τοῦτο
1087 4489 1152 4556 b,
1196 4506 1429 4544 τοιουτο
1467 4491 1508 4543 Α
1575 4492 1584 4556 Ι
1649 4494 1730 4542 21.
1777 4491 2028 4555 ςυνθέτῳ
2066 4488 2305 4555 ταύτόν]
2353 4487 2447 4544 fol.
2489 4494 2582 4540 155
2610 4506 2656 4540 v.
2723 4492 2733 4552 Ι
2795 4489 2925 4556 poet
2959 4504 3074 4542 εςτι

480 4591 517 4626 ν
562 4588 703 4626 erae.
747 4572 806 4625 in
842 4574 887 4627 A
960 4577 972 4643 Ι
1043 4580 1128 4629 22.
1164 4591 1256 4629 οτι
1299 4591 1394 4628 και
1436 4590 1505 4627 το
1541 4590 1708 4627 ουτος
1745 4576 1814 4639 A,
1864 4574 1942 4626 ὡς
1988 4574 2056 4626 τὸ
2091 4572 2320 4639 τηλίκος
2364 4575 2456 4626 καὶ
2499 4572 2570 4625 τὸ
2618 4572 2787 4626 οὗτος
2830 4571 2866 4624 b
2912 4570 3069 4626 ‘Cod.

482 4675 565 4712 ως
602 4697 927 4715 .......
966 4674 1060 4712 και
1096 4674 1164 4711 το
1200 4666 1388 4712 ουτος’
1426 4656 1502 4712 id.
1548 4657 1605 4709 in
1644 4672 1758 4711 var.
1794 4656 1954 4723 leot„
1999 4656 2167 4718 false,
2211 4673 2342 4709 nam
2387 4671 2491 4709 nee
2537 4673 2641 4721 ως,
2684 4671 2789 4710 nec
2832 4655 3068 4710 lacunae

480 4741 785 4811 vestigium
821 4741 879 4794 in
917 4742 1105 4796 codice
1153 4752 1238 4795 eet
1300 4746 1310 4808 Ι
1372 4758 1427 4796 τι
1468 4757 1577 4808 γαρ
1615 4745 1830 4807 μαλλον
1868 4744 1941 4809 Α,
1979 4742 2035 4795 τί
2070 4742 2175 4808 γὰρ
2209 4742 2278 4794 οὐ
2316 4742 2532 4805 μᾶλλον
2565 4740 2602 4793 b
2668 4741 2677 4810 Ι
2743 4745 2807 4794 23
2844 4739 3069 4794 litterae

480 4844 556 4896 ην
596 4824 748 4880 vocis
780 4843 957 4895 αρχην
993 4842 1151 4883 evan.
1189 4827 1246 4880 in
1281 4828 1326 4881 A
