<?xml version="1.0" encoding="UTF-8"?>
<!DOCTYPE html PUBLIC "-//W3C//DTD XHTML 1.0 Transitional//EN"
    "http://www.w3.org/TR/xhtml1/DTD/xhtml1-transitional.dtd">
<html xmlns="http://www.w3.org/1999/xhtml" xml:lang="en" lang="en">
 <head>
  <title>
</title>
<meta http-equiv="Content-Type" content="text/html;charset=utf-8" />
  <meta name='ocr-system' content='tesseract 3.04.00' />
  <meta name='ocr-capabilities' content='ocr_page ocr_carea ocr_par ocr_line ocrx_word'/>
</head>
<body>
  <div class='ocr_page' id='page_1' title='image "./grammaticigraec00unkngoog_0296.png"; bbox 0 0 3738 5530; ppageno 0'>
   <div class='ocr_carea' id='block_1_1' title="bbox 591 217 3065 289">
    <p class='ocr_par' dir='ltr' id='par_1_1' title="bbox 591 217 3065 289">
     <span class='ocr_line' id='line_1_1' title="bbox 591 217 3065 289; baseline 0 -17"><span class='ocrx_word' id='word_1_1' title='bbox 591 219 632 284; x_wconf 87' lang='grc'>8</span> <span class='ocrx_word' id='word_1_2' title='bbox 766 217 1210 274; x_wconf 87' lang='lat' dir='ltr'>Commentarius</span> <span class='ocrx_word' id='word_1_3' title='bbox 1241 218 1467 273; x_wconf 88' lang='lat' dir='ltr'>criticus</span> <span class='ocrx_word' id='word_1_4' title='bbox 1497 221 1555 273; x_wconf 87' lang='lat' dir='ltr'>et</span> <span class='ocrx_word' id='word_1_5' title='bbox 1584 219 1905 289; x_wconf 75' lang='lat' dir='ltr'>exegeticus</span> <span class='ocrx_word' id='word_1_6' title='bbox 1933 220 1992 274; x_wconf 91' lang='lat' dir='ltr'>in</span> <span class='ocrx_word' id='word_1_7' title='bbox 2022 217 2309 288; x_wconf 88' lang='lat' dir='ltr'>Apollonii</span> <span class='ocrx_word' id='word_1_8' title='bbox 2336 217 2565 288; x_wconf 82' lang='lat' dir='ltr'>Dyscoli</span> <span class='ocrx_word' id='word_1_9' title='bbox 2593 218 2806 289; x_wconf 86' lang='lat' dir='ltr'>scripta</span> <span class='ocrx_word' id='word_1_10' title='bbox 2831 220 3065 275; x_wconf 84' lang='lat' dir='ltr'>minora.</span> 
     </span>
    </p>
   </div>
   <div class='ocr_carea' id='block_1_2' title="bbox 584 384 3218 4491">
    <p class='ocr_par' dir='ltr' id='par_1_2' title="bbox 587 384 3211 1452">
     <span class='ocr_line' id='line_1_2' title="bbox 590 384 3208 466; baseline 0 -17"><span class='ocrx_word' id='word_1_11' title='bbox 590 385 893 450; x_wconf 78' lang='grc' dir='ltr'>ἐκάλεεαν</span> <span class='ocrx_word' id='word_1_12' title='bbox 931 384 1311 463; x_wconf 54' lang='lat' dir='ltr'>&amp;concrctam</span> <span class='ocrx_word' id='word_1_13' title='bbox 1349 391 1504 466; x_wconf 82' lang='lat' dir='ltr'>synt.</span> <span class='ocrx_word' id='word_1_14' title='bbox 1527 389 1741 465; x_wconf 83' lang='lat'>68,18.</span> <span class='ocrx_word' id='word_1_15' title='bbox 1809 388 1990 449; x_wconf 88' lang='lat' dir='ltr'>Prisc.</span> <span class='ocrx_word' id='word_1_16' title='bbox 2011 388 2097 448; x_wconf 86' lang='lat' dir='ltr'>XI</span> <span class='ocrx_word' id='word_1_17' title='bbox 2120 391 2223 464; x_wconf 90' lang='lat'>1,1</span> <span class='ocrx_word' id='word_1_18' title='bbox 2258 384 2539 449; x_wconf 72' lang='lat' dir='ltr'>‘Stoiei..</span> <span class='ocrx_word' id='word_1_19' title='bbox 2560 388 2858 449; x_wconf 80' lang='lat' dir='ltr'>infinitum</span> <span class='ocrx_word' id='word_1_20' title='bbox 2888 391 3208 450; x_wconf 86' lang='lat' dir='ltr'>articulum</span> 
     </span>
     <span class='ocr_line' id='line_1_3' title="bbox 591 477 3207 557; baseline 0 -18"><span class='ocrx_word' id='word_1_21' title='bbox 591 483 887 554; x_wconf 82' lang='lat' dir='ltr'>vocantes,</span> <span class='ocrx_word' id='word_1_22' title='bbox 939 498 1114 555; x_wconf 91' lang='lat' dir='ltr'>quem</span> <span class='ocrx_word' id='word_1_23' title='bbox 1159 479 1535 557; x_wconf 75' lang='lat' dir='ltr'>grammatici</span> <span class='ocrx_word' id='word_1_24' title='bbox 1582 478 1899 538; x_wconf 75' lang='lat' dir='ltr'>articulum</span> <span class='ocrx_word' id='word_1_25' title='bbox 1931 525 1942 536; x_wconf 90' lang='lat'>.</span> <span class='ocrx_word' id='word_1_26' title='bbox 1974 524 1987 537; x_wconf 92' lang='lat'>.</span> <span class='ocrx_word' id='word_1_27' title='bbox 2021 524 2033 537; x_wconf 94' lang='lat'>.</span> <span class='ocrx_word' id='word_1_28' title='bbox 2059 477 2297 538; x_wconf 88' lang='lat' dir='ltr'>finitum</span> <span class='ocrx_word' id='word_1_29' title='bbox 2339 481 2539 537; x_wconf 84' lang='lat' dir='ltr'>autem</span> <span class='ocrx_word' id='word_1_30' title='bbox 2576 479 2894 539; x_wconf 84' lang='lat' dir='ltr'>articulum</span> <span class='ocrx_word' id='word_1_31' title='bbox 2932 478 3207 540; x_wconf 84' lang='lat' dir='ltr'>dicebant</span> 
     </span>
     <span class='ocr_line' id='line_1_4' title="bbox 588 561 3205 645; baseline 0 -18"><span class='ocrx_word' id='word_1_32' title='bbox 588 570 747 629; x_wconf 88' lang='lat' dir='ltr'>idem</span> <span class='ocrx_word' id='word_1_33' title='bbox 794 567 1008 644; x_wconf 84' lang='lat' dir='ltr'>Stoici,</span> <span class='ocrx_word' id='word_1_34' title='bbox 1074 567 1233 645; x_wconf 91' lang='lat' dir='ltr'>quod</span> <span class='ocrx_word' id='word_1_35' title='bbox 1287 586 1442 627; x_wconf 89' lang='lat' dir='ltr'>nunc</span> <span class='ocrx_word' id='word_1_36' title='bbox 1493 587 1819 645; x_wconf 86' lang='lat' dir='ltr'><strong>pronomen</strong></span> <span class='ocrx_word' id='word_1_37' title='bbox 1864 586 2145 628; x_wconf 81' lang='lat' dir='ltr'>vocamus</span> <span class='ocrx_word' id='word_1_38' title='bbox 2191 561 2478 642; x_wconf 82' lang='lat' dir='ltr'>finitum&#39;3</span> <span class='ocrx_word' id='word_1_39' title='bbox 2533 567 2611 627; x_wconf 92' lang='lat' dir='ltr'>id.</span> <span class='ocrx_word' id='word_1_40' title='bbox 2648 567 2713 627; x_wconf 92' lang='grc' dir='ltr'>Π</span> <span class='ocrx_word' id='word_1_41' title='bbox 2753 570 2851 628; x_wconf 85' lang='grc'>16.</span> <span class='ocrx_word' id='word_1_42' title='bbox 2898 568 3073 628; x_wconf 88' lang='lat' dir='ltr'>XVII</span> <span class='ocrx_word' id='word_1_43' title='bbox 3103 571 3205 630; x_wconf 84' lang='lat'>52.</span> 
     </span>
     <span class='ocr_line' id='line_1_5' title="bbox 587 652 3211 735; baseline 0 -17"><span class='ocrx_word' id='word_1_44' title='bbox 587 661 741 735; x_wconf 85' lang='lat' dir='ltr'>part.</span> <span class='ocrx_word' id='word_1_45' title='bbox 788 678 844 735; x_wconf 89' lang='lat' dir='ltr'>p.</span> <span class='ocrx_word' id='word_1_46' title='bbox 884 659 1032 733; x_wconf 82' lang='lat'>492,</span> <span class='ocrx_word' id='word_1_47' title='bbox 1056 660 1138 716; x_wconf 88' lang='grc'>10</span> <span class='ocrx_word' id='word_1_48' title='bbox 1182 657 1345 717; x_wconf 84' lang='lat' dir='ltr'>Keil:</span> <span class='ocrx_word' id='word_1_49' title='bbox 1392 652 1598 717; x_wconf 75' lang='lat' dir='ltr'>‘tanta</span> <span class='ocrx_word' id='word_1_50' title='bbox 1652 661 1851 718; x_wconf 85' lang='lat' dir='ltr'>autem</span> <span class='ocrx_word' id='word_1_51' title='bbox 1908 657 2144 718; x_wconf 81' lang='lat' dir='ltr'>videtur</span> <span class='ocrx_word' id='word_1_52' title='bbox 2198 675 2324 717; x_wconf 87' lang='lat' dir='ltr'>esse</span> <span class='ocrx_word' id='word_1_53' title='bbox 2388 658 2667 735; x_wconf 84' lang='lat' dir='ltr'>cognatio</span> <span class='ocrx_word' id='word_1_54' title='bbox 2715 659 3101 720; x_wconf 83' lang='lat' dir='ltr'>articulorum</span> <span class='ocrx_word' id='word_1_55' title='bbox 3148 663 3211 719; x_wconf 87' lang='lat' dir='ltr'>et</span> 
     </span>
     <span class='ocr_line' id='line_1_6' title="bbox 588 746 3209 825; baseline 0 -19"><span class='ocrx_word' id='word_1_56' title='bbox 588 748 1033 825; x_wconf 84' lang='lat' dir='ltr'>pronominum,</span> <span class='ocrx_word' id='word_1_57' title='bbox 1093 746 1250 823; x_wconf 88' lang='lat' dir='ltr'>quod</span> <span class='ocrx_word' id='word_1_58' title='bbox 1297 746 1484 808; x_wconf 83' lang='lat' dir='ltr'>Stoici</span> <span class='ocrx_word' id='word_1_59' title='bbox 1529 747 1593 806; x_wconf 87' lang='lat' dir='ltr'>in</span> <span class='ocrx_word' id='word_1_60' title='bbox 1639 767 1761 807; x_wconf 88' lang='lat' dir='ltr'>una</span> <span class='ocrx_word' id='word_1_61' title='bbox 1804 750 1975 824; x_wconf 84' lang='lat' dir='ltr'>parte</span> <span class='ocrx_word' id='word_1_62' title='bbox 2022 747 2308 807; x_wconf 87' lang='lat' dir='ltr'>orationis</span> <span class='ocrx_word' id='word_1_63' title='bbox 2353 749 2673 824; x_wconf 87' lang='lat' dir='ltr'>utrumque</span> <span class='ocrx_word' id='word_1_64' title='bbox 2721 766 2847 808; x_wconf 90' lang='lat' dir='ltr'>esse</span> <span class='ocrx_word' id='word_1_65' title='bbox 2891 749 3209 824; x_wconf 82' lang='lat' dir='ltr'>putabant,</span> 
     </span>
     <span class='ocr_line' id='line_1_7' title="bbox 594 835 3208 915; baseline 0.001 -20"><span class='ocrx_word' id='word_1_66' title='bbox 594 836 877 895; x_wconf 78' lang='lat' dir='ltr'>articulos</span> <span class='ocrx_word' id='word_1_67' title='bbox 922 835 1121 896; x_wconf 86' lang='lat' dir='ltr'>finitos</span> <span class='ocrx_word' id='word_1_68' title='bbox 1160 836 1421 896; x_wconf 84' lang='lat' dir='ltr'>dicentes</span> <span class='ocrx_word' id='word_1_69' title='bbox 1456 837 1824 914; x_wconf 79' lang='lat' dir='ltr'>pronomina..</span> <span class='ocrx_word' id='word_1_70' title='bbox 1886 855 2037 914; x_wconf 87' lang='lat' dir='ltr'>quae</span> <span class='ocrx_word' id='word_1_71' title='bbox 2074 855 2216 896; x_wconf 84' lang='lat' dir='ltr'>vero</span> <span class='ocrx_word' id='word_1_72' title='bbox 2254 836 2631 915; x_wconf 87' lang='lat' dir='ltr'>grammatici</span> <span class='ocrx_word' id='word_1_73' title='bbox 2669 836 3026 898; x_wconf 70' lang='lat' dir='ltr'>Graecorum</span> <span class='ocrx_word' id='word_1_74' title='bbox 3065 839 3208 898; x_wconf 86' lang='lat' dir='ltr'>arti-</span> 
     </span>
     <span class='ocr_line' id='line_1_8' title="bbox 591 925 3210 1004; baseline 0.001 -19"><span class='ocrx_word' id='word_1_75' title='bbox 591 926 754 986; x_wconf 82' lang='lat' dir='ltr'>culos</span> <span class='ocrx_word' id='word_1_76' title='bbox 807 927 1063 1004; x_wconf 91' lang='lat' dir='ltr'>ponunt,</span> <span class='ocrx_word' id='word_1_77' title='bbox 1125 925 1218 984; x_wconf 89' lang='lat' dir='ltr'>illi</span> <span class='ocrx_word' id='word_1_78' title='bbox 1273 925 1539 986; x_wconf 84' lang='lat' dir='ltr'>infinitos</span> <span class='ocrx_word' id='word_1_79' title='bbox 1594 926 1871 986; x_wconf 72' lang='lat' dir='ltr'>dicebant</span> <span class='ocrx_word' id='word_1_80' title='bbox 1929 945 2056 987; x_wconf 87' lang='grc'>0330</span> <span class='ocrx_word' id='word_1_81' title='bbox 2102 926 2414 1001; x_wconf 77' lang='lat' dir='ltr'>articuloS,</span> <span class='ocrx_word' id='word_1_82' title='bbox 2479 944 2587 986; x_wconf 86' lang='lat' dir='ltr'>nee</span> <span class='ocrx_word' id='word_1_83' title='bbox 2632 945 2750 986; x_wconf 89' lang='lat' dir='ltr'>non</span> <span class='ocrx_word' id='word_1_84' title='bbox 2798 927 2978 987; x_wconf 90' lang='lat' dir='ltr'>etiam</span> <span class='ocrx_word' id='word_1_85' title='bbox 3026 946 3210 1003; x_wconf 88' lang='lat' dir='ltr'>supra</span> 
     </span>
     <span class='ocr_line' id='line_1_9' title="bbox 591 1006 3205 1097; baseline 0.001 -23"><span class='ocrx_word' id='word_1_86' title='bbox 591 1015 779 1075; x_wconf 84' lang='lat' dir='ltr'>dietas</span> <span class='ocrx_word' id='word_1_87' title='bbox 808 1015 1094 1075; x_wconf 74' lang='lat' dir='ltr'>dictiones</span> <span class='ocrx_word' id='word_1_88' title='bbox 1142 1007 1247 1097; x_wconf 89' lang='lat' dir='ltr'>(sc.</span> <span class='ocrx_word' id='word_1_89' title='bbox 1276 1015 1511 1075; x_wconf 87' lang='lat' dir='ltr'>infinita</span> <span class='ocrx_word' id='word_1_90' title='bbox 1538 1016 1974 1094; x_wconf 77' lang='lat' dir='ltr'>interrogativa</span> <span class='ocrx_word' id='word_1_91' title='bbox 1999 1006 2285 1097; x_wconf 84' lang='lat' dir='ltr'>relativa)</span> <span class='ocrx_word' id='word_1_92' title='bbox 2332 1033 2481 1092; x_wconf 87' lang='lat' dir='ltr'>quas</span> <span class='ocrx_word' id='word_1_93' title='bbox 2505 1014 2944 1091; x_wconf 89' lang='lat' dir='ltr'>Apollonius</span> <span class='ocrx_word' id='word_1_94' title='bbox 2981 1020 3043 1077; x_wconf 90' lang='lat' dir='ltr'>et</span> <span class='ocrx_word' id='word_1_95' title='bbox 3067 1016 3130 1076; x_wconf 91' lang='grc' dir='ltr'>Η</span> <span class='ocrx_word' id='word_1_96' title='bbox 3139 1037 3205 1077; x_wconf 93' lang='lat' dir='ltr'>e-</span> 
     </span>
     <span class='ocr_line' id='line_1_10' title="bbox 589 1099 3205 1182; baseline 0.002 -19"><span class='ocrx_word' id='word_1_97' title='bbox 589 1103 932 1164; x_wconf 86' lang='lat' dir='ltr'>rodianus</span> <span class='ocrx_word' id='word_1_98' title='bbox 971 1108 1032 1164; x_wconf 91' lang='lat' dir='ltr'>et</span> <span class='ocrx_word' id='word_1_99' title='bbox 1067 1104 1461 1182; x_wconf 83' lang='lat' dir='ltr'>Dionysius</span> <span class='ocrx_word' id='word_1_100' title='bbox 1498 1106 1655 1165; x_wconf 88' lang='lat' dir='ltr'>inter</span> <span class='ocrx_word' id='word_1_101' title='bbox 1681 1106 1925 1166; x_wconf 88' lang='lat' dir='ltr'>nomina</span> <span class='ocrx_word' id='word_1_102' title='bbox 1950 1104 2393 1165; x_wconf 75' lang='lat' dir='ltr'>rationabiliter</span> <span class='ocrx_word' id='word_1_103' title='bbox 2425 1099 2792 1181; x_wconf 82' lang='lat' dir='ltr'>posuerunt&#39;.</span> <span class='ocrx_word' id='word_1_104' title='bbox 2862 1104 3035 1166; x_wconf 87' lang='lat' dir='ltr'>Dion.</span> <span class='ocrx_word' id='word_1_105' title='bbox 3066 1106 3205 1167; x_wconf 84' lang='lat' dir='ltr'>Hal.</span> 
     </span>
     <span class='ocr_line' id='line_1_11' title="bbox 590 1192 3209 1274; baseline 0.001 -21"><span class='ocrx_word' id='word_1_106' title='bbox 590 1214 776 1271; x_wconf 88' lang='lat' dir='ltr'>comp.</span> <span class='ocrx_word' id='word_1_107' title='bbox 804 1214 863 1271; x_wconf 93' lang='lat' dir='ltr'>p.</span> <span class='ocrx_word' id='word_1_108' title='bbox 897 1196 979 1256; x_wconf 89' lang='grc'>18</span> <span class='ocrx_word' id='word_1_109' title='bbox 1010 1192 1260 1254; x_wconf 87' lang='lat' dir='ltr'>Goeller.</span> <span class='ocrx_word' id='word_1_110' title='bbox 1327 1194 1413 1254; x_wconf 83' lang='lat' dir='ltr'>Of.</span> <span class='ocrx_word' id='word_1_111' title='bbox 1443 1195 1643 1274; x_wconf 84' lang='lat' dir='ltr'>Egger</span> <span class='ocrx_word' id='word_1_112' title='bbox 1669 1194 1781 1272; x_wconf 91' lang='lat' dir='ltr'>Ap.</span> <span class='ocrx_word' id='word_1_113' title='bbox 1816 1197 1916 1255; x_wconf 88' lang='grc'>93.</span> <span class='ocrx_word' id='word_1_114' title='bbox 1974 1194 2342 1254; x_wconf 84' lang='lat' dir='ltr'>GFSchoem.</span> <span class='ocrx_word' id='word_1_115' title='bbox 2371 1194 2499 1253; x_wconf 79' lang='lat' dir='ltr'>Art.</span> <span class='ocrx_word' id='word_1_116' title='bbox 2525 1195 2802 1254; x_wconf 78' lang='lat'>16-17,</span> <span class='ocrx_word' id='word_1_117' title='bbox 2869 1193 3209 1256; x_wconf 79' lang='lat' dir='ltr'>Schmieder</span> 
     </span>
     <span class='ocr_line' id='line_1_12' title="bbox 589 1282 3206 1361; baseline 0 -18"><span class='ocrx_word' id='word_1_118' title='bbox 589 1304 756 1361; x_wconf 90' lang='lat' dir='ltr'>pron.</span> <span class='ocrx_word' id='word_1_119' title='bbox 810 1286 866 1358; x_wconf 82' lang='lat'>7,</span> <span class='ocrx_word' id='word_1_120' title='bbox 890 1286 942 1343; x_wconf 91' lang='lat'>1.</span> <span class='ocrx_word' id='word_1_121' title='bbox 1037 1282 1229 1354; x_wconf 85' lang='lat' dir='ltr'>Quam</span> <span class='ocrx_word' id='word_1_122' title='bbox 1284 1284 1627 1361; x_wconf 84' lang='lat' dir='ltr'>appellandi</span> <span class='ocrx_word' id='word_1_123' title='bbox 1679 1284 1973 1344; x_wconf 83' lang='lat' dir='ltr'>rationem</span> <span class='ocrx_word' id='word_1_124' title='bbox 2030 1302 2148 1361; x_wconf 90' lang='lat' dir='ltr'>quo</span> <span class='ocrx_word' id='word_1_125' title='bbox 2193 1282 2369 1344; x_wconf 92' lang='lat' dir='ltr'>modo</span> <span class='ocrx_word' id='word_1_126' title='bbox 2412 1283 2571 1343; x_wconf 87' lang='lat' dir='ltr'>tueri</span> <span class='ocrx_word' id='word_1_127' title='bbox 2617 1283 2956 1344; x_wconf 77' lang='lat' dir='ltr'>studuerint</span> <span class='ocrx_word' id='word_1_128' title='bbox 3002 1284 3206 1361; x_wconf 80' lang='lat' dir='ltr'>Stoici,</span> 
     </span>
     <span class='ocr_line' id='line_1_13' title="bbox 589 1373 3203 1475; baseline 0.001 -42"><span class='ocrx_word' id='word_1_129' title='bbox 589 1373 748 1433; x_wconf 84' lang='lat' dir='ltr'>infra</span> <span class='ocrx_word' id='word_1_130' title='bbox 792 1373 1142 1448; x_wconf 83' lang='lat' dir='ltr'>videbimus,</span> <span class='ocrx_word' id='word_1_131' title='bbox 1185 1373 1308 1449; x_wconf 90' lang='lat' dir='ltr'>ubi,</span> <span class='ocrx_word' id='word_1_132' title='bbox 1354 1393 1506 1450; x_wconf 88' lang='lat' dir='ltr'>quae</span> <span class='ocrx_word' id='word_1_133' title='bbox 1550 1374 1663 1450; x_wconf 88' lang='lat' dir='ltr'>Ap.</span> <span class='ocrx_word' id='word_1_134' title='bbox 1712 1393 1917 1434; x_wconf 86' lang='lat' dir='ltr'>eorum</span> <span class='ocrx_word' id='word_1_135' title='bbox 1964 1375 2330 1452; x_wconf 83' lang='lat' dir='ltr'>argumentis</span> <span class='ocrx_word' id='word_1_136' title='bbox 2377 1376 2669 1451; x_wconf 87' lang='lat' dir='ltr'>opponat,</span> <span class='ocrx_word' id='word_1_137' title='bbox 2712 1373 3203 1475; x_wconf 84' lang='lat' dir='ltr'>percensebimus.</span> 
     </span>
    </p>

    <p class='ocr_par' dir='ltr' id='par_1_3' title="bbox 591 1461 3214 2256">
     <span class='ocr_line' id='line_1_14' title="bbox 773 1461 3207 1541; baseline 0.001 -20"><span class='ocrx_word' id='word_1_138' title='bbox 773 1463 937 1537; x_wconf 83' lang='lat'>5,18</span> <span class='ocrx_word' id='word_1_139' title='bbox 986 1461 1076 1522; x_wconf 90' lang='lat' dir='ltr'>De</span> <span class='ocrx_word' id='word_1_140' title='bbox 1113 1462 1477 1540; x_wconf 90' lang='lat' dir='ltr'>Apollodoro</span> <span class='ocrx_word' id='word_1_141' title='bbox 1514 1464 1894 1539; x_wconf 87' lang='lat' dir='ltr'>Atheniensi,</span> <span class='ocrx_word' id='word_1_142' title='bbox 1938 1463 2273 1524; x_wconf 86' lang='lat' dir='ltr'>Aristarchi</span> <span class='ocrx_word' id='word_1_143' title='bbox 2319 1462 2631 1539; x_wconf 87' lang='lat' dir='ltr'>discipulo,</span> <span class='ocrx_word' id='word_1_144' title='bbox 2678 1463 2919 1540; x_wconf 87' lang='lat' dir='ltr'>eiusque</span> <span class='ocrx_word' id='word_1_145' title='bbox 2968 1464 3207 1541; x_wconf 81' lang='lat' dir='ltr'>seriptis</span> 
     </span>
     <span class='ocr_line' id='line_1_15' title="bbox 591 1545 3208 1631; baseline 0 -19"><span class='ocrx_word' id='word_1_146' title='bbox 591 1554 717 1631; x_wconf 88' lang='lat' dir='ltr'>egit</span> <span class='ocrx_word' id='word_1_147' title='bbox 761 1551 1044 1612; x_wconf 82' lang='lat' dir='ltr'>WChrist</span> <span class='ocrx_word' id='word_1_148' title='bbox 1090 1550 1395 1612; x_wconf 64' lang='grc'>(1030111</span> <span class='ocrx_word' id='word_1_149' title='bbox 1445 1545 1755 1631; x_wconf 54' lang='grc'>81111111.2</span> <span class='ocrx_word' id='word_1_150' title='bbox 1798 1574 1855 1630; x_wconf 92' lang='lat' dir='ltr'>p.</span> <span class='ocrx_word' id='word_1_151' title='bbox 1899 1554 2042 1612; x_wconf 87' lang='lat'>518</span> <span class='ocrx_word' id='word_1_152' title='bbox 2136 1552 2266 1622; x_wconf 81' lang='lat' dir='ltr'>Quo</span> <span class='ocrx_word' id='word_1_153' title='bbox 2313 1571 2383 1612; x_wconf 82' lang='lat' dir='ltr'>ex</span> <span class='ocrx_word' id='word_1_154' title='bbox 2444 1552 2598 1613; x_wconf 85' lang='lat' dir='ltr'>libro</span> <span class='ocrx_word' id='word_1_155' title='bbox 2643 1552 2754 1613; x_wconf 91' lang='grc'>1100</span> <span class='ocrx_word' id='word_1_156' title='bbox 2798 1553 3208 1613; x_wconf 88' lang='lat' dir='ltr'>testimonium</span> 
     </span>
     <span class='ocr_line' id='line_1_16' title="bbox 594 1641 3211 1719; baseline 0 -18"><span class='ocrx_word' id='word_1_157' title='bbox 594 1642 874 1701; x_wconf 80' lang='lat' dir='ltr'>asciverit</span> <span class='ocrx_word' id='word_1_158' title='bbox 917 1641 1061 1718; x_wconf 92' lang='lat' dir='ltr'>Ap,</span> <span class='ocrx_word' id='word_1_159' title='bbox 1123 1643 1430 1702; x_wconf 86' lang='lat' dir='ltr'>nescimus.</span> <span class='ocrx_word' id='word_1_160' title='bbox 1522 1643 1742 1702; x_wconf 86' lang='lat' dir='ltr'>Mirum</span> <span class='ocrx_word' id='word_1_161' title='bbox 1796 1646 1913 1719; x_wconf 88' lang='lat' dir='ltr'>est,</span> <span class='ocrx_word' id='word_1_162' title='bbox 1977 1643 2160 1703; x_wconf 88' lang='lat' dir='ltr'>etiam</span> <span class='ocrx_word' id='word_1_163' title='bbox 2206 1641 2497 1719; x_wconf 80' lang='lat' dir='ltr'>Dionysio</span> <span class='ocrx_word' id='word_1_164' title='bbox 2544 1642 2759 1702; x_wconf 83' lang='lat' dir='ltr'>Thraci</span> <span class='ocrx_word' id='word_1_165' title='bbox 2805 1642 2959 1702; x_wconf 85' lang='lat' dir='ltr'>hanc</span> <span class='ocrx_word' id='word_1_166' title='bbox 3005 1642 3211 1702; x_wconf 91' lang='lat' dir='ltr'>defini-</span> 
     </span>
     <span class='ocr_line' id='line_1_17' title="bbox 591 1723 3212 1813; baseline 0 -22"><span class='ocrx_word' id='word_1_167' title='bbox 591 1732 816 1791; x_wconf 88' lang='lat' dir='ltr'>tionem</span> <span class='ocrx_word' id='word_1_168' title='bbox 862 1729 1076 1804; x_wconf 88' lang='lat' dir='ltr'>tribui,</span> <span class='ocrx_word' id='word_1_169' title='bbox 1141 1749 1317 1807; x_wconf 90' lang='lat' dir='ltr'>quem</span> <span class='ocrx_word' id='word_1_170' title='bbox 1364 1732 1539 1791; x_wconf 88' lang='lat' dir='ltr'>aliter</span> <span class='ocrx_word' id='word_1_171' title='bbox 1583 1751 1907 1808; x_wconf 87' lang='lat' dir='ltr'>pronomen</span> <span class='ocrx_word' id='word_1_172' title='bbox 1956 1731 2198 1792; x_wconf 89' lang='lat' dir='ltr'>definire</span> <span class='ocrx_word' id='word_1_173' title='bbox 2245 1723 2437 1813; x_wconf 82' lang='lat'>(63,1</span> <span class='ocrx_word' id='word_1_174' title='bbox 2488 1724 2701 1813; x_wconf 88' lang='lat' dir='ltr'>Uhlig)</span> <span class='ocrx_word' id='word_1_175' title='bbox 2750 1736 2813 1791; x_wconf 88' lang='lat' dir='ltr'>et</span> <span class='ocrx_word' id='word_1_176' title='bbox 2855 1733 3212 1808; x_wconf 85' lang='lat' dir='ltr'>pronomina</span> 
     </span>
     <span class='ocr_line' id='line_1_18' title="bbox 595 1812 3209 1903; baseline 0 -24"><span class='ocrx_word' id='word_1_177' title='bbox 595 1813 961 1901; x_wconf 83' lang='lat' dir='ltr'>(personalia</span> <span class='ocrx_word' id='word_1_178' title='bbox 1015 1812 1512 1903; x_wconf 84' lang='lat' dir='ltr'>demonstrativa)</span> <span class='ocrx_word' id='word_1_179' title='bbox 1579 1822 1653 1881; x_wconf 88' lang='lat' dir='ltr'>ab</span> <span class='ocrx_word' id='word_1_180' title='bbox 1719 1822 1988 1881; x_wconf 85' lang='lat' dir='ltr'>articulis</span> <span class='ocrx_word' id='word_1_181' title='bbox 2054 1821 2360 1899; x_wconf 88' lang='lat' dir='ltr'>seiungere</span> <span class='ocrx_word' id='word_1_182' title='bbox 2425 1823 2674 1881; x_wconf 77' lang='lat' dir='ltr'>constat.</span> <span class='ocrx_word' id='word_1_183' title='bbox 2767 1821 2857 1880; x_wconf 82' lang='lat' dir='ltr'>Ex</span> <span class='ocrx_word' id='word_1_184' title='bbox 2901 1820 3209 1898; x_wconf 89' lang='lat' dir='ltr'>Apollonii</span> 
     </span>
     <span class='ocr_line' id='line_1_19' title="bbox 594 1909 3211 1987; baseline 0 -18"><span class='ocrx_word' id='word_1_185' title='bbox 594 1909 790 1969; x_wconf 84' lang='lat' dir='ltr'>verbis</span> <span class='ocrx_word' id='word_1_186' title='bbox 846 1929 965 1969; x_wconf 89' lang='lat' dir='ltr'>non</span> <span class='ocrx_word' id='word_1_187' title='bbox 1019 1911 1167 1970; x_wconf 86' lang='lat' dir='ltr'>satis</span> <span class='ocrx_word' id='word_1_188' title='bbox 1213 1911 1538 1987; x_wconf 86' lang='lat' dir='ltr'>perspectis</span> <span class='ocrx_word' id='word_1_189' title='bbox 1585 1930 1693 1970; x_wconf 88' lang='lat' dir='ltr'>sua</span> <span class='ocrx_word' id='word_1_190' title='bbox 1739 1912 2059 1971; x_wconf 87' lang='lat' dir='ltr'>confecisse</span> <span class='ocrx_word' id='word_1_191' title='bbox 2103 1909 2340 1970; x_wconf 85' lang='lat' dir='ltr'>videtur</span> <span class='ocrx_word' id='word_1_192' title='bbox 2384 1910 2562 1970; x_wconf 86' lang='lat' dir='ltr'>schol.</span> <span class='ocrx_word' id='word_1_193' title='bbox 2613 1909 2725 1970; x_wconf 83' lang='lat' dir='ltr'>AG</span> <span class='ocrx_word' id='word_1_194' title='bbox 2755 1912 3211 1986; x_wconf 82' lang='lat' dir='ltr'>672‚14.De</span> 
     </span>
     <span class='ocr_line' id='line_1_20' title="bbox 592 1956 3214 2077; baseline 0.001 -20"><span class='ocrx_word' id='word_1_195' title='bbox 592 1999 902 2076; x_wconf 89' lang='lat' dir='ltr'>Apollonii</span> <span class='ocrx_word' id='word_1_196' title='bbox 948 2000 1244 2059; x_wconf 88' lang='lat' dir='ltr'>sententia</span> <span class='ocrx_word' id='word_1_197' title='bbox 1287 2003 1446 2060; x_wconf 85' lang='lat' dir='ltr'>recte</span> <span class='ocrx_word' id='word_1_198' title='bbox 1493 2003 1754 2060; x_wconf 87' lang='lat' dir='ltr'>statuere</span> <span class='ocrx_word' id='word_1_199' title='bbox 1801 2019 2010 2060; x_wconf 84' lang='lat' dir='ltr'>censeo</span> <span class='ocrx_word' id='word_1_200' title='bbox 2039 2000 2405 2061; x_wconf 87' lang='lat' dir='ltr'>GFSchoem.</span> <span class='ocrx_word' id='word_1_201' title='bbox 2435 1999 2579 2059; x_wconf 86' lang='lat' dir='ltr'>Red.</span> <span class='ocrx_word' id='word_1_202' title='bbox 2614 2001 2759 2077; x_wconf 86' lang='grc'>120,</span> <span class='ocrx_word' id='word_1_203' title='bbox 2784 2003 2816 2059; x_wconf 94' lang='grc'>1</span> <span class='ocrx_word' id='word_1_204' title='bbox 2870 1956 2976 2059; x_wconf 63' lang='grc' dir='ltr'>ε1111·</span> <span class='ocrx_word' id='word_1_205' title='bbox 3007 2000 3214 2060; x_wconf 88' lang='lat' dir='ltr'>deutet</span> 
     </span>
     <span class='ocr_line' id='line_1_21' title="bbox 592 2087 3212 2168; baseline 0.001 -21"><span class='ocrx_word' id='word_1_206' title='bbox 592 2087 750 2148; x_wconf 84' lang='lat' dir='ltr'>wohl</span> <span class='ocrx_word' id='word_1_207' title='bbox 814 2107 918 2162; x_wconf 86' lang='lat' dir='ltr'>an,</span> <span class='ocrx_word' id='word_1_208' title='bbox 982 2088 1118 2148; x_wconf 82' lang='lat' dir='ltr'>dass</span> <span class='ocrx_word' id='word_1_209' title='bbox 1183 2089 1352 2148; x_wconf 88' lang='lat' dir='ltr'>beide</span> <span class='ocrx_word' id='word_1_210' title='bbox 1399 2089 1838 2150; x_wconf 82' lang='lat' dir='ltr'>Grammatiker</span> <span class='ocrx_word' id='word_1_211' title='bbox 1894 2092 2034 2167; x_wconf 75' lang='lat' dir='ltr'>Jene</span> <span class='ocrx_word' id='word_1_212' title='bbox 2079 2089 2447 2168; x_wconf 87' lang='lat' dir='ltr'>Benennung</span> <span class='ocrx_word' id='word_1_213' title='bbox 2502 2090 2592 2149; x_wconf 84' lang='lat' dir='ltr'>als</span> <span class='ocrx_word' id='word_1_214' title='bbox 2648 2090 2805 2164; x_wconf 87' lang='lat' dir='ltr'>eine,</span> <span class='ocrx_word' id='word_1_215' title='bbox 2870 2089 2966 2149; x_wconf 90' lang='lat' dir='ltr'>die</span> <span class='ocrx_word' id='word_1_216' title='bbox 3022 2089 3212 2149; x_wconf 89' lang='lat' dir='ltr'>neben</span> 
     </span>
     <span class='ocr_line' id='line_1_22' title="bbox 596 2174 3211 2256; baseline 0 -19"><span class='ocrx_word' id='word_1_217' title='bbox 596 2178 818 2237; x_wconf 81' lang='lat' dir='ltr'>andern</span> <span class='ocrx_word' id='word_1_218' title='bbox 848 2178 1023 2236; x_wconf 88' lang='lat' dir='ltr'>auch</span> <span class='ocrx_word' id='word_1_219' title='bbox 1051 2179 1306 2256; x_wconf 87' lang='lat' dir='ltr'>passend</span> <span class='ocrx_word' id='word_1_220' title='bbox 1344 2180 1449 2254; x_wconf 89' lang='lat' dir='ltr'>sei,</span> <span class='ocrx_word' id='word_1_221' title='bbox 1483 2179 1825 2240; x_wconf 88' lang='lat' dir='ltr'>bezeichnet</span> <span class='ocrx_word' id='word_1_222' title='bbox 1858 2174 2091 2239; x_wconf 84' lang='lat' dir='ltr'>haben&#39;.</span> <span class='ocrx_word' id='word_1_223' title='bbox 2170 2178 2255 2238; x_wconf 79' lang='lat' dir='ltr'>Of.</span> <span class='ocrx_word' id='word_1_224' title='bbox 2286 2178 2620 2239; x_wconf 79' lang='lat' dir='ltr'>MSchmidt</span> <span class='ocrx_word' id='word_1_225' title='bbox 2648 2178 2862 2239; x_wconf 89' lang='lat' dir='ltr'>Philol.</span> <span class='ocrx_word' id='word_1_226' title='bbox 2881 2178 3033 2238; x_wconf 87' lang='lat' dir='ltr'><strong>VIII</strong></span> <span class='ocrx_word' id='word_1_227' title='bbox 3063 2180 3211 2238; x_wconf 84' lang='lat'>513.</span> 
     </span>
    </p>

    <p class='ocr_par' dir='ltr' id='par_1_4' title="bbox 595 2265 3215 2438">
     <span class='ocr_line' id='line_1_23' title="bbox 771 2265 3215 2344; baseline 0.002 -19"><span class='ocrx_word' id='word_1_228' title='bbox 771 2265 862 2325; x_wconf 86' lang='lat' dir='ltr'>Ac</span> <span class='ocrx_word' id='word_1_229' title='bbox 914 2286 1058 2327; x_wconf 80' lang='lat' dir='ltr'>sane</span> <span class='ocrx_word' id='word_1_230' title='bbox 1109 2272 1248 2328; x_wconf 78' lang='lat' dir='ltr'>sunt</span> <span class='ocrx_word' id='word_1_231' title='bbox 1298 2270 1587 2343; x_wconf 77' lang='lat' dir='ltr'>quaedam</span> <span class='ocrx_word' id='word_1_232' title='bbox 1639 2287 1789 2344; x_wconf 82' lang='lat' dir='ltr'>quae</span> <span class='ocrx_word' id='word_1_233' title='bbox 1832 2271 2191 2344; x_wconf 71' lang='lat' dir='ltr'>pronomina</span> <span class='ocrx_word' id='word_1_234' title='bbox 2251 2272 2303 2327; x_wconf 87' lang='lat' dir='ltr'>et</span> <span class='ocrx_word' id='word_1_235' title='bbox 2345 2270 2581 2328; x_wconf 78' lang='lat' dir='ltr'>articuli</span> <span class='ocrx_word' id='word_1_236' title='bbox 2625 2271 2959 2328; x_wconf 64' lang='lat' dir='ltr'>commenta</span> <span class='ocrx_word' id='word_1_237' title='bbox 3000 2270 3215 2329; x_wconf 79' lang='lat' dir='ltr'>habent</span> 
     </span>
     <span class='ocr_line' id='line_1_24' title="bbox 595 2358 2819 2438; baseline 0 -23"><span class='ocrx_word' id='word_1_238' title='bbox 595 2359 655 2432; x_wconf 83' lang='lat'>5,</span> <span class='ocrx_word' id='word_1_239' title='bbox 679 2358 912 2431; x_wconf 87' lang='grc'>20-6,</span> <span class='ocrx_word' id='word_1_240' title='bbox 937 2358 1035 2416; x_wconf 94' lang='grc'>19.</span> <span class='ocrx_word' id='word_1_241' title='bbox 1128 2358 1217 2418; x_wconf 91' lang='lat' dir='ltr'>De</span> <span class='ocrx_word' id='word_1_242' title='bbox 1261 2358 1355 2418; x_wconf 90' lang='grc'>1113</span> <span class='ocrx_word' id='word_1_243' title='bbox 1403 2360 1769 2436; x_wconf 83' lang='lat' dir='ltr'>argumentis</span> <span class='ocrx_word' id='word_1_244' title='bbox 1816 2360 1943 2438; x_wconf 88' lang='lat' dir='ltr'>egit</span> <span class='ocrx_word' id='word_1_245' title='bbox 1986 2358 2316 2434; x_wconf 84' lang='lat' dir='ltr'>Kromayer</span> <span class='ocrx_word' id='word_1_246' title='bbox 2360 2377 2526 2434; x_wconf 88' lang='lat' dir='ltr'>pron.</span> <span class='ocrx_word' id='word_1_247' title='bbox 2578 2359 2660 2418; x_wconf 85' lang='lat'>39</span> <span class='ocrx_word' id='word_1_248' title='bbox 2693 2376 2819 2433; x_wconf 86' lang='lat' dir='ltr'>sqq.</span> 
     </span>
    </p>

    <p class='ocr_par' dir='ltr' id='par_1_5' title="bbox 591 2442 3214 2612">
     <span class='ocr_line' id='line_1_25' title="bbox 772 2442 3214 2526; baseline 0 -20"><span class='ocrx_word' id='word_1_249' title='bbox 772 2445 838 2520; x_wconf 90' lang='lat' dir='ltr'>a)</span> <span class='ocrx_word' id='word_1_250' title='bbox 884 2446 970 2505; x_wconf 87' lang='lat' dir='ltr'>Et</span> <span class='ocrx_word' id='word_1_251' title='bbox 1001 2450 1360 2521; x_wconf 75' lang='lat' dir='ltr'>pronomina</span> <span class='ocrx_word' id='word_1_252' title='bbox 1406 2453 1488 2508; x_wconf 76' lang='lat' dir='ltr'>est</span> <span class='ocrx_word' id='word_1_253' title='bbox 1530 2449 1632 2507; x_wconf 81' lang='lat' dir='ltr'>ubi</span> <span class='ocrx_word' id='word_1_254' title='bbox 1679 2443 1856 2526; x_wconf 83' lang='grc' dir='ltr'>(καὶ)</span> <span class='ocrx_word' id='word_1_255' title='bbox 1905 2442 2399 2522; x_wconf 81' lang='grc' dir='ltr'>ἀναφορικῶ(</span> <span class='ocrx_word' id='word_1_256' title='bbox 2436 2447 2840 2517; x_wconf 65' lang='lat' dir='ltr'>adhibeantur,</span> <span class='ocrx_word' id='word_1_257' title='bbox 2889 2451 2943 2507; x_wconf 81' lang='lat' dir='ltr'>et</span> <span class='ocrx_word' id='word_1_258' title='bbox 2977 2448 3214 2507; x_wconf 66' lang='lat' dir='ltr'>articuli</span> 
     </span>
     <span class='ocr_line' id='line_1_26' title="bbox 591 2537 1719 2612; baseline 0.001 -18"><span class='ocrx_word' id='word_1_259' title='bbox 591 2537 934 2595; x_wconf 70' lang='lat' dir='ltr'>relationem</span> <span class='ocrx_word' id='word_1_260' title='bbox 976 2539 1313 2611; x_wconf 64' lang='lat' dir='ltr'>siqonficant</span> <span class='ocrx_word' id='word_1_261' title='bbox 1360 2538 1418 2612; x_wconf 87' lang='lat'>5,</span> <span class='ocrx_word' id='word_1_262' title='bbox 1442 2539 1719 2597; x_wconf 82' lang='lat'>20—21.</span> 
     </span>
    </p>

    <p class='ocr_par' dir='ltr' id='par_1_6' title="bbox 769 2622 2852 2701">
     <span class='ocr_line' id='line_1_27' title="bbox 769 2622 2852 2701; baseline 0 -18"><span class='ocrx_word' id='word_1_263' title='bbox 769 2623 834 2696; x_wconf 85' lang='lat' dir='ltr'>b)</span> <span class='ocrx_word' id='word_1_264' title='bbox 881 2622 1138 2685; x_wconf 66' lang='lat' dir='ltr'>Articuli</span> <span class='ocrx_word' id='word_1_265' title='bbox 1179 2629 1247 2686; x_wconf 83' lang='lat' dir='ltr'>in</span> <span class='ocrx_word' id='word_1_266' title='bbox 1290 2628 1478 2686; x_wconf 82' lang='lat' dir='ltr'>locum</span> <span class='ocrx_word' id='word_1_267' title='bbox 1513 2629 1932 2701; x_wconf 74' lang='lat' dir='ltr'>pronominum</span> <span class='ocrx_word' id='word_1_268' title='bbox 1975 2628 2407 2687; x_wconf 77' lang='lat' dir='ltr'>substituuntur</span> <span class='ocrx_word' id='word_1_269' title='bbox 2457 2628 2514 2701; x_wconf 87' lang='lat'>5,</span> <span class='ocrx_word' id='word_1_270' title='bbox 2537 2628 2774 2700; x_wconf 86' lang='lat'>21—-6,</span> <span class='ocrx_word' id='word_1_271' title='bbox 2797 2628 2852 2684; x_wconf 84' lang='lat'>6.</span> 
     </span>
    </p>

    <p class='ocr_par' dir='ltr' id='par_1_7' title="bbox 592 2712 3210 2887">
     <span class='ocr_line' id='line_1_28' title="bbox 779 2712 3210 2796; baseline 0.001 -23"><span class='ocrx_word' id='word_1_272' title='bbox 779 2715 838 2788; x_wconf 86' lang='lat'>5,</span> <span class='ocrx_word' id='word_1_273' title='bbox 861 2715 942 2773; x_wconf 87' lang='grc'>24</span> <span class='ocrx_word' id='word_1_274' title='bbox 992 2716 1324 2793; x_wconf 86' lang='lat' dir='ltr'>exemplum</span> <span class='ocrx_word' id='word_1_275' title='bbox 1368 2715 1548 2791; x_wconf 91' lang='lat' dir='ltr'>illud,</span> <span class='ocrx_word' id='word_1_276' title='bbox 1603 2717 1714 2776; x_wconf 88' lang='lat' dir='ltr'>etsi</span> <span class='ocrx_word' id='word_1_277' title='bbox 1761 2715 1879 2778; x_wconf 84' lang='grc' dir='ltr'>τοῦ</span> <span class='ocrx_word' id='word_1_278' title='bbox 1926 2712 1998 2777; x_wconf 86' lang='grc' dir='ltr'>δέ</span> <span class='ocrx_word' id='word_1_279' title='bbox 2044 2718 2241 2796; x_wconf 86' lang='lat' dir='ltr'>legas,</span> <span class='ocrx_word' id='word_1_280' title='bbox 2287 2719 2499 2793; x_wconf 85' lang='lat' dir='ltr'>aptum</span> <span class='ocrx_word' id='word_1_281' title='bbox 2542 2734 2663 2777; x_wconf 88' lang='lat' dir='ltr'>non</span> <span class='ocrx_word' id='word_1_282' title='bbox 2710 2734 2834 2777; x_wconf 89' lang='lat' dir='ltr'>esse</span> <span class='ocrx_word' id='word_1_283' title='bbox 2879 2719 3037 2777; x_wconf 83' lang='lat' dir='ltr'>reete</span> <span class='ocrx_word' id='word_1_284' title='bbox 3086 2716 3210 2776; x_wconf 87' lang='lat' dir='ltr'>ani·</span> 
     </span>
     <span class='ocr_line' id='line_1_29' title="bbox 592 2798 2581 2887; baseline 0.001 -25"><span class='ocrx_word' id='word_1_285' title='bbox 592 2804 917 2864; x_wconf 83' lang='lat' dir='ltr'>madvertit</span> <span class='ocrx_word' id='word_1_286' title='bbox 962 2803 1200 2884; x_wconf 87' lang='lat' dir='ltr'>GUhlig</span> <span class='ocrx_word' id='word_1_287' title='bbox 1246 2798 1339 2886; x_wconf 90' lang='grc'>(111</span> <span class='ocrx_word' id='word_1_288' title='bbox 1383 2798 1552 2887; x_wconf 75' lang='lat' dir='ltr'>litt),</span> <span class='ocrx_word' id='word_1_289' title='bbox 1598 2807 1831 2866; x_wconf 83' lang='lat' dir='ltr'>uncinis</span> <span class='ocrx_word' id='word_1_290' title='bbox 1876 2807 2120 2866; x_wconf 87' lang='lat' dir='ltr'>inclusit</span> <span class='ocrx_word' id='word_1_291' title='bbox 2164 2805 2419 2884; x_wconf 88' lang='lat' dir='ltr'>LLange</span> <span class='ocrx_word' id='word_1_292' title='bbox 2463 2825 2581 2885; x_wconf 86' lang='lat' dir='ltr'>mg.</span> 
     </span>
    </p>

    <p class='ocr_par' dir='ltr' id='par_1_8' title="bbox 594 2893 3211 3056">
     <span class='ocr_line' id='line_1_30' title="bbox 770 2893 3211 2970; baseline 0.002 -19"><span class='ocrx_word' id='word_1_293' title='bbox 770 2894 826 2967; x_wconf 85' lang='lat' dir='ltr'>c)</span> <span class='ocrx_word' id='word_1_294' title='bbox 877 2893 1107 2954; x_wconf 78' lang='lat' dir='ltr'>Tertiae</span> <span class='ocrx_word' id='word_1_295' title='bbox 1132 2912 1424 2969; x_wconf 76' lang='lat' dir='ltr'>personae</span> <span class='ocrx_word' id='word_1_296' title='bbox 1448 2898 1807 2970; x_wconf 62' lang='lat' dir='ltr'>pronmntna</span> <span class='ocrx_word' id='word_1_297' title='bbox 1843 2898 2058 2970; x_wconf 75' lang='lat' dir='ltr'>spiritu</span> <span class='ocrx_word' id='word_1_298' title='bbox 2089 2913 2297 2970; x_wconf 82' lang='lat' dir='ltr'>aspero</span> <span class='ocrx_word' id='word_1_299' title='bbox 2334 2896 2739 2970; x_wconf 78' lang='lat' dir='ltr'>proferuntur,</span> <span class='ocrx_word' id='word_1_300' title='bbox 2785 2898 3030 2970; x_wconf 75' lang='lat' dir='ltr'>itemque</span> <span class='ocrx_word' id='word_1_301' title='bbox 3066 2898 3211 2956; x_wconf 82' lang='lat' dir='ltr'>arti-</span> 
     </span>
     <span class='ocr_line' id='line_1_31' title="bbox 594 2983 1025 3056; baseline -0.005 -14"><span class='ocrx_word' id='word_1_302' title='bbox 594 2983 711 3042; x_wconf 71' lang='lat' dir='ltr'>oua</span> <span class='ocrx_word' id='word_1_303' title='bbox 758 2984 814 3056; x_wconf 88' lang='lat'>6,</span> <span class='ocrx_word' id='word_1_304' title='bbox 839 2984 1025 3041; x_wconf 86' lang='grc'>7-8,</span> 
     </span>
    </p>

    <p class='ocr_par' dir='ltr' id='par_1_9' title="bbox 595 3065 3209 3239">
     <span class='ocr_line' id='line_1_32' title="bbox 776 3065 3209 3155; baseline 0.002 -26"><span class='ocrx_word' id='word_1_305' title='bbox 776 3074 892 3145; x_wconf 86' lang='grc'>6,8</span> <span class='ocrx_word' id='word_1_306' title='bbox 943 3087 974 3132; x_wconf 90' lang='grc' dir='ltr'>ε</span> <span class='ocrx_word' id='word_1_307' title='bbox 1021 3088 1085 3132; x_wconf 83' lang='grc'>(11</span> <span class='ocrx_word' id='word_1_308' title='bbox 1131 3088 1192 3132; x_wconf 86' lang='grc'>01</span> <span class='ocrx_word' id='word_1_309' title='bbox 1237 3073 1317 3148; x_wconf 85' lang='grc' dir='ltr'>Α,</span> <span class='ocrx_word' id='word_1_310' title='bbox 1371 3068 1402 3133; x_wconf 80' lang='grc' dir='ltr'>ἕ</span> <span class='ocrx_word' id='word_1_311' title='bbox 1448 3068 1513 3134; x_wconf 87' lang='grc' dir='ltr'>οἷ</span> <span class='ocrx_word' id='word_1_312' title='bbox 1556 3073 1622 3146; x_wconf 94' lang='lat' dir='ltr'>b,</span> <span class='ocrx_word' id='word_1_313' title='bbox 1670 3069 1700 3133; x_wconf 86' lang='grc' dir='ltr'>ἕ</span> <span class='ocrx_word' id='word_1_314' title='bbox 1746 3069 1935 3153; x_wconf 85' lang='grc' dir='ltr'>&lt;κ&gt;αὶ</span> <span class='ocrx_word' id='word_1_315' title='bbox 1982 3068 2047 3135; x_wconf 86' lang='grc' dir='ltr'>οἷ</span> <span class='ocrx_word' id='word_1_316' title='bbox 2090 3075 2185 3133; x_wconf 86' lang='lat' dir='ltr'>vel</span> <span class='ocrx_word' id='word_1_317' title='bbox 2235 3069 2265 3133; x_wconf 86' lang='grc' dir='ltr'>ἕ</span> <span class='ocrx_word' id='word_1_318' title='bbox 2309 3068 2336 3133; x_wconf 87' lang='grc' dir='ltr'>ἵ</span> <span class='ocrx_word' id='word_1_319' title='bbox 2382 3068 2445 3134; x_wconf 86' lang='grc' dir='ltr'>οἷ</span> <span class='ocrx_word' id='word_1_320' title='bbox 2500 3065 2601 3155; x_wconf 88' lang='lat' dir='ltr'>(cl.</span> <span class='ocrx_word' id='word_1_321' title='bbox 2653 3066 2849 3155; x_wconf 85' lang='lat'>8,18)</span> <span class='ocrx_word' id='word_1_322' title='bbox 2906 3075 3003 3133; x_wconf 84' lang='lat' dir='ltr'>vel</span> <span class='ocrx_word' id='word_1_323' title='bbox 3050 3069 3083 3134; x_wconf 84' lang='grc' dir='ltr'>ἕ</span> <span class='ocrx_word' id='word_1_324' title='bbox 3130 3068 3209 3135; x_wconf 85' lang='grc' dir='ltr'>οὗ</span> 
     </span>
     <span class='ocr_line' id='line_1_33' title="bbox 595 3155 1236 3239; baseline -0.002 -19"><span class='ocrx_word' id='word_1_325' title='bbox 595 3155 659 3220; x_wconf 88' lang='grc' dir='ltr'>οἷ</span> <span class='ocrx_word' id='word_1_326' title='bbox 704 3161 983 3239; x_wconf 85' lang='lat' dir='ltr'>Egenolff</span> <span class='ocrx_word' id='word_1_327' title='bbox 1022 3161 1053 3219; x_wconf 94' lang='lat' dir='ltr'>I</span> <span class='ocrx_word' id='word_1_328' title='bbox 1092 3162 1236 3221; x_wconf 84' lang='lat'>840.</span> 
     </span>
    </p>

    <p class='ocr_par' dir='ltr' id='par_1_10' title="bbox 585 3251 3215 3418">
     <span class='ocr_line' id='line_1_34' title="bbox 771 3251 3215 3327; baseline 0.002 -18"><span class='ocrx_word' id='word_1_329' title='bbox 771 3251 839 3324; x_wconf 84' lang='lat' dir='ltr'>d)</span> <span class='ocrx_word' id='word_1_330' title='bbox 895 3251 975 3311; x_wconf 88' lang='lat' dir='ltr'>Ut</span> <span class='ocrx_word' id='word_1_331' title='bbox 1016 3253 1373 3325; x_wconf 68' lang='lat' dir='ltr'>pronomina</span> <span class='ocrx_word' id='word_1_332' title='bbox 1415 3254 1652 3326; x_wconf 76' lang='lat' dir='ltr'>primae</span> <span class='ocrx_word' id='word_1_333' title='bbox 1695 3254 2005 3326; x_wconf 74' lang='lat' dir='ltr'>tertiaeque</span> <span class='ocrx_word' id='word_1_334' title='bbox 2040 3271 2359 3327; x_wconf 84' lang='lat' dir='ltr'>personae,</span> <span class='ocrx_word' id='word_1_335' title='bbox 2414 3255 2501 3312; x_wconf 80' lang='lat' dir='ltr'>ita</span> <span class='ocrx_word' id='word_1_336' title='bbox 2546 3254 2809 3320; x_wconf 72' lang='lat' dir='ltr'>articuli,</span> <span class='ocrx_word' id='word_1_337' title='bbox 2866 3255 2968 3327; x_wconf 78' lang='lat' dir='ltr'>qui</span> <span class='ocrx_word' id='word_1_338' title='bbox 3013 3255 3215 3313; x_wconf 73' lang='lat' dir='ltr'>tertiae</span> 
     </span>
     <span class='ocr_line' id='line_1_35' title="bbox 585 3340 3206 3418; baseline 0.002 -21"><span class='ocrx_word' id='word_1_339' title='bbox 585 3357 878 3413; x_wconf 80' lang='lat' dir='ltr'>personae</span> <span class='ocrx_word' id='word_1_340' title='bbox 922 3341 1212 3401; x_wconf 65' lang='lat' dir='ltr'>tribuenda?</span> <span class='ocrx_word' id='word_1_341' title='bbox 1252 3346 1404 3410; x_wconf 80' lang='lat' dir='ltr'>sunt,</span> <span class='ocrx_word' id='word_1_342' title='bbox 1450 3344 1727 3402; x_wconf 79' lang='lat' dir='ltr'>vocativis</span> <span class='ocrx_word' id='word_1_343' title='bbox 1762 3347 1962 3401; x_wconf 86' lang='lat' dir='ltr'>carent</span> <span class='ocrx_word' id='word_1_344' title='bbox 2010 3344 2067 3416; x_wconf 87' lang='lat'>6,</span> <span class='ocrx_word' id='word_1_345' title='bbox 2089 3343 2302 3402; x_wconf 87' lang='grc'>8--11</span> <span class='ocrx_word' id='word_1_346' title='bbox 2404 3340 2491 3400; x_wconf 83' lang='lat' dir='ltr'>Cf.</span> <span class='ocrx_word' id='word_1_347' title='bbox 2521 3341 2701 3403; x_wconf 89' lang='lat' dir='ltr'>Prisc.</span> <span class='ocrx_word' id='word_1_348' title='bbox 2732 3342 2881 3401; x_wconf 86' lang='lat' dir='ltr'>XIII</span> <span class='ocrx_word' id='word_1_349' title='bbox 2907 3363 2964 3418; x_wconf 93' lang='lat' dir='ltr'>p.</span> <span class='ocrx_word' id='word_1_350' title='bbox 3001 3344 3102 3417; x_wconf 91' lang='lat'>11,</span> <span class='ocrx_word' id='word_1_351' title='bbox 3127 3345 3206 3403; x_wconf 87' lang='grc'>19</span> 
     </span>
    </p>

    <p class='ocr_par' dir='ltr' id='par_1_11' title="bbox 691 3431 913 3502">
     <span class='ocr_line' id='line_1_36' title="bbox 691 3431 913 3502; baseline -0.005 -15"><span class='ocrx_word' id='word_1_352' title='bbox 691 3431 791 3502; x_wconf 83' lang='lat'>12,</span> <span class='ocrx_word' id='word_1_353' title='bbox 816 3431 913 3487; x_wconf 84' lang='lat'>16.</span> 
     </span>
    </p>

    <p class='ocr_par' dir='ltr' id='par_1_12' title="bbox 597 3514 3203 3686">
     <span class='ocr_line' id='line_1_37' title="bbox 775 3514 3203 3599; baseline 0.002 -24"><span class='ocrx_word' id='word_1_354' title='bbox 775 3519 940 3593; x_wconf 89' lang='grc'>6,10</span> <span class='ocrx_word' id='word_1_355' title='bbox 986 3515 1062 3579; x_wconf 87' lang='grc' dir='ltr'>τὸ</span> <span class='ocrx_word' id='word_1_356' title='bbox 1108 3515 1230 3594; x_wconf 84' lang='grc' dir='ltr'>γὰρ</span> <span class='ocrx_word' id='word_1_357' title='bbox 1278 3514 1331 3578; x_wconf 84' lang='grc' dir='ltr'>ὦ</span> <span class='ocrx_word' id='word_1_358' title='bbox 1380 3515 1498 3581; x_wconf 87' lang='grc' dir='ltr'>οὐκ</span> <span class='ocrx_word' id='word_1_359' title='bbox 1545 3515 1813 3599; x_wconf 84' lang='grc' dir='ltr'>ἄρθρον]</span> <span class='ocrx_word' id='word_1_360' title='bbox 1862 3540 2030 3598; x_wconf 89' lang='lat' dir='ltr'>pron.</span> <span class='ocrx_word' id='word_1_361' title='bbox 2082 3523 2315 3596; x_wconf 84' lang='lat'>14‚18;</span> <span class='ocrx_word' id='word_1_362' title='bbox 2367 3523 2735 3596; x_wconf 82' lang='lat'>21‚4-25;</span> <span class='ocrx_word' id='word_1_363' title='bbox 2780 3525 2934 3598; x_wconf 84' lang='lat' dir='ltr'>synt.</span> <span class='ocrx_word' id='word_1_364' title='bbox 2979 3523 3080 3594; x_wconf 87' lang='grc'>24,</span> <span class='ocrx_word' id='word_1_365' title='bbox 3104 3523 3203 3580; x_wconf 91' lang='grc'>20.</span> 
     </span>
     <span class='ocr_line' id='line_1_38' title="bbox 597 3608 2055 3686; baseline 0.002 -22"><span class='ocrx_word' id='word_1_366' title='bbox 597 3608 804 3680; x_wconf 83' lang='grc'>46,18</span> <span class='ocrx_word' id='word_1_367' title='bbox 835 3626 919 3683; x_wconf 89' lang='lat' dir='ltr'>sq.</span> <span class='ocrx_word' id='word_1_368' title='bbox 971 3610 1075 3684; x_wconf 84' lang='grc'>52,</span> <span class='ocrx_word' id='word_1_369' title='bbox 1097 3610 1196 3668; x_wconf 87' lang='grc'>24.</span> <span class='ocrx_word' id='word_1_370' title='bbox 1247 3609 1483 3685; x_wconf 80' lang='lat'>63,17;</span> <span class='ocrx_word' id='word_1_371' title='bbox 1529 3610 1666 3669; x_wconf 89' lang='lat' dir='ltr'>Her.</span> <span class='ocrx_word' id='word_1_372' title='bbox 1713 3610 1745 3667; x_wconf 97' lang='lat' dir='ltr'>I</span> <span class='ocrx_word' id='word_1_373' title='bbox 1784 3611 1933 3686; x_wconf 84' lang='grc'>536,</span> <span class='ocrx_word' id='word_1_374' title='bbox 1956 3611 2055 3669; x_wconf 89' lang='grc'>36.</span> 
     </span>
    </p>

    <p class='ocr_par' dir='ltr' id='par_1_13' title="bbox 584 3696 3212 3864">
     <span class='ocr_line' id='line_1_39' title="bbox 773 3696 3212 3773; baseline 0.002 -18"><span class='ocrx_word' id='word_1_375' title='bbox 773 3696 829 3771; x_wconf 89' lang='lat' dir='ltr'>e)</span> <span class='ocrx_word' id='word_1_376' title='bbox 894 3697 1240 3757; x_wconf 76' lang='lat' dir='ltr'>Maseubina</span> <span class='ocrx_word' id='word_1_377' title='bbox 1297 3717 1446 3773; x_wconf 86' lang='lat' dir='ltr'>quae</span> <span class='ocrx_word' id='word_1_378' title='bbox 1501 3701 1857 3759; x_wconf 66' lang='lat' dir='ltr'>nominativo</span> <span class='ocrx_word' id='word_1_379' title='bbox 1918 3718 2061 3760; x_wconf 80' lang='lat' dir='ltr'>casu</span> <span class='ocrx_word' id='word_1_380' title='bbox 2122 3703 2188 3759; x_wconf 81' lang='lat' dir='ltr'>in</span> <span class='ocrx_word' id='word_1_381' title='bbox 2260 3701 2514 3759; x_wconf 73' lang='lat' dir='ltr'>vocalem</span> <span class='ocrx_word' id='word_1_382' title='bbox 2572 3701 2844 3761; x_wconf 81' lang='lat' dir='ltr'>desinant</span> <span class='ocrx_word' id='word_1_383' title='bbox 2898 3717 3019 3759; x_wconf 88' lang='lat' dir='ltr'>non</span> <span class='ocrx_word' id='word_1_384' title='bbox 3070 3704 3212 3759; x_wconf 78' lang='lat' dir='ltr'>sunt</span> 
     </span>
     <span class='ocr_line' id='line_1_40' title="bbox 584 3783 2498 3864; baseline 0.002 -20"><span class='ocrx_word' id='word_1_385' title='bbox 584 3789 827 3860; x_wconf 84' lang='lat' dir='ltr'>praeter</span> <span class='ocrx_word' id='word_1_386' title='bbox 858 3790 1217 3860; x_wconf 83' lang='lat' dir='ltr'>pronomina</span> <span class='ocrx_word' id='word_1_387' title='bbox 1261 3789 1549 3861; x_wconf 80' lang='lat' dir='ltr'>quaedam</span> <span class='ocrx_word' id='word_1_388' title='bbox 1595 3793 1648 3848; x_wconf 85' lang='lat' dir='ltr'>et</span> <span class='ocrx_word' id='word_1_389' title='bbox 1691 3783 1729 3849; x_wconf 86' lang='grc' dir='ltr'><em>ὅ</em></span> <span class='ocrx_word' id='word_1_390' title='bbox 1777 3790 2091 3849; x_wconf 72' lang='lat' dir='ltr'>articulum</span> <span class='ocrx_word' id='word_1_391' title='bbox 2138 3791 2498 3864; x_wconf 86' lang='lat'>6,11-12.</span> 
     </span>
    </p>

    <p class='ocr_par' dir='ltr' id='par_1_14' title="bbox 594 3876 3216 4132">
     <span class='ocr_line' id='line_1_41' title="bbox 770 3876 3216 3952; baseline 0.001 -16"><span class='ocrx_word' id='word_1_392' title='bbox 770 3876 835 3950; x_wconf 83' lang='lat' dir='ltr'>f)</span> <span class='ocrx_word' id='word_1_393' title='bbox 896 3876 1192 3937; x_wconf 85' lang='lat' dir='ltr'>Vocabula</span> <span class='ocrx_word' id='word_1_394' title='bbox 1231 3896 1348 3952; x_wconf 82' lang='lat' dir='ltr'>per</span> <span class='ocrx_word' id='word_1_395' title='bbox 1402 3880 1692 3952; x_wconf 71' lang='lat' dir='ltr'>epectasin</span> <span class='ocrx_word' id='word_1_396' title='bbox 1743 3878 1905 3952; x_wconf 80' lang='lat' dir='ltr'>facta</span> <span class='ocrx_word' id='word_1_397' title='bbox 1960 3880 2144 3937; x_wconf 77' lang='lat' dir='ltr'>eidem</span> <span class='ocrx_word' id='word_1_398' title='bbox 2200 3880 2481 3938; x_wconf 78' lang='lat' dir='ltr'>orationis</span> <span class='ocrx_word' id='word_1_399' title='bbox 2530 3881 2700 3952; x_wconf 75' lang='lat' dir='ltr'>parti</span> <span class='ocrx_word' id='word_1_400' title='bbox 2744 3879 2987 3938; x_wconf 68' lang='lat' dir='ltr'>attribue·</span> <span class='ocrx_word' id='word_1_401' title='bbox 3032 3879 3216 3938; x_wconf 77' lang='lat' dir='ltr'>solent</span> 
     </span>
     <span class='ocr_line' id='line_1_42' title="bbox 595 3962 3213 4042; baseline 0.001 -18"><span class='ocrx_word' id='word_1_402' title='bbox 595 3969 767 4039; x_wconf 87' lang='lat' dir='ltr'>atque</span> <span class='ocrx_word' id='word_1_403' title='bbox 813 3982 899 4034; x_wconf 88' lang='lat' dir='ltr'>ea,</span> <span class='ocrx_word' id='word_1_404' title='bbox 947 3984 1016 4025; x_wconf 74' lang='lat' dir='ltr'>ex</span> <span class='ocrx_word' id='word_1_405' title='bbox 1059 3968 1269 4041; x_wconf 81' lang='lat' dir='ltr'>quibus</span> <span class='ocrx_word' id='word_1_406' title='bbox 1313 3973 1444 4027; x_wconf 88' lang='lat' dir='ltr'>orta</span> <span class='ocrx_word' id='word_1_407' title='bbox 1487 3971 1652 4026; x_wconf 73' lang='lat' dir='ltr'>sunt:</span> <span class='ocrx_word' id='word_1_408' title='bbox 1694 3969 1819 4026; x_wconf 71' lang='lat' dir='ltr'>iam</span> <span class='ocrx_word' id='word_1_409' title='bbox 1861 3969 1994 4027; x_wconf 78' lang='lat' dir='ltr'>vide</span> <span class='ocrx_word' id='word_1_410' title='bbox 2041 3962 2172 4027; x_wconf 86' lang='grc' dir='ltr'>ὅδε</span> <span class='ocrx_word' id='word_1_411' title='bbox 2219 3972 2272 4026; x_wconf 83' lang='lat' dir='ltr'>et</span> <span class='ocrx_word' id='word_1_412' title='bbox 2312 3962 2544 4029; x_wconf 70' lang='grc' dir='ltr'>ὀὗτος</span> <span class='ocrx_word' id='word_1_413' title='bbox 2590 3969 3046 4027; x_wconf 70' lang='lat' dir='ltr'>demomtrativa</span> <span class='ocrx_word' id='word_1_414' title='bbox 3071 3986 3213 4042; x_wconf 86' lang='lat' dir='ltr'>pro-</span> 
     </span>
     <span class='ocr_line' id='line_1_43' title="bbox 594 4049 3121 4132; baseline 0.001 -19"><span class='ocrx_word' id='word_1_415' title='bbox 594 4057 838 4114; x_wconf 81' lang='lat' dir='ltr'>nomina</span> <span class='ocrx_word' id='word_1_416' title='bbox 884 4074 952 4113; x_wconf 78' lang='lat' dir='ltr'>ex</span> <span class='ocrx_word' id='word_1_417' title='bbox 998 4049 1037 4115; x_wconf 88' lang='grc' dir='ltr'>ὅ</span> <span class='ocrx_word' id='word_1_418' title='bbox 1083 4057 1345 4125; x_wconf 68' lang='lat' dir='ltr'>artie-ido,</span> <span class='ocrx_word' id='word_1_419' title='bbox 1394 4056 1621 4117; x_wconf 81' lang='grc' dir='ltr'>τοῦδε</span> <span class='ocrx_word' id='word_1_420' title='bbox 1667 4052 1948 4118; x_wconf 87' lang='grc' dir='ltr'>τούτου</span> <span class='ocrx_word' id='word_1_421' title='bbox 1998 4074 2067 4116; x_wconf 76' lang='lat' dir='ltr'>ex</span> <span class='ocrx_word' id='word_1_422' title='bbox 2112 4056 2246 4117; x_wconf 84' lang='grc' dir='ltr'>τοῦ</span> <span class='ocrx_word' id='word_1_423' title='bbox 2293 4059 2538 4117; x_wconf 73' lang='lat' dir='ltr'>articulo</span> <span class='ocrx_word' id='word_1_424' title='bbox 2584 4062 2713 4117; x_wconf 83' lang='lat' dir='ltr'>orta</span> <span class='ocrx_word' id='word_1_425' title='bbox 2762 4057 3121 4132; x_wconf 86' lang='grc'>6,12-18.</span> 
     </span>
    </p>

    <p class='ocr_par' dir='ltr' id='par_1_15' title="bbox 595 4142 3215 4310">
     <span class='ocr_line' id='line_1_44' title="bbox 767 4142 3215 4221; baseline 0 -16"><span class='ocrx_word' id='word_1_426' title='bbox 767 4142 835 4218; x_wconf 76' lang='lat' dir='ltr'>q)</span> <span class='ocrx_word' id='word_1_427' title='bbox 902 4145 1206 4218; x_wconf 79' lang='lat' dir='ltr'>Quaedam</span> <span class='ocrx_word' id='word_1_428' title='bbox 1248 4148 1608 4219; x_wconf 78' lang='lat' dir='ltr'>pronomina</span> <span class='ocrx_word' id='word_1_429' title='bbox 1649 4164 1837 4205; x_wconf 83' lang='lat' dir='ltr'>unam</span> <span class='ocrx_word' id='word_1_430' title='bbox 1872 4164 2193 4221; x_wconf 87' lang='lat' dir='ltr'>personam</span> <span class='ocrx_word' id='word_1_431' title='bbox 2236 4147 2503 4206; x_wconf 80' lang='lat' dir='ltr'>indicant</span> <span class='ocrx_word' id='word_1_432' title='bbox 2549 4150 2602 4206; x_wconf 84' lang='lat' dir='ltr'>et</span> <span class='ocrx_word' id='word_1_433' title='bbox 2642 4151 2856 4205; x_wconf 87' lang='lat' dir='ltr'>neutra</span> <span class='ocrx_word' id='word_1_434' title='bbox 2902 4164 3106 4206; x_wconf 80' lang='lat' dir='ltr'>earum</span> <span class='ocrx_word' id='word_1_435' title='bbox 3148 4148 3215 4205; x_wconf 76' lang='lat' dir='ltr'>in</span> 
     </span>
     <span class='ocr_line' id='line_1_45' title="bbox 595 4231 2527 4310; baseline -0.001 -16"><span class='ocrx_word' id='word_1_436' title='bbox 595 4231 636 4294; x_wconf 80' lang='grc' dir='ltr'><em>ὅ</em></span> <span class='ocrx_word' id='word_1_437' title='bbox 681 4237 912 4292; x_wconf 67' lang='lat' dir='ltr'>exezwtt:</span> <span class='ocrx_word' id='word_1_438' title='bbox 956 4235 1109 4293; x_wconf 77' lang='lat' dir='ltr'>idem</span> <span class='ocrx_word' id='word_1_439' title='bbox 1152 4235 1462 4294; x_wconf 80' lang='lat' dir='ltr'>dicendum</span> <span class='ocrx_word' id='word_1_440' title='bbox 1508 4239 1590 4293; x_wconf 87' lang='lat' dir='ltr'>est</span> <span class='ocrx_word' id='word_1_441' title='bbox 1633 4235 1704 4294; x_wconf 89' lang='lat' dir='ltr'>de</span> <span class='ocrx_word' id='word_1_442' title='bbox 1748 4231 1825 4294; x_wconf 86' lang='grc' dir='ltr'>τό</span> <span class='ocrx_word' id='word_1_443' title='bbox 1874 4236 2119 4295; x_wconf 73' lang='lat' dir='ltr'>artimao</span> <span class='ocrx_word' id='word_1_444' title='bbox 2168 4236 2527 4310; x_wconf 87' lang='grc'>6,18-19.</span> 
     </span>
    </p>

    <p class='ocr_par' dir='ltr' id='par_1_16' title="bbox 594 4318 3218 4491">
     <span class='ocr_line' id='line_1_46' title="bbox 772 4318 3210 4403; baseline 0.001 -23"><span class='ocrx_word' id='word_1_445' title='bbox 772 4322 1054 4382; x_wconf 86' lang='lat' dir='ltr'>Hoersch.</span> <span class='ocrx_word' id='word_1_446' title='bbox 1103 4325 1259 4382; x_wconf 83' lang='lat'>374:</span> <span class='ocrx_word' id='word_1_447' title='bbox 1322 4318 1560 4383; x_wconf 65' lang='lat' dir='ltr'>‘Dieses</span> <span class='ocrx_word' id='word_1_448' title='bbox 1605 4324 1941 4401; x_wconf 86' lang='lat' dir='ltr'>Argument</span> <span class='ocrx_word' id='word_1_449' title='bbox 1992 4325 2159 4384; x_wconf 65' lang='lat' dir='ltr'>hatte</span> <span class='ocrx_word' id='word_1_450' title='bbox 2204 4325 2317 4401; x_wconf 89' lang='lat' dir='ltr'>Ap.</span> <span class='ocrx_word' id='word_1_451' title='bbox 2365 4325 2532 4384; x_wconf 88' lang='lat' dir='ltr'>nicht</span> <span class='ocrx_word' id='word_1_452' title='bbox 2587 4324 3064 4402; x_wconf 83' lang='lat' dir='ltr'>unangefoehten</span> <span class='ocrx_word' id='word_1_453' title='bbox 3112 4343 3210 4403; x_wconf 86' lang='lat' dir='ltr'>ge·</span> 
     </span>
     <span class='ocr_line' id='line_1_47' title="bbox 594 4411 3218 4491; baseline 0.002 -22"><span class='ocrx_word' id='word_1_454' title='bbox 594 4411 820 4487; x_wconf 88' lang='lat' dir='ltr'>lassen,</span> <span class='ocrx_word' id='word_1_455' title='bbox 885 4432 1057 4472; x_wconf 86' lang='lat' dir='ltr'>wenn</span> <span class='ocrx_word' id='word_1_456' title='bbox 1112 4431 1174 4471; x_wconf 89' lang='lat' dir='ltr'>es</span> <span class='ocrx_word' id='word_1_457' title='bbox 1228 4432 1294 4472; x_wconf 87' lang='lat' dir='ltr'>so</span> <span class='ocrx_word' id='word_1_458' title='bbox 1349 4414 1616 4491; x_wconf 83' lang='lat' dir='ltr'>gelantet</span> <span class='ocrx_word' id='word_1_459' title='bbox 1669 4414 1861 4488; x_wconf 69' lang='grc' dir='ltr'>111111ος</span> <span class='ocrx_word' id='word_1_460' title='bbox 1928 4412 2082 4473; x_wconf 87' lang='grc'>(101111</span> <span class='ocrx_word' id='word_1_461' title='bbox 2144 4415 2297 4473; x_wconf 87' lang='lat' dir='ltr'>nach</span> <span class='ocrx_word' id='word_1_462' title='bbox 2352 4414 2478 4474; x_wconf 92' lang='lat' dir='ltr'>ihm</span> <span class='ocrx_word' id='word_1_463' title='bbox 2532 4414 2666 4473; x_wconf 88' lang='lat' dir='ltr'>sind</span> <span class='ocrx_word' id='word_1_464' title='bbox 2712 4414 2808 4473; x_wconf 91' lang='lat' dir='ltr'>die</span> <span class='ocrx_word' id='word_1_465' title='bbox 2854 4413 3218 4473; x_wconf 86' lang='lat' dir='ltr'>Pronomina</span> 
     </span>
    </p>
   </div>
   <div class='ocr_carea' id='block_1_3' title="bbox 459 4499 3212 4593">
    <p class='ocr_par' dir='ltr' id='par_1_17' title="bbox 459 4499 3212 4593">
     <span class='ocr_line' id='line_1_48' title="bbox 459 4499 3212 4593; baseline 0.001 -34"><span class='ocrx_word' id='word_1_466' title='bbox 459 4568 480 4593; x_wconf 49' lang='grc' dir='ltr'><strong><em>ο</em></strong></span> <span class='ocrx_word' id='word_1_467' title='bbox 594 4501 790 4560; x_wconf 83' lang='lat' dir='ltr'>weder</span> <span class='ocrx_word' id='word_1_468' title='bbox 835 4501 1201 4561; x_wconf 81' lang='lat' dir='ltr'>schlechthin</span> <span class='ocrx_word' id='word_1_469' title='bbox 1248 4499 1747 4578; x_wconf 77' lang='grc' dir='ltr'>μονοπρόεωποι</span> <span class='ocrx_word' id='word_1_470' title='bbox 1779 4503 1944 4563; x_wconf 73' lang='lat' dir='ltr'>,noch</span> <span class='ocrx_word' id='word_1_471' title='bbox 1990 4503 2241 4582; x_wconf 84' lang='lat' dir='ltr'>endigen</span> <span class='ocrx_word' id='word_1_472' title='bbox 2288 4505 2374 4563; x_wconf 90' lang='lat' dir='ltr'>sie</span> <span class='ocrx_word' id='word_1_473' title='bbox 2421 4503 2788 4563; x_wconf 85' lang='lat' dir='ltr'>sehlechthin</span> <span class='ocrx_word' id='word_1_474' title='bbox 2827 4503 2935 4561; x_wconf 88' lang='lat' dir='ltr'>auf</span> <span class='ocrx_word' id='word_1_475' title='bbox 2976 4501 3031 4574; x_wconf 79' lang='grc' dir='ltr'>ὃ,</span> <span class='ocrx_word' id='word_1_476' title='bbox 3078 4521 3212 4563; x_wconf 88' lang='grc'>3011-</span> 
     </span>
    </p>
   </div>
   <div class='ocr_carea' id='block_1_4' title="bbox 595 4589 3212 4939">
    <p class='ocr_par' dir='ltr' id='par_1_18' title="bbox 595 4589 3212 4939">
     <span class='ocr_line' id='line_1_49' title="bbox 598 4589 3212 4671; baseline 0.002 -24"><span class='ocrx_word' id='word_1_477' title='bbox 598 4589 742 4650; x_wconf 88' lang='lat' dir='ltr'>dern</span> <span class='ocrx_word' id='word_1_478' title='bbox 797 4609 858 4651; x_wconf 89' lang='lat' dir='ltr'>es</span> <span class='ocrx_word' id='word_1_479' title='bbox 913 4590 1078 4669; x_wconf 87' lang='lat' dir='ltr'>giebt</span> <span class='ocrx_word' id='word_1_480' title='bbox 1128 4592 1279 4650; x_wconf 86' lang='lat' dir='ltr'>auch</span> <span class='ocrx_word' id='word_1_481' title='bbox 1324 4589 1720 4666; x_wconf 76' lang='lat' dir='ltr'>butpocumot</span> <span class='ocrx_word' id='word_1_482' title='bbox 1766 4592 1890 4650; x_wconf 90' lang='lat' dir='ltr'>und</span> <span class='ocrx_word' id='word_1_483' title='bbox 1933 4593 2148 4670; x_wconf 87' lang='lat' dir='ltr'>gerade</span> <span class='ocrx_word' id='word_1_484' title='bbox 2196 4592 2354 4652; x_wconf 88' lang='lat' dir='ltr'>diese</span> <span class='ocrx_word' id='word_1_485' title='bbox 2401 4593 2651 4671; x_wconf 89' lang='lat' dir='ltr'>endigen</span> <span class='ocrx_word' id='word_1_486' title='bbox 2701 4593 2811 4651; x_wconf 80' lang='lat' dir='ltr'>auf</span> <span class='ocrx_word' id='word_1_487' title='bbox 2850 4608 2944 4653; x_wconf 85' lang='lat' dir='ltr'>ov.</span> <span class='ocrx_word' id='word_1_488' title='bbox 3036 4592 3212 4651; x_wconf 89' lang='lat' dir='ltr'>Also:</span> 
     </span>
     <span class='ocr_line' id='line_1_50' title="bbox 595 4676 3212 4760; baseline 0.001 -23"><span class='ocrx_word' id='word_1_489' title='bbox 595 4698 792 4738; x_wconf 84' lang='lat' dir='ltr'>wenn</span> <span class='ocrx_word' id='word_1_490' title='bbox 838 4678 933 4739; x_wconf 89' lang='lat' dir='ltr'>die</span> <span class='ocrx_word' id='word_1_491' title='bbox 978 4680 1342 4741; x_wconf 83' lang='lat' dir='ltr'>Pronomina</span> <span class='ocrx_word' id='word_1_492' title='bbox 1388 4697 1655 4756; x_wconf 88' lang='grc' dir='ltr'>μονοπρ.</span> <span class='ocrx_word' id='word_1_493' title='bbox 1704 4680 1863 4757; x_wconf 87' lang='lat' dir='ltr'>sind,</span> <span class='ocrx_word' id='word_1_494' title='bbox 1931 4680 2115 4740; x_wconf 89' lang='lat' dir='ltr'>dann</span> <span class='ocrx_word' id='word_1_495' title='bbox 2171 4682 2422 4760; x_wconf 88' lang='lat' dir='ltr'>endigen</span> <span class='ocrx_word' id='word_1_496' title='bbox 2470 4684 2554 4742; x_wconf 86' lang='lat' dir='ltr'>sie</span> <span class='ocrx_word' id='word_1_497' title='bbox 2618 4676 2826 4760; x_wconf 89' lang='lat' dir='ltr'>[immo</span> <span class='ocrx_word' id='word_1_498' title='bbox 2872 4702 3012 4740; x_wconf 87' lang='lat' dir='ltr'>vero</span> <span class='ocrx_word' id='word_1_499' title='bbox 3061 4676 3212 4740; x_wconf 69' lang='lat' dir='ltr'>‘ihre</span> 
     </span>
     <span class='ocr_line' id='line_1_51' title="bbox 595 4762 3212 4852; baseline 0.002 -26"><span class='ocrx_word' id='word_1_500' title='bbox 595 4762 876 4847; x_wconf 84' lang='lat' dir='ltr'>Neutra&#39;]</span> <span class='ocrx_word' id='word_1_501' title='bbox 927 4770 1077 4829; x_wconf 82' lang='lat' dir='ltr'>auch</span> <span class='ocrx_word' id='word_1_502' title='bbox 1123 4771 1233 4829; x_wconf 81' lang='lat' dir='ltr'>auf</span> <span class='ocrx_word' id='word_1_503' title='bbox 1271 4768 1335 4831; x_wconf 73' lang='grc' dir='ltr'>’ὃς</span> <span class='ocrx_word' id='word_1_504' title='bbox 1385 4770 2004 4846; x_wconf 76' lang='grc' dir='ltr'>μονοπροεωποῦεαι</span> <span class='ocrx_word' id='word_1_505' title='bbox 2051 4767 2153 4831; x_wconf 86' lang='grc' dir='ltr'>καὶ</span> <span class='ocrx_word' id='word_1_506' title='bbox 2200 4766 2288 4832; x_wconf 76' lang='grc' dir='ltr'>εἰ(</span> <span class='ocrx_word' id='word_1_507' title='bbox 2335 4769 2373 4832; x_wconf 81' lang='grc' dir='ltr'><em>ὃ</em></span> <span class='ocrx_word' id='word_1_508' title='bbox 2421 4769 2698 4846; x_wconf 80' lang='grc' dir='ltr'>λήγουει.</span> <span class='ocrx_word' id='word_1_509' title='bbox 2785 4764 3006 4852; x_wconf 87' lang='lat' dir='ltr'>(Wenn</span> <span class='ocrx_word' id='word_1_510' title='bbox 3043 4771 3212 4831; x_wconf 87' lang='lat' dir='ltr'>nicht</span> 
     </span>
     <span class='ocr_line' id='line_1_52' title="bbox 595 4854 3199 4939; baseline 0.001 -23"><span class='ocrx_word' id='word_1_511' title='bbox 595 4858 749 4917; x_wconf 84' lang='lat' dir='ltr'>nach</span> <span class='ocrx_word' id='word_1_512' title='bbox 784 4860 938 4934; x_wconf 82' lang='lat' dir='ltr'>synt.</span> <span class='ocrx_word' id='word_1_513' title='bbox 972 4862 1116 4936; x_wconf 84' lang='lat'>149,</span> <span class='ocrx_word' id='word_1_514' title='bbox 1139 4864 1220 4919; x_wconf 82' lang='lat'>22</span> <span class='ocrx_word' id='word_1_515' title='bbox 1261 4857 1757 4935; x_wconf 78' lang='grc' dir='ltr'>μονοπρόεωποι</span> <span class='ocrx_word' id='word_1_516' title='bbox 1795 4854 2047 4939; x_wconf 81' lang='grc' dir='ltr'>οὗ(αι)’.</span> <span class='ocrx_word' id='word_1_517' title='bbox 2138 4860 2320 4939; x_wconf 55' lang='lat' dir='ltr'>Fugit</span> <span class='ocrx_word' id='word_1_518' title='bbox 2355 4861 2978 4935; x_wconf 75' lang='lat' dir='ltr'>Hoemchelmannum,</span> <span class='ocrx_word' id='word_1_519' title='bbox 3015 4860 3199 4938; x_wconf 86' lang='lat' dir='ltr'>Apol-</span> 
     </span>
    </p>
   </div>
  </div>
 </body>
</html>
