3738 5530
634 307 763 376 184
834 305 1277 364 Commentariun
1304 306 1531 362 criticus
1559 306 1619 361 et
1644 305 1967 376 exegeticus
1993 304 2055 360 in
2080 303 2369 376 Apollonii
2395 304 2627 374 Dyscoli
2653 304 2868 375 scripta
2891 305 3126 360 minora.

812 478 1061 552 169,12
1116 478 1197 536 Ni
1252 476 1455 551 fallor,
1507 494 1617 554 pro
1672 470 1752 536 οὐ
1805 473 2165 550 προφανῶς
2220 468 2757 550 ἐπιδεξάμενον
2807 470 2928 549 τὴν
2982 491 3237 550 προκει-

631 564 827 643 μένην
872 563 1257 643 ὀνοματικὴν
1301 559 1657 640 τριγένειαν
1702 564 2076 625 scribendum
2121 566 2213 623 est
2258 559 2851 639 ἐπιδειξάμενονε
2901 560 3093 641 ἄφνω
3138 584 3240 643 per

629 653 838 718 πάθος
897 658 1095 717 ortum
1150 674 1271 714 non
1328 655 1688 733 patefacit
1745 653 2039 731 originem
2096 653 2233 713 duci
2292 672 2330 713 a
2387 654 2625 715 nomine
2684 655 2868 714 trium
2928 675 3241 733 generum3

632 750 841 807 contra
897 739 1088 821 ἄφνω
1134 745 1238 822 qui
1282 746 1481 821 potest
1527 739 1922 805 ἐπιδέξαςθαι
1967 739 2085 819 τὴν
2129 740 2553 819 προκειμένην
2600 738 2989 819 ὀνοματικὴν
3034 741 3238 820 τριγέ·

631 834 851 897 νειανῬ
898 836 969 895 cf.
1000 838 1157 912 synt.
1188 834 1334 909 133,
1357 836 1438 893 14
1477 828 1596 895 οὐκ
1642 826 1854 894 ἄλλως
1893 826 2045 893 οὔτε
2089 827 2463 907 πλεόναςμά
2507 849 2602 894 τις
2650 828 3043 908 ἐπινοήςειεν
3088 828 3240 896 οὔτε

632 921 899 997 ἔνδειαν,
939 919 993 984 εἰ
1031 921 1112 1000 μὴ
1150 920 1473 999 πρότερον
1499 918 1539 996 ἡ
1569 920 1758 998 φωνὴ
1787 917 2146 997 ὁλόκληρος
2183 917 2680 996 ἐπιδειχθείη,
2717 917 2826 983 ἵνα
2862 920 2940 984 τὸ
2978 919 3238 995 ἐγγενό-

633 1031 830 1091 μενον
866 1009 1074 1075 πάθος
1111 1009 1187 1073 τὸ
1225 1007 1451 1087 ἕτερον
1489 1006 1938 1087 ἀποτρίψηται,
1977 1007 2148 1083 λέγω
2177 1007 2295 1087 τὴν
2323 1006 2576 1072 ἔνδειαν
2603 1008 2642 1084 ἢ
2673 1009 2788 1073 τὸν
2816 1010 3239 1088 πλεοναςμόν.

812 1103 1062 1180 169,15
1110 1103 1180 1162 cf.
1220 1104 1374 1179 synt
1414 1092 2075 1182 34o‚18—-344‚6*);
2122 1100 2265 1160 Lob.
2305 1100 2418 1160 ΕΠ.
2456 1101 2487 1160 Ι
2536 1103 2680 1161 222.

813 1194 959 1268 169,
981 1195 1062 1251 17
1102 1186 1440 1270 μοναδικά]
1479 1210 1550 1252 ea
1585 1190 1862 1250 videntur
1906 1190 2024 1250 dici
2068 1190 2366 1267 adverbia,
2412 1210 2566 1266 quae
2612 1209 2649 1250 a
2684 1191 3022 1252 nominibus
3068 1192 3242 1252 unius

629 1284 1067 1343 terminationis
1112 1282 1477 1356 derivantur,
1521 1282 1591 1339 ut
1635 1276 1806 1360 τόνῳ
1854 1281 2012 1355 sim.;
2057 1279 2132 1340 ad
2177 1299 2344 1356 pron.
2379 1282 2479 1356 11,
2502 1282 2602 1339 29.
2696 1279 2813 1340 Sed
2857 1299 2992 1340 cum
3036 1281 3244 1341 eadem

631 1374 725 1433 lex
780 1374 962 1432 etiam
1016 1370 1088 1431 de
1143 1372 1228 1431 eis
1292 1369 1585 1430 adverbiis
1641 1370 1868 1444 valeat,
1932 1388 2085 1446 quae
2140 1388 2175 1427 a
2227 1369 2768 1446 praepositionibus
2833 1369 3243 1447 adverbiisque

632 1462 976 1522 derivantur
1020 1451 1200 1542 (165,
1223 1461 1305 1519 20
1318 1450 1496 1541 sqq.)‚
1539 1460 1752 1519 haereo
1797 1460 1861 1517 in
1908 1453 2218 1533 μοναδικά
2262 1458 2456 1519 verbo.
2553 1458 2790 1519 Conieci
2832 1455 3003 1538 (μὴ)
3047 1476 3242 1536 μονα-

632 1547 775 1612 δικὰ
829 1546 1013 1611 ὄνταε
1078 1544 1173 1610 ‘ea
1226 1549 1357 1609 dico
1418 1548 1699 1610 adverbia
1752 1566 1906 1625 quae
1964 1566 2103 1608 non
2162 1551 2303 1609 sunt
2356 1543 2728 1628 singularia’,
2788 1552 2858 1608 ut
2910 1552 3051 1609 sunt
3109 1545 3241 1611 ἑπι-

636 1637 840 1716 ςχερώ
887 1634 982 1700 ἰώ.

816 1730 1064 1805 169,19
1101 1731 1239 1806 post
1274 1723 1523 1801 ἐδείχθη
1561 1726 1876 1787 inserenda
1915 1744 2040 1787 esse
2068 1745 2275 1787 censeo
2303 1747 2456 1804 quae
2485 1728 2617 1788 adv
2644 1728 2791 1803 195,
2814 1729 3139 1803 23-196,
3162 1731 3237 1787 11

635 1822 931 1898 leguntur.
1006 1817 1077 1876 V.
1117 1821 1289 1896 epim.

628 1908 644 1931 '
811 1900 873 1991 f)
918 1904 1218 1969 Adverbia
1251 1925 1318 1967 m
1355 1921 1443 1967 ως
1480 1909 1769 1966 cmmmmi
1809 1922 1927 1966 usu
1960 1910 2188 1982 recepta
2229 1910 2334 1966 aut
2376 1907 2661 1983 boerytona
2695 1911 2802 1968 aut
2834 1909 3247 1982 pericpomena

632 2002 784 2060 sumt.
868 1996 2513 2074 eammreymetivwnpwralmeorumnomnum,
2561 1997 3245 2071 equibus-factasunt,

631 2090 967 2163 sequwnmr.
1061 2087 1251 2162 Quwm
1295 2087 1472 2161 legem
1524 2103 1725 2145 veram
1779 2102 1899 2145 esse
1943 2089 2190 2161 apparet
2235 2089 2288 2144 et
2331 2103 2401 2145 ex
2443 2087 2658 2146 doricis
2701 2086 2909 2160 formis
2956 2091 3007 2146 et
3065 2104 3133 2147 ex
3178 2104 3249 2146 ea

630 2196 695 2237 re
739 2177 892 2251 quod
936 2177 1218 2237 adverbia
1263 2179 1368 2235 aut
1419 2175 1733 2235 admtonmt
1774 2178 1880 2235 aut
1922 2192 2042 2234 non
2088 2176 2402 2235 admitbtmt
2446 2191 2548 2235 eas
2588 2178 2952 2244 mutationes,
2999 2193 3149 2250 quac
3181 2178 3249 2235 in

628 2268 905 2343 qamt-ivis
937 2265 1278 2340 pbwralibus
1323 2269 1428 2325 aut
1470 2266 1856 2325 admithmbwr
1892 2269 1998 2325 aut
2038 2282 2158 2325 non
2202 2266 2591 2325 adn-ittuntur
2632 2266 2777 2341 169,
2799 2266 3123 2341 20-170,
3147 2268 3246 2325 21.

636 2354 722 2416 cf.
760 2355 900 2415 Her.
938 2355 971 2414 I
1019 2356 1166 2430 513,
1190 2358 1264 2414 11
1291 2372 1418 2430 sqq.

818 2446 962 2551 169,
983 2446 1069 2505 20
1113 2438 1714 2521 κοινολεκτούμενα]
1760 2462 1928 2520 pron
1962 2445 2066 2518 92,
2087 2444 2172 2503 20
2211 2438 2276 2502 αἱ
2311 2440 2727 2517 πληθυντικαὶ
2764 2442 3245 2505 κοινολεκτοῦν-

2395 2528 2411 2549 (
2506 2531 2532 2547 Α
2624 2529 2640 2551 <
2728 2532 2755 2549 A

814 2624 962 2698 169,
982 2626 1059 2683 21
1111 2622 1390 2702 Egenolff
1425 2622 1458 2681 1
1505 2624 1633 2682 844
1688 2640 1822 2681 cum
1865 2621 2095 2682 Koenio
2150 2614 2257 2704 (ad
2302 2620 2475 2700 Greg.
2517 2619 2646 2683 Gor.
2686 2623 2774 2683 cd.
2816 2622 3043 2684 Schaef.
3089 2614 3248 2704 313)

640 2711 1017 2790 περιςπᾶται
1061 2713 1225 2792 legit,
1270 2713 1340 2773 cl.
1384 2714 1528 2789 170,
1553 2714 1607 2771 1.
1657 2712 1713 2773 5.

819 2804 1066 2879 169,22
1114 2822 1145 2861 e
1183 2802 1307 2863 cod.
1347 2802 1586 2864 Barocc.
1626 2802 1710 2862 50
1748 2801 1849 2862 fol.
1884 2803 2007 2861 107
2050 2793 2165 2883 (=
2184 2801 2292 2862 AO
2320 2800 2383 2860 Π
2425 2802 2569 2878 164,
2594 2795 2704 2884 16)
2742 2802 2781 2861 b
2820 2803 3032 2862 attulit
3079 2803 3251 2863 haec:

640 2890 923 2954 καθόλου
977 2888 1058 2952 τὰ
1113 2886 1202 2953 εἰς
1254 2888 1346 2951 ἀἶ
1401 2886 1798 2967 ἐπιρρήματα
1849 2889 1984 2952 τῶν
2038 2889 2308 2961 γενικῶν
2364 2889 2809 2965 πληθυντικῶν
2866 2888 3080 2966 ἔχουςι
3133 2889 3251 2964 τὴν

639 2978 902 3058 γραφὴν
947 2978 1051 3041 καὶ
1095 2978 1211 3043 τὸν
1257 2977 1479 3042 τόνον·
1555 2974 1698 3042 οἷον
1744 2978 1961 3040 καλῶν
2007 2979 2234 3053 καλῶς,
2282 2979 2507 3056 ςοφῶν
2545 2980 2781 3057 ςοφῶς.
2856 2979 3132 3057 Δωριεῖς
3178 2979 3252 3041 δὲ

637 3067 718 3131 τὰ
774 3066 905 3131 ἀπὸ
960 3070 1092 3131 τῶν
1149 3066 1238 3132 εἰς
1293 3068 1364 3131 δί
1418 3065 1748 3131 ὀξυτόνων
1800 3065 2197 3145 ἐπιρρήματα
2252 3064 2610 3131 ὀξύνουςιν·
2686 3064 2830 3131 οἷον
2888 3068 3093 3146 ςοφός
3147 3087 3250 3132 ςο-

640 3157 802 3237 φώς,
849 3157 1045 3222 καλός
1089 3156 1316 3220 καλῶς.
1397 3159 1537 3220 Her.
1575 3158 1637 3219 H
1685 3159 2088 3235 932‚8-·—11.
2171 3158 2314 3218 Ahr.
2345 3159 2509 3218 diall.
2549 3159 2613 3219 H
2660 3161 2885 3234 33‚18.

822 3251 966 3325 169,
989 3251 1069 3310 23
1118 3269 1221 3309 cur
1266 3243 1377 3311 ὅτε
1431 3267 1540 3326 pro
1586 3243 1747 3310 ὥςτε
1803 3247 2177 3309 scribendum
2226 3250 2308 3309 sit
2353 3240 2525 3331 (Ahr.
2564 3250 2601 3307 1.
2641 3267 2684 3308 s.
2724 3241 2799 3330 s.)
2847 3268 3088 3310 causam
3132 3267 3254 3309 non

639 3338 840 3414 video;
893 3339 1038 3398 haec
1091 3342 1250 3399 enim
1303 3341 1394 3400 est
1446 3339 1770 3399 sententia:
1835 3331 2174 3398 ‘Dorienses
2228 3334 2439 3398 καλῶς
2495 3341 2670 3398 acuto
2724 3341 2867 3399 tono
2924 3341 3255 3417 signarunt,

639 3431 730 3489 ita
772 3430 844 3487 ut
884 3427 1015 3488 fieri
1059 3447 1177 3488 non
1221 3431 1423 3506 posset
1468 3431 1613 3505 quin
1657 3430 1721 3487 in
1775 3427 2111 3506 fragmento
2159 3427 2316 3503 quod
2362 3430 2631 3503 sequitur
2673 3429 2960 3488 inclinato
3008 3431 3253 3489 accentu

641 3512 1036 3578 scriberetur?

823 3608 968 3682 169,
992 3609 1073 3666 24
1120 3602 1280 3667 κατὰ
1325 3603 1402 3668 τὸ
1449 3602 1592 3681 ἑξῆς
1637 3600 1975 3685 εἰρήςεται]
2023 3605 2176 3666 hanc
2220 3605 2686 3682 disputationem
2732 3605 3056 3668 desiderari
3100 3606 3258 3668 vidit

642 3697 884 3757 Dronke
917 3696 1012 3756 Π]
1060 3697 1216 3772 3283
1261 3697 1333 3756 cf.
1371 3697 1586 3756 Matth.
1623 3695 1655 3755 I
1704 3697 1760 3755 9.

824 3787 970 3862 169,
992 3787 1072 3846 25
1120 3786 1407 3864 impedita
1453 3805 1594 3846 sane
1639 3788 1730 3845 est
1774 3785 2088 3845 collocatio
2132 3783 2475 3861 verborum3
2521 3784 2623 3845 sed
2671 3805 2723 3844 v.
2765 3804 2917 3861 quae
2963 3785 3040 3847 ad
3085 3804 3254 3863 pron.

643 3877 748 3951 42,
770 3876 852 3935 25
901 3876 1168 3954 congessi
1213 3876 1495 3952 exempla.
1568 3875 1659 3934 De
1696 3869 1786 3935 ὥς
1820 3875 1893 3934 cf.
1931 3874 2070 3935 Her.
2108 3874 2141 3933 I
2180 3875 2327 3950 514,
2352 3875 2450 3934 15.
2525 3874 2711 3935 Lehrs
2747 3866 2962 3936 Arist.²¹
3002 3876 3148 3936 386.

824 3965 1072 4039 169,27
1119 3960 1373 4043 κεφαλ.]
1420 3963 1562 4025 Lob.
1611 3964 1687 4024 ad
1732 3963 1952 4040 Phryn.
1995 3967 2137 4023 271.
2184 3996 2273 4005 —
2318 3963 2575 4024 Vahleni
2620 3967 3022 4025 coniecturam
3065 3984 3252 4044 marg.

645 4055 923 4132 ascripsit
965 4054 1220 4114 Dronke.
1314 4052 1437 4114 Ska
1479 4057 1544 4113 in
1588 4054 1804 4114 fitteris
1852 4053 1930 4113 ad
1980 4073 2073 4112 me
2120 4052 2291 4113 datis.

825 4145 972 4219 170,
993 4144 1162 4202 5-6
1210 4139 1317 4203 διὰ
1359 4140 1477 4204 τὸν
1529 4175 1606 4184 —-
1655 4136 2070 4222 πληθυντικῇ]
2115 4142 2262 4202 haec
2307 4140 2466 4202 delet
2507 4143 2721 4202 Matth.
2768 4143 2799 4201 I
2848 4144 2947 4203 35.
3041 4138 3258 4213 ‘Quam

645 4224 1155 4316 (explicationem)
1210 4251 1709 4309 supervacaneam
1765 4235 1826 4290 et
1871 4233 2087 4292 falsam
2140 4250 2265 4291 esse
2310 4231 2626 4307 contendo3
2686 4232 2802 4292 dici
2848 4236 3006 4292 enim
3049 4235 3259 4310 nequit

646 4321 988 4382 adverbium
1034 4325 1142 4382 aut
1183 4325 1635 4401 perispomenon
1673 4324 1782 4382 aut
1824 4320 2158 4398 bary-tonon
2195 4340 2320 4382 esse
2363 4324 2609 4399 propter
2649 4324 2973 4396 accentum,
3020 4323 3122 4398 qui
3166 4322 3260 4382 est

644 4414 709 4471 in
753 4413 1028 4490 genetivo
1074 4412 1320 4489 plurali,
1374 4411 1477 4473 sed
1521 4414 1862 4489 propterea,
1911 4411 2068 4487 quod
2114 4411 2239 4471 eius
2286 4414 2592 4472 accentum
2639 4407 2897 4489 accipit.'
2986 4412 3151 4471 Haec
3194 4432 3258 4473 se

644 4519 764 4560 non
800 4501 1145 4579 intellegere
1182 4504 1408 4578 optimo
1443 4504 1572 4561 iure
1606 4501 1921 4579 profitetur
1955 4500 2235 4579 Egenolff
2261 4500 2350 4559 IV
2388 4503 2502 4577 473
2546 4521 2735 4577 neque
2779 4501 2908 4579 ipse
2942 4503 3259 4581 intelleg03

647 4592 886 4651 omnino
933 4593 1090 4650 enim
1133 4591 1286 4651 nihil
1329 4592 1577 4651 interest
1619 4594 1822 4649 utrum
1865 4590 1974 4650 illo
2019 4589 2195 4650 modo
2243 4610 2319 4649 an
2363 4590 2475 4650 hoc
2516 4591 2693 4651 modo
2737 4609 2831 4651 res
2878 4590 3126 4651 dicatur.

825 4814 870 4884 ”)
908 4815 1053 4883 synt.
1094 4818 1215 4882 341,
1240 4819 1304 4868 17
1342 4817 1494 4883 παρὰ
1539 4816 1608 4881 δὴ
1647 4815 1751 4869 οὖν
1794 4816 1862 4869 τὸ
1908 4814 2275 4882 προκείμενον
2316 4816 2496 4882 ὄνομα
2539 4814 2840 4882 παρείπετό
2885 4832 2969 4869 τις
3013 4816 3260 4871 ςύνταξις

649 4887 712 4940 ἐκ
755 4891 977 4953 γενικῆς
1021 4890 1286 4942 πτώςεως
1329 4889 1397 4941 τὸ
1444 4888 1744 4954 ἑξαφανίης
1790 4885 1893 4954 (sic
1929 4883 2007 4938 A²
2042 4885 2101 4938 in
2138 4889 2267 4954 rae.)
2301 4929 2310 4938 .
2345 4928 2356 4938 .
2389 4927 2402 4940 .
2438 4888 2589 4954 παρὰ
2634 4888 2703 4953 δὴ
2740 4890 2848 4954 τὴν
2890 4889 3259 4955 προκειμένην

650 4959 901 5013 ςύνταξιν
938 4961 1185 5025 ςυγκοπὴ
1223 4960 1323 5025 μὲν
1361 4958 1476 5029 [διὰ
1512 4957 1834 5028 delendum]
1872 4962 1975 5013 τοῦ
2015 4963 2049 5013 fi
2087 4959 2227 5012 κατὰ
2264 4959 2433 5025 μέςην
2471 4960 2743 5025 ςυλλαβὴν
2779 4959 3009 5024 ἐγίνετο.
