3738 5530
557 347 685 412 254
1239 393 1249 400 .
1509 348 1690 401 ΠΕΡΙ
1726 346 2208 399 mmmmm.

1595 456 2114 506 p.522‚3—524‚3b

729 548 922 615 Ἰτέον
968 549 1108 629 ἑξῆς
1154 550 1257 614 ἐπὶ
1298 552 1414 616 τὰς
1459 549 1704 630 φωνάς.

727 653 1074 732 Ποιητικὸν
1120 651 1280 718 ὄντα
1323 652 1441 717 τὸν
1488 651 1578 716 αὖ
1624 652 1727 717 καὶ
1771 652 1861 717 ἔτι
1908 653 2024 716 τὸν
2068 651 2625 731 τάρθεματικοὺς
2663 651 2743 716 ἂν
2774 648 3151 731 παράδεξαί·
3203 665 3230 705 ⁵

561 759 738 831 μεθα.
813 755 981 819 τινες
1026 754 1148 833 γάρ
1194 774 1346 834 φαςι
1391 754 1507 819 τὸν
1553 754 1755 832 αὐτάρ
1802 755 2153 831 ςύνδεςμον
2205 753 2624 819 ἀποκοπέντα
2679 754 2794 832 μὲν
2842 750 3008 818 εἶναι
3053 750 3154 828 αὖ,

559 853 989 934 ἀφαιρεθέντα
1046 857 1116 921 δὲ
1161 855 1296 935 τάρ.
1372 855 1452 934 ἦν
1511 858 1582 920 δὲ
1627 856 1701 919 τὸ
1759 861 2061 920 τοιοῦτον
2120 855 2238 920 οὐκ
2296 854 2548 934 ἀληθές.
2624 856 2682 920 τί
2735 856 2858 934 γὰρ
2917 853 3064 934 οὐχὶ
3115 853 3153 918 6

492 972 524 1018 5
562 956 721 1034 ἀτάρ
766 957 951 1021 τοῦτ’
995 955 1358 1040 ἀνεδέχετο,
1407 957 1847 1036 ἐντελέςτερος
1895 957 2022 1036 ὤν;
2089 957 2231 1022 ἀλλ’
2275 956 2329 1021 εἰ
2374 956 2454 1020 οὐ
2499 957 2806 1021 καθολικὰ
2851 959 2932 1021 τὰ
2960 957 3152 1036 πάθη,

561 1057 769 1122 ἐκεῖνό
822 1078 896 1134 γε
941 1059 1298 1134 ςυνελέγξει
1345 1061 1458 1124 τὸν
1517 1059 1738 1136 λόγον.
1814 1061 1895 1124 τὰ
1939 1059 2109 1138 πάθη
2156 1063 2287 1123 τῶν
2343 1064 2589 1139 φωνῶν
2649 1059 2843 1137 ἐςτιν,
2899 1057 2978 1122 οὐ
3020 1063 3154 1124 τῶν
3210 1074 3259 1112 ¹⁰

561 1160 1062 1238 ςημαινομὲνων.
1123 1160 1200 1224 τὸ
1245 1165 1339 1225 δῶ
1384 1161 1785 1241 δηλούμενον
1830 1164 1947 1239 μὲν
1980 1161 2109 1240 ἔχει
2140 1162 2216 1226 τὸ
2258 1165 2460 1242 δῶμα,
2507 1160 2587 1226 οὐ
2619 1163 2740 1241 μὴν
2772 1160 3155 1238 λεγόμενον·

558 1264 670 1337 τῆς
725 1263 849 1340 γὰρ
907 1262 1255 1343 λεγομένης
1308 1266 1535 1342 φωνῆς
1590 1262 1669 1340 ἦν
1724 1264 1800 1326 τὸ
1856 1262 2083 1327 πάθος.
2161 1264 2262 1327 καὶ
2317 1263 2408 1328 ἔτι
2466 1263 2541 1326 τὸ
2597 1265 2689 1327 λῶ
2735 1261 3155 1345 ἀφῃρημένον

560 1363 629 1425 ἐκ
672 1367 788 1426 τοῦ
834 1363 1021 1444 θέλω,
1066 1364 1107 1442 ἢ
1150 1365 1250 1429 καὶ
1293 1366 1369 1428 τὸ
1418 1369 1492 1445 βῆ
1539 1365 1608 1430 ἐκ
1651 1370 1768 1430 τοῦ
1813 1364 1946 1446 ἔβη,
1993 1364 2190 1429 πάλιν
2235 1365 2311 1428 τὸ
2357 1363 2514 1429 αὐτὸ
2560 1364 2692 1443 ἔχει
2737 1366 3154 1444 δηλούμενον.

463 1480 523 1527 ιο
559 1463 686 1528 ἔςτι
729 1469 890 1540 γοῦν
935 1466 1037 1529 καὶ
1083 1465 1187 1530 ἐπὶ
1240 1468 1381 1544 μιᾶς
1439 1467 1669 1533 λέξεως
1713 1468 1790 1532 τὸ
1836 1464 1994 1530 αὐτὸ
2040 1470 2450 1545 παραςτῆςαι.
2524 1467 2600 1529 τὸ
2647 1464 2845 1545 ἀβαλε
2904 1465 3157 1529 ἐντελές
3210 1480 3259 1520 1⁵

560 1565 718 1642 ἐςτι,
778 1567 881 1631 καὶ
925 1568 1124 1648 ςαφὲς
1182 1567 1251 1632 ἐκ
1307 1571 1417 1645 τῆς
1476 1568 1784 1632 ἐκτάςεως
1828 1573 1945 1633 τοῦ
1992 1572 2051 1632 ἃ.
2127 1570 2226 1632 καὶ
2282 1568 2630 1647 ἀφαιρεθὲν
2681 1568 2806 1648 γὰρ
2862 1567 2937 1632 τὸ
2997 1566 3156 1631 αὐτὸ

560 1669 778 1748 δηλοῖ,

817 1769 969 1848 βάλε
1016 1772 1133 1854 δή,
1182 1771 1334 1851 βάλε
1380 1772 1655 1851 κηρύλος
1702 1770 1839 1852 εἴην
1885 1771 2122 1854 (Alem.
2170 1770 2249 1836 fr.
2296 1771 2379 1834 26
2427 1769 2645 1856 Bergk
2662 1770 2738 1856 ⁸).

565 1868 733 1935 ἀλλὰ
790 1872 912 1951 μὴν
970 1874 1070 1936 καὶ
1116 1871 1450 1938 ἀποκοπεν
1495 1875 1571 1939 τὸ
1616 1878 1658 1938 ἃ
1661 1921 2303 1940 ......
2414 1872 2576 1953 ὅπερ
2622 1874 2816 1938 πάλιν
2862 1872 3157 1951 μέγιςτον

463 1987 523 2035 15
557 1972 894 2051 τεκμήριόν
941 1974 1065 2038 ἐςτι
1107 1979 1224 2039 τοῦ
1269 1976 1343 2040 τὸ
1402 1975 1597 2055 ἀβαλε
1655 1977 1734 2055 μὴ
1781 1975 2295 2041 πεπλεονακέναι
2338 1983 2429 2060 τῷ
2475 1980 2531 2039 ἃ.
2612 1975 2691 2041 οὐ
2736 1976 2862 2053 γὰρ
2908 1973 2996 2037 εἰς
3039 1975 3156 2038 τὸν
3208 1992 3260 2030 2⁰

559 2075 964 2152 πλεοναςμόν
1010 2080 1400 2142 καταντῶςιν
1446 2076 1544 2143 ἀεὶ
1587 2077 1650 2142 αἱ
1695 2076 2044 2163 ἀποκοπαί,
2091 2077 2244 2144 οὐδ’
2288 2077 2348 2142 οἱ
2393 2078 2783 2157 πλεοναςμοὶ
2813 2079 2888 2143 τὸ
2926 2076 3156 2154 δηλού-

561 2195 759 2255 μενον
803 2176 1090 2258 ἔχουςιν,
1144 2178 1286 2243 ἐπεὶ
1330 2179 1545 2244 οὐκέτι
1589 2180 1998 2260 πλεοναςμοί.
2069 2182 2146 2246 τὸ
2191 2183 2355 2256 γοῦν
2400 2179 2720 2259 ἀλαλητός
2767 2177 2845 2242 οὐ
2889 2178 2996 2241 διὰ
3038 2181 3155 2241 τοῦ

559 2278 705 2340 κατ’
773 2275 977 2358 ἀρχὴν
1034 2276 1076 2343 ἆ
1130 2282 1204 2346 τὸ
1274 2281 1548 2359 λαλητός
1605 2301 1765 2346 ποτε
1831 2282 2129 2361 δηλώςει,
2198 2280 2352 2346 οὐδὲ
2406 2280 2570 2346 ἀλλο
2625 2303 2682 2345 τι
2749 2285 2879 2345 τῶν
2947 2278 3155 2343 οὕτως

565 2380 1130 2447 πεπλεονακότων.
1209 2381 1389 2462 εἴπερ
1436 2381 1556 2448 οὖν
1610 2382 1648 2447 6
1693 2382 1894 2462 αὐτάρ
1942 2383 2282 2462 ςύνδεςμός
2341 2384 2464 2447 ἐςτι
2511 2382 2998 2462 ςυμπλεκτικός,
3057 2380 3157 2444 καὶ
3205 2397 3261 2436 2⁵

459 2497 528 2546 20
564 2479 601 2543 6
647 2480 767 2560 τάρ
813 2485 1265 2562 ςυμπλεκτικὸς
1309 2485 1638 2563 γενήςεται
1681 2488 1782 2550 καὶ
1825 2484 1862 2548 6
1911 2483 2021 2549 αὖ·
2067 2484 2122 2549 εἰ
2165 2487 2235 2549 δὲ
2281 2484 2946 2565 παραπληρωματικός
2991 2482 3028 2546 6
3074 2481 3157 2546 αὖ

564 2584 669 2647 καὶ
712 2583 749 2647 6
793 2584 944 2662 τάρ,
991 2588 1198 2666 τμῆμα
1244 2584 1430 2651 ὄντες
1475 2592 1591 2651 τοῦ
1636 2586 1875 2668 αὐτάρ,
1923 2586 2024 2651 καὶ
2068 2586 2105 2650 6
2151 2585 2350 2666 αὐτάρ
2395 2585 3078 2665 παραπληρωματικός.

734 2685 869 2749 Ἐπὶ
912 2691 1071 2763 γοῦν
1116 2692 1234 2752 τοῦ
1284 2686 1432 2768 ἄρα
1479 2687 1596 2753 οὐκ
1626 2689 1795 2753 ἔςτιν
1828 2687 2122 2767 ἄντικρυς
2155 2687 2363 2753 οὕτως
2392 2688 2757 2752 ἀπώςαςθαι
2787 2689 2902 2752 τὸν
2936 2687 3154 2763 λόγον,

564 2789 721 2852 καθὸ
769 2787 847 2852 οὐ
894 2790 1099 2869 μόνον
1146 2790 1520 2871 ἐπιφορικὸς
1565 2791 2237 2873 π<αραλαμβάνεται,>
2279 2790 2432 2856 ἀλλ’
2471 2790 2796 2870 ἀπειράκις
2827 2791 2930 2855 καὶ
2958 2809 3157 2869 παρα·
3210 2802 3262 2842 ³⁰

563 2891 1048 2969 πληρωματικός
1066 2941 1080 2969 ,

462 3009 528 3057 25
820 2991 910 3055 ὣς
955 2991 1080 3072 ἄρα
1124 3014 1227 3072 μιν
1274 2993 1541 3060 εἰπόντα
1583 2995 1769 3061 τέλος
1814 2997 2122 3061 θανάτοιο
2169 2984 2418 3075 κάλυψ”ε
2466 2995 2558 3080 (Π
2599 2993 2754 3078 502)
2769 3042 2787 3075 ,

566 3112 665 3156 και

818 3195 933 3260 τὸν
982 3196 1050 3260 δ’
1093 3194 1219 3276 ἄρα
1263 3198 1585 3281 <πάντες>
1632 3200 1776 3264 λαοὶ
1824 3199 2264 3280 ἐπερχόμενον
2310 3202 2374 3280 (β
2428 3200 2551 3283 13).

564 3296 723 3375 φαςὶ
774 3297 899 3375 γὰρ
944 3299 1049 3362 καὶ
1104 3299 1210 3363 ἐπὶ
1251 3301 1503 3366 τούτων
1548 3302 1664 3366 τὸν
1722 3303 1836 3382 μὲν
1902 3302 1984 3381 ῥά
2028 3300 2452 3381 ἀφαιρεθῆναι
2495 3304 2612 3365 τοῦ
2656 3302 2728 3377 ἃ,
2785 3301 2901 3365 τὸν
2957 3301 3030 3363 δὲ
3075 3297 3156 3377 ἄρ
3192 3308 3293 3357 523

700 3480 916 3534 Anava.
975 3489 1006 3535 2
1043 3482 1362 3549 Pelluntur,
1400 3485 1497 3553 qui
1532 3486 1603 3539 αὖ
1641 3487 1701 3540 et
1733 3487 1839 3553 τάρ
1878 3503 1947 3541 ex
1982 3487 2160 3554 αὐτάρ
2196 3486 2345 3540 faeta
2382 3501 2499 3539 esse
2534 3486 2787 3539 censent:
2824 3483 2981 3539 notaio
3007 3483 3158 3537 em‘m

563 3566 784 3619 mutata
819 3569 922 3619 est.
982 3566 1244 3623 Praestat
1275 3569 1451 3638 igitur
1484 3569 1585 3623 ina
1618 3586 1720 3637 pro
1756 3571 2107 3640 primigeniis
2142 3571 2370 3627 habere.
2421 3600 2483 3609 —
2528 3576 2593 3623 22
2630 3568 2742 3622 Sed
2784 3584 2898 3622 non
2932 3584 3159 3638 prorsus

563 3649 909 3703 reiciendum
947 3653 1059 3720 est,
1107 3654 1260 3722 quod
1296 3654 1520 3721 dicunt,
1568 3656 1637 3722 ἄρ
1674 3657 1734 3708 et
1777 3657 1848 3722 ῥά
1886 3671 1954 3708 ex
1989 3657 2097 3723 ἄρα
2141 3656 2293 3709 facta.
2326 3670 2472 3721 esse,
2518 3653 2669 3723 quod
2717 3654 2887 3708 etiam
2932 3655 3041 3720 ἄρα
3076 3654 3161 3706 ita

566 3734 822 3803 usurpari
856 3737 1058 3805 posuit,
1095 3739 1160 3790 ut
1196 3738 1484 3807 expletiva.
1519 3739 1607 3797 ciffi.

701 3905 922 3964 Tns‘rnt.
979 3913 1042 3960 10
1071 3907 1152 3963 Et.
1178 3907 1253 3960 M.
1283 3913 1405 3974 186,
1433 3914 1492 3961 41
1543 3908 1730 3964 Τοῦτο
1766 3912 2110 3982 πλεονασμῷ
2151 3913 2252 3964 τοῦ
2291 3912 2328 3964 ἆ
2364 3910 2491 3979 (καὶ
2520 3904 2701 3962 adron}
2728 3908 3159 3978 σχετλιαστικοῦ

565 3985 732 4052 ὄντος
771 3986 1181 4061 ἐπιρρήματος,
1229 3988 1306 4055 ὥς
1350 3987 1510 4061 παρὰ
1559 3991 1633 4065 τῷ
1673 3996 1885 4065 ποιητῇ
1922 3985 1982 4047 ‘0³1
2022 3991 2201 4050 δειλὲ’
2252 3996 2321 4063 (Δ
2358 3999 2480 4059 441)
2517 3996 2739 4063 γίνεται
2777 3989 2974 4062 ἇβαλε.
3042 3986 3155 4059 ’Λμ-

566 4069 786 4141 φότερα
831 4079 972 4143 μίαν
1022 4079 1310 4146 σημασίαν
1360 4075 1580 4148 ἔχουσι,
1626 4073 1693 4132 τὸ
1740 4069 1778 4133 ἆ
1825 4079 1928 4133 καὶ
1973 4072 2037 4132 τὸ
2087 4073 2259 4148 βάλε,
2305 4079 2404 4133 καὶ
2450 4071 2514 4132 τὸ
2553 4072 2735 4148 ἄβαλε
2773 4082 2890 4132 κτλ.
2971 4074 3153 4133 Schol.

562 4158 725 4212 Dion.
750 4158 885 4216 Thr.
914 4158 1010 4214 BA
1036 4167 1167 4231 946,
1200 4167 1261 4215 14
1297 4162 1647 4231 Διομήδους.
1716 4157 1888 4224 Τινὲς
1915 4158 2023 4217 δύο
2060 4158 2412 4234 ὁμοιόσημα·
2453 4159 2517 4217 τὸ
2567 4164 2603 4214 ἆ
2639 4153 2765 4215 κατ’
2809 4160 2974 4216 ἰδίαν
2998 4156 3154 4215 ἐστὶν

565 4236 832 4298 εὖκτικὸν
869 4240 1182 4316 ἐπίρρημα,
1222 4244 1296 4310 ὡς
1331 4244 1396 4301 τὸ
1434 4250 1577 4303 αἴθε
1613 4244 1711 4316 (ὡς
1747 4243 1811 4302 τὸ
1849 4236 1888 4301 ἆ
1926 4247 2156 4316 δειλέῖ),
2199 4249 2295 4303 καὶ
2334 4244 2391 4302 τὸ
2434 4242 2574 4317 βάλε
2599 4240 2810 4316 ὁμοίως
2835 4238 2963 4300 κατ’
2994 4243 3157 4299 ἰδίαν

562 4324 848 4401 ἐπίρρημα
887 4326 1173 4389 εὖκτικόν.

696 4502 884 4559 stcn.
921 4521 1119 4557 sempr.
1196 4508 1274 4558 10.
1310 4503 1443 4571 post
1477 4505 1682 4559 λέξεως
1721 4502 1947 4574 GUhlig
1980 4503 2179 4557 inserit
2213 4503 2398 4572 <δὶς>,
2435 4500 2795 4556 RSehneider
2829 4502 3106 4571 <διςςῶς>
3143 4502 3151 4571 Ι

565 4593 641 4639 13.
680 4590 924 4655 κηρύλος
952 4586 1256 4657 ThBergk‚
1297 4589 1538 4656 κήρυλος
1563 4589 1599 4643 b
1632 4592 1642 4657 Ι
1677 4596 1753 4645 1⁴.
1779 4591 1909 4657 poet
1931 4588 2071 4642 haec
2108 4589 2178 4642 τὸ
2215 4594 2250 4641 ἃ
2287 4586 2553 4640 dimidius
2578 4603 2772 4641 versus
2794 4587 2853 4640 in
2882 4588 2924 4641 Α
2951 4602 3161 4641 vacuus

562 4671 792 4725 relictus
829 4673 941 4739 est,
989 4688 1159 4739 quam
1194 4672 1458 4727 lacunam
1494 4674 1574 4728 eie
1611 4674 1953 4744 explendam
1990 4689 2108 4727 esse
2147 4673 2341 4727 censet
2365 4671 2723 4726 RSchneider
2757 4673 2879 4741 <ώς
2915 4672 2978 4725 ἐν
3014 4677 3098 4738 τῷ
3124 4670 3161 4723 ἆ

562 4757 753 4824 δειλέ)
792 4760 802 4825 Ι
846 4762 926 4811 15.
961 4763 1046 4825 τῷ
1083 4763 1119 4813 ὀῖ
1155 4758 1219 4823 b,
1258 4777 1326 4813 το
1362 4776 1399 4814 α
1434 4761 1477 4813 Α
1510 4761 1519 4827 Ι
1559 4766 1642 4817 22.
1683 4764 1873 4815 ςαςθαι
1909 4761 2012 4812 τὸν
2049 4758 2248 4825 λόγον]
2288 4756 2384 4811 sol.
2424 4762 2520 4810 115
2544 4774 2595 4810 v.
2625 4758 2635 4824 Ι
2675 4762 2898 4813 23-25,
2933 4754 3161 4809 lacunas

565 4839 815 4908 explevit
848 4841 911 4907 b,
951 4858 1021 4896 ne
1058 4842 1196 4897 haec
1233 4843 1462 4912 quidem
1501 4847 1581 4900 ὡς
1616 4846 1724 4912 ἄρα
1761 4862 1852 4913 μιν
1887 4860 2037 4897 nune
2072 4843 2131 4895 in
2157 4841 2278 4895 cod.
2315 4841 2429 4911 legi
2462 4842 2698 4911 possunt
