3738 5530
338 616 440 669 567

398 934 425 973 5

371 1439 422 1476 10

373 1844 423 1884 15

371 2661 426 2700 25

344 3479 443 3530 568

1476 394 1848 451 ADVERmA
1885 399 1960 450 m
1997 386 2062 453 λ.
2946 398 3061 464 157

474 601 796 683 γραπτέον
843 604 955 671 ςὺν
1008 608 1099 688 τῷ
1146 604 1211 681 ῑ,
1269 604 1381 682 τῆς
1436 602 1869 669 καταςτάςεως
1925 602 2134 669 οὕτως
2187 603 2483 684 ἐχούςης·
2540 604 2621 670 ὃν
2671 604 2920 686 τρόπον
2974 613 3064 689 τῷ

475 705 734 773 ὄπιςθεν
788 707 863 771 τὸ
919 706 1269 772 ὀπιςθίδιος
1323 705 1727 787 παράκειται,
1788 705 2148 784 ἔμπροςθεν
2204 705 2681 790 ἐμπροςθίδιος,
2745 709 3063 787 μαψίδιος,

473 808 706 883 ἀῖδιος,
763 808 971 873 οὕτως
1015 808 1190 887 παρὰ
1233 806 1310 871 τὸ
1356 808 1472 887 ῥέα
1514 805 1594 884 ἦν
1638 828 1695 871 τι
1740 806 2010 888 ῥεῖδιος,
2067 808 2105 871 ὃ
2152 809 2329 887 παρὰ
2371 812 2507 873 τοῖς
2551 810 2756 873 Ἴωςιν
2802 810 3062 886 ἐγένετο

478 909 749 992 ῥηῖδιος,
806 907 932 991 ἀφ’
977 908 1055 975 οὗ
1100 911 1201 974 καὶ
1245 910 1559 988 ἐπίρρημα
1614 908 1871 988 ῥηιδίως
1918 909 2006 972 ὡς
2062 909 2395 995 μαψιδίως.
2479 910 2607 990 ἀφ’
2651 909 2732 976 οὗ
2777 911 3064 995 ἔπιπτεν,

472 1011 543 1076 ἐκ
608 1013 996 1091 μεταθέςεως
1049 1016 1168 1076 τοῦ
1219 1016 1258 1089 ἦ
1319 1011 1407 1076 εἰς
1464 1011 1539 1074 τό
1596 1015 1668 1093 ἃ,
1736 1010 1984 1089 ῥαῖδιος
2040 1011 2141 1075 καὶ
2206 1011 2496 1092 ῥαῑδίως,
2566 1013 2691 1091 ἀφ’
2759 1013 2838 1078 οὗ
2904 1016 3065 1079 κατὰ
3100 1028 3131 1075 r>

473 1114 822 1193 ςυναίρεςιν
865 1114 942 1179 τὸ
988 1112 1260 1198 ῥᾳδίως,
1317 1114 1478 1178 καθὰ
1522 1113 1622 1177 καὶ
1665 1112 1738 1177 ἐν
1784 1111 2049 1191 ὀνόμαςι
2092 1113 2169 1177 τὸ
2218 1113 2462 1197 ραῖδιος
2509 1115 2648 1196 (καὶ
2694 1114 2918 1197 ῥᾴδιος
2962 1117 3066 1179 καὶ

474 1215 695 1296 advoc>
750 1215 851 1280 καὶ
916 1214 1105 1299 ῥᾷος,
1171 1216 1273 1279 καὶ
1326 1214 1521 1280 Λάϊος
1579 1216 1680 1280 καὶ
1734 1213 1921 1297 Λᾷος.
1977 1215 2079 1278 καὶ
2137 1215 2218 1279 ὃν
2283 1215 2531 1294 τρόπον
2598 1215 2677 1293 ἦν
2741 1238 2800 1281 τι
2867 1217 3063 1282 πάλιν

472 1317 680 1396 ὄνομα
733 1318 808 1382 τὸ
867 1319 1079 1399 λήϊος,
1137 1316 1263 1396 ἀφ’
1321 1314 1402 1381 οὗ
1465 1315 1646 1381 λάϊος
1701 1317 1807 1380 καὶ
1860 1315 2047 1382 λάῑον
2105 1317 2207 1381 καὶ
2263 1316 2410 1381 λάῖα
2455 1320 2557 1382 καὶ
2599 1318 2670 1381 ἐν
2716 1319 3065 1397 ςυναιρέςει

474 1421 668 1485 πάλιν
697 1423 813 1483 τοῦ
847 1423 888 1482 ’ᾶ
926 1421 1080 1501 λᾷα,
1123 1418 1239 1483 τίς
1283 1439 1412 1498 μοι
1457 1419 1548 1482 τὰ
1592 1421 1741 1500 λᾷα
1785 1418 2156 1500 έκτίλλει,
2203 1417 2497 1497 (ώφρων
2527 1417 3064 1505 (fr.85Ahrens),

474 1524 578 1587 καὶ
623 1523 736 1586 ςὺν
778 1528 870 1604 τῷ
915 1526 943 1584 ι’
972 1520 1303 1600 γράφεται,
1348 1520 1465 1585 τὸν
1510 1519 1711 1584 αὐτὸν
1755 1520 1833 1598 δὴ
1879 1519 2127 1598 τρόπον
2173 1520 2274 1584 καὶ
2304 1522 2381 1585 τὸ
2412 1520 2833 1600 προκείμενον
2863 1525 3066 1602 ςχῆμα
3107 1536 3168 1584 ιο

472 1624 553 1703 ἦν
584 1624 658 1687 τὸ
688 1623 849 1688 αὐτὸ
888 1623 1096 1688 πάθος
1128 1621 1665 1703 ἀναδεδεγμένον,
1710 1619 1837 1699 ἀφ’
1880 1619 1960 1685 οὗ
1990 1622 2065 1684 τὸ
2096 1622 2255 1686 κατὰ
2286 1620 2629 1702 ἀποκοπὴν
2673 1624 2755 1707 ῥᾲ
2785 1625 3065 1708 ἐγένετο,

474 1725 630 1791 καθὸ
675 1726 778 1789 καὶ
821 1725 895 1790 τὸ
944 1725 1207 1805 βριθέως
1251 1725 1365 1803 μὲν
1411 1722 1681 1799 ἐντελές,
1721 1722 2192 1801 παρακείμενον
2237 1730 2328 1807 τῷ
2375 1724 2605 1804 βριθύς,
2652 1726 2755 1789 καὶ
2799 1726 2869 1791 ἐν
2904 1727 3064 1790 ἀπο-

474 1833 641 1910 κοπῇ
689 1831 810 1906 βρῑ.
883 1827 1010 1909 (ὅτι
1055 1827 1178 1904 γὰρ
1224 1827 1323 1889 καὶ
1367 1826 1487 1889 δύο
1534 1825 1864 1905 ςυλλαβῶν
1910 1824 2237 1889 ἀποκοπαὶ
2292 1824 2608 1902 γίνονται,
2666 1827 2737 1891 ἐν
2783 1833 2875 1909 τῷ
2920 1831 3069 1909 περὶ

472 1933 700 1993 παθῶν
747 1928 1015 2007 ἐδείχθη.
1088 1929 1164 1992 τό
1219 1947 1288 1991 τε
1341 1928 1465 2005 γὰρ
1520 1926 1782 2007 πρόπαρ
1829 1926 2040 1990 οὕτως
2098 1925 2255 2005 ἔχει,
2317 1928 2419 1992 καὶ
2460 1928 2536 1991 τὸ
2579 1929 2813 2009 μάκαρ,
2872 1930 3067 2013 πηδά,

473 2032 577 2095 καὶ
632 2032 708 2096 τὸ
768 2030 926 2109 ὑμέν
978 2031 1155 2109 παρὰ
1211 2028 1586 2110 Καλλιμάχῳ
1643 2026 1750 2109 (fr.
1794 2028 1910 2090 461
1967 2026 2391 2113 Schneider).)
2439 2064 2513 2074 —
2575 2031 2687 2094 Καὶ
2740 2031 2950 2116 τούτῳ
2994 2051 3066 2107 γε
3106 2046 3170 2094 15

476 2139 570 2214 τῷ
616 2133 791 2216 λόγῳ
837 2132 937 2197 καὶ
979 2131 1061 2195 τὰ
1102 2135 1219 2194 τοῦ
1262 2130 1459 2196 τόνου
1505 2129 1933 2194 εὐκατάςτατα
1976 2130 2233 2212 γίνεται,
2278 2132 2379 2194 καὶ
2421 2130 2512 2194 ἔτι
2540 2132 2620 2194 τὰ
2649 2135 2760 2210 τῆς
2791 2136 3066 2214 γραφῆς,

478 2236 577 2299 καὶ
644 2233 735 2299 ἔτι
789 2234 865 2299 τὸ
921 2232 1335 2311 ἠπορημένον
1401 2232 1566 2310 πρὸς
1620 2234 1755 2297 τῶν
1810 2230 2115 2296 Αἰολέων.
2198 2233 2281 2312 μὴ
2341 2232 2465 2310 γὰρ
2529 2230 2761 2298 ἄλλοτε
2816 2234 3066 2301 Αἰολεῖς

474 2336 914 2414 προςτίθενται
956 2335 1030 2400 τὸ
1078 2323 1114 2415 ᾗ
1157 2341 1247 2418 τῷ
1291 2338 1358 2412 ρ,
1405 2334 1459 2398 εἰ
1503 2335 1585 2414 μὴ
1617 2335 1692 2399 τὸ
1724 2339 1760 2397 δ
1792 2331 2179 2412 ’ἐπιφέροιτο
2212 2335 2371 2398 κατὰ
2405 2335 2522 2412 τὴν
2555 2335 2693 2412 ἑξῆς
2726 2332 3066 2417 ςυλλαβήν,

473 2438 513 2516 ἢ
558 2438 634 2503 τὸ
680 2441 979 2514 ςυγγενὲς
1034 2426 1086 2512 Z,
1133 2438 1171 2515 ἢ
1217 2436 1292 2501 τὸ
1339 2436 1846 2515 ςυμπαθέςτερον
1878 2439 1942 2500 ·ῖ··
1990 2433 2159 2500 ἅπαξ
2203 2436 2326 2514 γὰρ
2359 2442 2477 2501 τοῦ
2508 2433 2546 2503 ἱ
2591 2438 3066 2518 ἐπιφερομένου

473 2540 514 2617 ἡ
544 2540 875 2617 πρόςθεςις
920 2538 1183 2616 ἐγίνετο.
1243 2540 1350 2602 διὰ
1378 2542 1571 2603 τοῦτο
1619 2538 1859 2618 βρόδον
1904 2537 2057 2618 φαςὶ
2101 2538 2201 2601 καὶ
2246 2538 2424 2618 βρίζα
2466 2542 2569 2605 καὶ
2614 2543 2935 2623 βρυτῆρες,
2980 2540 3060 2604 οὐ
3100 2552 3167 2601 20

475 2642 597 2719 μὴν
639 2640 716 2705 τὸ
777 2640 904 2720 ῥέω
948 2641 1041 2706 ἔτι
1099 2641 1266 2721 βρέω
1320 2639 1540 2719 φαςίν,
1599 2639 1752 2704 οὐδὲ
1809 2637 1973 2703 ἄλλο
2024 2659 2080 2702 τι
2135 2643 2269 2705 τῶν
2325 2642 2660 2709 τοιούτων.
2733 2642 3066 2722 πρόδηλον

476 2741 598 2807 οὖν
646 2743 736 2808 ὡς
781 2741 1102 2821 ὁμόλογος
1146 2744 1186 2823 ἥ
1230 2762 1297 2808 τε
1343 2742 1644 2821 ἀποκοπή
1691 2741 1801 2825 (οὐ
1847 2742 1972 2820 γὰρ
2016 2740 2055 2821 ἡ
2100 2740 2432 2820 πρόςθεςις
2466 2745 2838 2828 παρείπετο,
2884 2745 2940 2810 εἰ
2983 2746 3066 2826 μὴ

475 2846 739 2925 δυνάμει
798 2846 1155 2926 ἐπεφέρετο
1202 2848 1276 2911 τὸ
1336 2833 1408 2927 δ,
1476 2844 1607 2921 εἴγε
1662 2846 1763 2909 καὶ
1826 2843 2152 2908 ἀποκοπαὶ
2209 2843 2593 2925 ὑπομνήςεις
2662 2847 2873 2926 ἔχουςι
2931 2851 3066 2913 τῶν

475 2947 1015 3027 ἀποκεκομμένων
1047 2946 1431 3030 ςυλλαβῶν),
1473 2947 1668 3014 οὐδέν
1696 2967 1764 3012 τε
1814 2946 2123 3025 ἐμπόδιον
2155 2946 2606 3027 ἐπιγινομένου
2635 2952 2751 3012 τοῦ
2794 2949 3066 3033 βρᾳδίως

480 3051 598 3129 τὴν
642 3049 987 3129 ἀποκοπὴν
1030 3050 1323 3126 γενέςθαι
1365 3049 1692 3128 δεύτερον.
3100 3061 3168 3111 25

644 3152 776 3216 Διά
828 3154 961 3217 τῶν
1014 3151 1659 3230 προκατειλημμένων
1715 3151 1931 3226 λόγων
1976 3150 2399 3231 καταλάβοιτο
2456 3151 2536 3217 ἄν
2580 3173 2700 3229 τις,
2759 3151 2856 3217 ὅτι
2911 3152 3067 3219 οὐδὲ

479 3254 553 3317 τὸ
601 3257 668 3328 ἃ,
732 3257 1037 3333 ςημαῑνον
1082 3253 1282 3332 εὐχὴν
1327 3254 1398 3318 ἐν
1442 3259 1533 3335 τῷ
1590 3248 1661 3316 «ἆ
1703 3254 1961 3334 πά<ντα
2005 3253 2447 3334 ςυναγείρας>»
2496 3251 2770 3334 (Gallim.
2818 3253 2898 3317 fr.
2941 3255 3068 3318 323

479 3352 852 3440 Schneider)
932 3356 1052 3421 οὐκ
1133 3354 1301 3420 ἔςτιν
1379 3353 1759 3433 ὁλόκληρον.
1862 3352 1954 3418 ὡς
2027 3355 2150 3432 γὰρ
2227 3353 2508 3437 ἔφαμεν,
2582 3356 2702 3421 οὐκ
2761 3356 2928 3422 ἔςτιν
2992 3356 3066 3421 ἐν

477 3458 735 3540 μα<κρῷ
779 3463 869 3540 τῷ
911 3459 993 3539 ἃ)
1057 3459 1137 3522 τὰ
1202 3456 1290 3522 εἰς
1358 3461 1399 3531 ἃ
1465 3458 1749 3536 λήγοντα
1818 3456 2226 3535 ἐπιρρήματα.
2321 3457 2463 3521 ἰδοὺ
2510 3459 2650 3544 ογάρ
2717 3459 2817 3523 καὶ
2883 3459 2959 3523 τὸ
3025 3458 3066 3522 ἅ

612 3644 827 3701 Αιονιι.
898 3650 930 3696 9
974 3641 1063 3696 Sic
1109 3643 1298 3710 potius
1333 3641 1646 3696 derivatum
1684 3645 1795 3696 est:
1843 3657 1879 3694 a
1914 3643 2010 3708 ῥέα
2046 3641 2271 3696 ducitur
2308 3644 2536 3710 ῥεῑδιος,
2583 3645 2797 3710 ῥηϊδιος
2833 3645 3064 3711 ῥαῑδιος,

478 3729 680 3808 ῥᾴδιος,
719 3759 783 3768 -
828 3734 885 3781 1⁶2,
920 3727 1069 3781 unde
1105 3726 1324 3781 duabus
1359 3725 1591 3807 eyllabjs
1627 3725 1856 3781 resectis
1895 3728 1979 3793 ῥᾴ.
2020 3757 2080 3766 --
2123 3732 2181 3780 17
2220 3727 2293 3781 Et
2327 3727 2463 3796 quia
2496 3727 2555 3780 in
2580 3728 2810 3783 resectis
2834 3727 3065 3797 syllabis

477 3814 508 3865 δ
542 3812 718 3879 inest,
752 3812 1055 3866 Aeolenses
1088 3811 1217 3866 huic
1253 3812 1489 3867 voculae
1521 3816 1552 3879 β
1587 3810 1923 3881 praefigunt.

610 3963 806 4018 Dnscn.
847 3983 1043 4021 scnnrr.
1116 3971 1264 4018 1-2,
1298 3971 1383 4034 τῷ
1422 3967 1650 4021 όπιςθεν
1684 3967 1754 4019 τὸ
1793 3964 1854 4029 b,
1891 3982 1960 4018 το
1998 3969 2228 4020 οπιςθεν
2262 3982 2331 4019 το
2367 3967 2411 4020 Α
2444 3970 2453 4034 Ι
2483 3975 2531 4025 3.
2568 3971 2768 4024 αειδιος
2806 3970 2850 4022 Α
2883 3983 2891 4032 ι
2922 3974 2970 4021 6.
2994 3971 3064 4021 τὸ

478 4051 683 4116 ῥαῐδιος
728 4052 859 4118 <ml
904 4052 1089 4119 ῥᾴδιος
1137 4053 1228 4104 καὶ
1264 4051 1462 4118 ῥάῑος)
1508 4053 1597 4104 καὶ
1634 4053 1767 4119 ῥᾷος
1804 4049 2148 4116 HLAln-ens,
2194 4067 2262 4105 το
2307 4054 2513 4118 ραιδιος
2559 4070 2649 4107 και
2684 4070 2836 4120 ραιος
2876 4054 2945 4118 Α,
2993 4057 3064 4107 τὸ

478 4137 683 4201 ῥαῖδιος
722 4139 811 4189 καὶ
848 4137 1034 4203 ῥᾴδιος
1069 4135 1135 4201 b,
1183 4136 1251 4189 τὸ
1287 4137 1475 4204 ῥᾴδιος
1523 4138 1611 4190 καὶ
1648 4138 1784 4204 ῥᾷος
1821 4134 2036 4189 F'JBast
2098 4139 2107 4204 Ι
2172 4141 2220 4194 7.
2255 4137 2423 4192 Λάϊος
2470 4139 2560 4190 καί
2597 4138 2743 4207 Λᾷος
2779 4138 2841 4203 b,
2892 4142 3064 4193 λωῑος

479 4237 565 4273 και
610 4223 760 4273 λωος
798 4220 872 4286 Α,
930 4222 1101 4275 λώιος
1148 4222 1237 4274 καί
1285 4222 1436 4290 λῲος
1472 4218 1689 4276 FJBast
1752 4224 1760 4284 Ι
1823 4226 1872 4274 8.
1914 4223 2074 4275 λάϊον
2120 4223 2208 4275 καὶ
2255 4222 2385 4277 λάῑα
2421 4221 2547 4288 Ab,
2602 4226 2762 4277 λαῖον
2808 4226 2899 4277 καὶ
2935 4226 3066 4277 λαῖα

479 4302 693 4358 FJBast
739 4309 747 4368 Ι
795 4309 845 4360 9.
882 4307 989 4373 λᾷα
1025 4305 1088 4369 b,
1127 4309 1252 4360 λαια
1293 4307 1334 4360 Α
1367 4308 1377 4373 Ι
1418 4308 1526 4374 λᾷα
1559 4304 1845 4359 FWSturz
1884 4306 1946 4370 b,
1986 4311 2113 4360 λαια
2148 4307 2192 4360 Α
2225 4311 2234 4372 Ι
2268 4312 2347 4360 11.
2384 4309 2454 4376 ῥᾴ
2489 4307 2551 4368 b,
2589 4325 2681 4374 ραι
2719 4310 2763 4362 Α
2795 4313 2803 4372 Ι
2838 4313 2917 4364 12.
2956 4310 3064 4374 βρι-

476 4391 620 4443 θέως
666 4388 1057 4449 ChALobeck.
1109 4393 1345 4457 βριθύως
1394 4393 1435 4444 Α
1463 4391 1525 4455 b,
1560 4393 1759 4458 ιβριθύ,
1799 4394 1879 4445 ως
1915 4390 2132 4444 FJBast
2160 4393 2170 4460 Ι
2202 4398 2282 4446 13.
2321 4394 2407 4458 βρῖ
2445 4390 2829 4459 ChALobeck,
2878 4396 2962 4460 βρι
2998 4396 3063 4458 Α,

479 4473 564 4538 βρί
598 4473 633 4526 b
665 4477 674 4540 Ι
713 4481 789 4527 17.
826 4477 969 4542 πρὸς
1004 4475 1048 4527 Α
1075 4473 1139 4541 b,
1180 4476 1281 4542 βρά
1317 4473 1726 4543 GHSchaeferl
1764 4475 1985 4530 Αἰολεῖς
2022 4476 2139 4540 Ab,
2176 4477 2229 4530 οἱ
2269 4477 2484 4531 Αἰολεῖς
2521 4476 2735 4530 FJBast
2765 4501 2772 4542 t
2812 4483 2892 4532 20.
2928 4496 3064 4545 προ·

480 4561 620 4613 θεςις
657 4561 701 4613 Α
768 4560 780 4627 Ι
843 4565 925 4617 23.
963 4561 1053 4613 καί
1090 4561 1230 4628 <αί>
1265 4561 1553 4614 ἀποκοπαί
1591 4559 1807 4614 FJBast
1869 4564 1879 4627 Ι
1943 4567 2025 4613 24.
2065 4563 2460 4628 ἐπιγινομένου
2500 4562 2617 4628 Ab,
2667 4564 3063 4628 ἐπιγινόμενον

482 4639 686 4696 FJBast
715 4647 724 4708 Ι
757 4645 994 4712 βρᾳδίως
1029 4643 1414 4712 RSchneider,
1452 4645 1712 4714 βραιδίως
1747 4646 1842 4699 ΑΙ)
1875 4647 1884 4712 Ι
1915 4650 1998 4699 26.
2035 4649 2613 4715 προκατειλημμένων
2650 4649 2694 4701 Α
2719 4647 2754 4700 b
2789 4648 2848 4700 in
2884 4648 3063 4713 textu,

484 4725 647 4782 Ῥοή.
683 4732 1271 4796 προκατειλεγμένων’
1318 4729 1355 4784 b
1391 4729 1451 4782 in
1486 4747 1602 4789 var.
1639 4729 1768 4787 leet.
1801 4731 1811 4791 Ι
1841 4733 1972 4799 post
2004 4747 2089 4785 τις
2124 4730 2268 4784 duae
2305 4734 2489 4785 tresve
2524 4731 2750 4787 litterae
2787 4749 2979 4786 erasae
3003 4733 3062 4785 in

484 4813 544 4877 Α,
577 4814 831 4881 sequitur
865 4813 955 4869 fol.
988 4819 1081 4868 129
1106 4832 1158 4870 v.
1189 4821 1198 4878 1
1228 4820 1309 4874 ⁶27.
1335 4814 1597 4868 lacunam
1632 4814 1782 4884 expl.
1810 4813 2284 4880 GFSehoemann‚
2323 4833 2442 4870 απα
2479 4855 2492 4870 .
2528 4857 2540 4871 .
2580 4859 2591 4870 .
2634 4820 2676 4870 Α
2701 4818 2738 4871 b
2769 4822 2778 4883 Ι
2807 4818 3064 4872 29.·lacu·

486 4914 609 4952 nam
644 4897 792 4969 expl.
829 4897 867 4951 b
