3738 5530
684 327 817 392 218
892 325 1337 383 Commentarius
1366 325 1593 382 criticus
1621 326 1680 381 et
1707 323 2029 395 exegeticus
2055 323 2117 379 in
2143 322 2432 393 Apollonii
2458 323 2689 394 Dyscoli
2716 323 2929 395 scripta
2952 323 3183 380 minora.

863 498 1114 572 214,1s
1162 497 1235 557 cf.
1274 496 1403 557 adv.
1447 497 1593 571 181,
1613 496 1940 571 32-182,
1962 496 2017 555 3.

864 588 1011 662 214,
1043 589 1118 647 21
1190 582 1346 648 οὐδὲ
1417 580 1581 646 κατὰ
1640 581 1719 646 τὸ
1792 579 2134 664 παντελές]
2211 578 2571 662 ‘uberhaupt
2642 583 2810 644 nicht
2880 578 3150 659 einmal'3
3221 584 3297 644 ad

686 677 835 738 coni.
877 678 1026 752 214,
1054 677 1111 737 3.

862 768 1010 841 214,
1032 767 1114 826 23
1153 760 1294 827 ἰδοὺ
1322 796 1411 809 -
1438 759 1912 844 παρέμπτωςις]
1950 764 1987 824 i.
2018 784 2066 825 e.
2105 758 2204 824 ‘ne
2237 762 2353 824 tibi
2398 762 2755 841 persuadeas
2790 765 2856 823 in
2890 763 2985 824 his
3028 758 3082 824 εἰ
3117 758 3300 825 δεινὰ

684 852 997 931 δέδρακας
1033 857 1095 916 et
1131 849 1271 916 ἀνθ’
1308 849 1402 916 ὧν
1439 856 1493 916 δ.
1528 856 1583 915 δ.
1619 854 1685 914 111
1723 848 1778 916 εἰ
1814 853 2246 915 coniunctionis
2282 855 2478 914 locum
2513 852 2799 915 substitui
2844 847 3003 925 ἀντί,
3048 853 3301 930 impedit

682 947 1068 1022 interpositus
1106 945 1390 1005 articulus
1431 935 1920 1028 (postpositivus)
1967 938 2104 1005 ὤν’.
2177 944 2360 1005 Notio
2408 937 2834 1020 ‘interpositio'
2881 945 2972 1004 est
3016 943 3118 1003 ubi
3163 943 3296 1003 sub-

683 1035 764 1095 sit
806 1036 939 1095 voci
984 1030 1430 1110 παρέμπτωςις
1476 1026 1673 1116 (velut
1708 1036 1861 1111 synt.
1896 1035 2000 1109 85,
2016 1034 2116 1093 24.
2168 1035 2317 1109 202,
2340 1035 2437 1093 19.
2490 1035 2637 1109 217,
2659 1023 2727 1115 2)
2774 1035 2835 1093 et
2878 1034 3044 1093 notio
3092 1027 3296 1092 ‘inter-

681 1118 865 1200 poni'‚
919 1118 1174 1184 ‘inferri'
1228 1123 1409 1184 verbo
1463 1120 1915 1199 παρεμπίπτω,
1977 1126 2131 1201 synt
2183 1124 2330 1199 216,
2353 1124 2433 1182 28
2490 1118 2596 1183 καὶ
2650 1119 2849 1199 ςαφὲς
2905 1116 3006 1183 ὅτι
3051 1118 3129 1183 τὸ
3173 1140 3294 1183 πα-

681 1213 1038 1288 ρεμπῖπτον
1084 1208 1430 1290 ἀλλότριον
1475 1213 1589 1289 τῆς
1632 1209 1938 1274 πτώςεως
1973 1209 2013 1288 ἢ
2053 1208 2450 1287 ςολοικιςμὸν
2485 1207 2733 1286 ποιήςει
2768 1208 2808 1287 ἢ
2845 1207 3296 1288 παρέμπτωςιν

683 1298 906 1378 ἑτέρου
955 1298 1253 1378 ῥήματος.
1325 1302 1397 1360 V.
1436 1302 1558 1362 ind.
1646 1302 1814 1363 Idem
1859 1303 1898 1361 l.
1942 1303 2022 1363 25
2071 1302 2368 1381 significat
2412 1297 2768 1376 παρειςέδυ.

862 1394 1009 1467 214,
1032 1394 1112 1452 26
1161 1395 1299 1468 post
1333 1408 1589 1469 γραμμα
1626 1392 1773 1453 duas
1815 1392 2069 1471 paginas
2105 1395 2167 1452 et
2203 1390 2513 1451 dimidiam
2547 1390 2804 1470 paginae
2838 1395 3072 1468 partem
3116 1392 3298 1451 libra-

679 1482 804 1542 rius
850 1499 1068 1542 vacuas
1111 1482 1384 1558 reliquit,
1437 1480 1618 1559 idque
1662 1482 1796 1543 ideo
1840 1483 2051 1542 fecisse
2095 1480 2351 1557 videtur,
2408 1479 2568 1558 quod
2612 1499 2765 1556 quae
2820 1484 2992 1542 erant
3035 1482 3099 1540 in
3143 1481 3297 1541 libro

680 1572 836 1631 unde
891 1570 1260 1632 describebat
1304 1589 1437 1648 sua,
1497 1573 1617 1651 legi
1662 1590 1781 1632 non
1825 1574 2133 1648 poterant,
2186 1570 2250 1631 id
2303 1570 2482 1631 simul
2536 1570 2853 1631 consilium
2906 1573 3170 1647 secutus,
3225 1573 3297 1631 ut

678 1664 887 1737 postea
933 1681 1086 1738 quae
1132 1661 1354 1721 omissa
1399 1665 1572 1722 erant
1617 1659 1857 1721 aliunde
1900 1663 2146 1738 peteret.
2237 1660 2369 1720 Iam
2411 1679 2552 1721 vero
2598 1679 2733 1720 cum
2776 1680 2884 1737 per
2928 1679 2991 1721 se
3036 1660 3118 1720 sit
3161 1678 3295 1720 con·

676 1754 1042 1826 sentaneum‚
1086 1752 1148 1810 in
1195 1750 1613 1812 conscribendo
1658 1752 1771 1812 hoc
1814 1750 1970 1811 libro
2012 1749 2258 1811 eandem
2302 1751 2483 1810 inisse
2528 1751 2866 1810 technicum
2909 1752 3071 1810 viam
3118 1753 3297 1827 atque

676 1841 739 1898 in
784 1839 955 1900 libris
992 1840 1065 1900 de
1109 1841 1459 1916 pronomine
1495 1843 1557 1901 et
1600 1839 1673 1900 de
1720 1840 2031 1901 adverbio:
2076 1843 2207 1900 tum
2250 1841 2316 1899 in
2361 1841 2537 1900 initio
2577 1838 2755 1900 huius
2800 1840 3141 1917 scriptionis
3179 1859 3298 1917 quo

674 1929 852 1990 modo
906 1948 999 1990 res
1054 1929 1371 1990 tractanda
1424 1930 1506 1990 sit
1561 1932 1689 2007 ipse
1731 1929 1976 1990 indicat.
2068 1930 2281 2006 Itaque
2327 1928 2400 1990 de
2447 1930 2530 1990 eis
2575 1929 2849 2007 partibus
2895 1948 3049 2007 quae
3093 1929 3296 1990 interi-

677 2022 851 2079 erunt
896 2021 1043 2080 satis
1089 2022 1315 2080 certum
1359 2019 1647 2080 iudicium
1690 2021 1845 2080 ferre
1890 2038 2220 2096 possumus.

853 2108 938 2168 Ut
981 2110 1107 2169 veri
1153 2128 1271 2168 non
1318 2112 1410 2169 est
1454 2110 1647 2170 simile
1692 2129 1827 2170 eum
1874 2111 1977 2186 qui
2021 2110 2325 2188 integrum
2358 2108 2471 2185 Ap.
2510 2107 2731 2168 librum
2778 2110 3069 2186 excerpsit
3113 2108 3238 2168 def
3242 2109 3295 2167 i·

675 2199 1027 2277 nitionem
1074 2199 1367 2259 omisisse:
1412 2200 1503 2258 ita
1546 2218 1755 2259 vereor
1797 2201 1868 2258 ut
1912 2201 1993 2260 sit
2038 2198 2112 2258 ab
2160 2199 2294 2259 81118
2340 2201 2592 2259 servata.
2674 2198 2832 2257 Nam
2878 2217 3031 2275 quae
3077 2199 3298 2275 legitur

676 2287 836 2365 apud
873 2288 1050 2348 schol.
1089 2288 1284 2347 DThr.
1329 2290 1476 2364 102,
1499 2290 1580 2348 15
1601 2308 1686 2365 sq.
1716 2288 1907 2367 Hilg.:
1970 2284 2312 2363 ςύνδεςμός
2362 2283 2491 2349 ἐςτι
2538 2283 2730 2363 μέρος
2783 2283 2987 2359 λόγου
3036 2282 3295 2348 ἄκλιτον

679 2373 1045 2438 ςυνδετικὸν
1091 2377 1223 2437 τῶν
1268 2377 1385 2439 τοῦ
1430 2374 1633 2450 λόγου
1672 2377 1903 2454 μερῶν,
1951 2371 2050 2440 οἷς
2084 2373 2189 2437 καὶ
2230 2373 2621 2452 ςυςςημαίνει
2657 2373 2697 2451 ἢ
2735 2372 2914 2438 τάξιν
2949 2374 2987 2451 ἢ
3026 2373 3296 2451 δύναμιν

675 2466 1014 2541 παριςτῶν,
1053 2466 1407 2528 conveniens
1444 2486 1576 2527 cum
1614 2467 1908 2527 Prisciani
1943 2470 2212 2528 versione
2247 2466 2391 2526 XVI
2423 2470 2456 2526 1
2497 2487 2556 2544 p.
2589 2468 2746 2542 93‚·1
2792 2460 3169 2527 ‘coniunctio
3206 2470 3297 2526 est

673 2574 814 2633 pars
860 2557 1148 2618 orationis
1192 2556 1648 2633 indeclinabilis,
1695 2557 2072 2617 coniunctiva
2118 2558 2373 2617 aliarum
2417 2558 2682 2634 partium
2729 2557 3034 2632 orationis,
3082 2556 3294 2633 quibus

675 2646 1110 2724 consignificat,
1166 2648 1289 2707 vim
1344 2649 1406 2707 et
1458 2646 1894 2707 ordinationem
1940 2640 2372 2707 demonstrans'
2384 2666 2401 2705 :
2455 2665 2587 2706 eam
2634 2646 2828 2722 qualis
2875 2664 3032 2705 nunc
3085 2648 3176 2705 est
3220 2666 3294 2705 ne

673 2735 1136 2812 Apollonianam
1192 2753 1318 2797 esse
1370 2735 1541 2798 nobis
1595 2735 2056 2816 persuadeamus
2073 2783 2089 2813 ,
2144 2737 2531 2814 gravissimae
2578 2754 2790 2797 causae
2853 2738 3008 2796 sunt.
3103 2727 3293 2817 (Quas

673 2825 1074 2886 dubitationes
1119 2828 1243 2886 iam
1287 2827 1518 2905 pridem
1563 2827 1755 2888 movit
1792 2826 1917 2887 Ska
1951 2827 2013 2886 H
2055 2829 2165 2902 11;
2208 2846 2335 2886 rem
2381 2824 2573 2886 denuo
2611 2828 2975 2903 pertractavi
3019 2826 3084 2885 in
3118 2825 3289 2884 MRh.

679 2916 847 2975 1879
877 2935 933 2991 p.
961 2916 1084 2976 183
1101 2907 1275 2997 sqq.).
1339 2916 1499 2976 Nam
1532 2918 1793 2994 primum
1821 2916 2060 2992 quidem
2086 2915 2201 2993 Ap.
2230 2917 2467 2993 saepius
2502 2915 2813 2993 praecipit,
2849 2916 3292 2974 coniunctiones

675 3007 813 3064 ante
851 3007 1051 3064 omnia
1092 3007 1421 3082 enuntiata,
1464 3025 1584 3065 non
1625 3005 1916 3066 vocabula
1959 3008 2322 3081 connectere,
2367 3008 2521 3082 synt.
2563 3007 2622 3080 8,
2637 3007 2671 3063 7
2724 2999 2854 3064 Κάν
2891 3003 3028 3065 τοῖς
3073 3000 3291 3076 λόγοι(

674 3089 823 3155 οἱ..
862 3090 1192 3169 ςύνδεςμοι
1221 3139 1279 3155 ..
1319 3091 1532 3156 ἑνοῦςι
1575 3089 1697 3155 δύο
1743 3091 2028 3167 λόγους
2071 3091 2111 3169 ἢ
2154 3091 2260 3155 καὶ
2294 3090 2574 3155 πλείους.
2647 3092 2726 3152 ib.
2759 3095 2816 3170 8,
2843 3095 2923 3153 12
2974 3087 3290 3154 ἀποςτὰν-

673 3199 779 3243 τες
815 3178 1098 3244 διάλυςιν
1134 3182 1268 3244 τῶν
1313 3180 1567 3256 λόγων
1602 3183 1957 3246 ποιοῦνται.
2022 3183 2101 3243 ib.
2134 3186 2192 3259 9,
2215 3186 2300 3244 20
2338 3179 2401 3245 οἱ
2439 3179 2768 3258 ςύνδεςμοι
2805 3178 2971 3257 πρὸς
3007 3177 3122 3242 τὰς
3157 3182 3292 3243 τῶν

673 3269 928 3343 λόγων
989 3268 1309 3334 ςυντάξεις
1362 3269 1467 3334 καὶ
1521 3267 1908 3335 ἀκολουθίας
1962 3268 2077 3333 τὰς
2140 3267 2305 3334 ἰδίας
2357 3269 2658 3348 δυνάμεις
2722 3267 3292 3348 παρεμφαίνουςιν.

671 3361 750 3420 ib.
794 3364 998 3437 11,16
1046 3358 1413 3437 προςτεθεὶς
1450 3359 1519 3441 (ὁ
1565 3359 1936 3441 ςύνδεςμος)
1983 3358 2209 3437 ἕτερον
2256 3358 2495 3434 λόγον
2542 3357 2889 3436 ἀπαιτήςει.
2962 3362 3040 3420 ib.
3084 3362 3289 3437 119,8

675 3446 713 3510 ὁ
762 3467 810 3511 ς.
859 3445 1060 3511 αἴτιος
1105 3448 1455 3526 γενόμενος
1509 3448 1859 3526 ἐπιπλοκῆς
1905 3447 2131 3527 ἑτέρου
2187 3448 2445 3524 λόγου.
2535 3451 2614 3510 ib.
2667 3452 2917 3526 235‚19
2968 3446 3122 3511 οὐδὲ
3167 3446 3291 3526 γὰρ

675 3535 883 3602 ἐκεῖνό
928 3556 1021 3601 τις
1068 3536 1345 3614 οἰήςεται
1402 3536 1490 3602 ὡς
1537 3537 1868 3617 ςύνδεςμοί
1915 3536 2027 3602 εἰςι
2073 3536 2224 3618 (χρή
2272 3543 2333 3600 et
2378 3536 2531 3619 δεῖ),
2588 3536 2749 3600 καθὸ
2796 3536 2877 3600 οὐ
2924 3535 3291 3600 ςυνδέουςιν

673 3625 997 3706 ἐπιφορὰν
1061 3625 1285 3705 ἑτέρου
1351 3626 1616 3703 λόγου,
1683 3625 1874 3706 ὅπερ
1937 3625 2143 3692 ἴδιον
2208 3626 2643 3706 ςυνδέςμου.
2728 3628 2858 3688 adv.
2912 3630 3058 3702 133,
3085 3630 3166 3688 25
3228 3624 3291 3689 οἱ

672 3716 744 3779 δὲ
799 3715 1130 3793 ςύνδεςμοι
1184 3713 1426 3781 οὔποτε
1480 3716 1615 3781 κατ’
1663 3715 1831 3781 ἰδίαν
1887 3715 2251 3797 ςημαίνουςί
2306 3737 2390 3791 τι,
2453 3714 2779 3780 ςυνδέουςι
2834 3715 2908 3778 δὲ
2961 3716 3116 3780 τοὺς
3161 3714 3288 3779 λό-

671 3824 872 3880 γους.
963 3809 1111 3869 coni.
1162 3811 1311 3884 216,
1335 3811 1370 3869 2
1433 3805 1496 3871 οἱ
1550 3806 1627 3884 δὴ
1684 3805 2091 3885 προκείμενοι
2153 3805 2482 3883 ςύνδεςμοι
2543 3803 3018 3886 (διαζευκτικοί)
3080 3803 3286 3882 εἴρην-

670 3914 772 3958 ται
820 3894 935 3972 μὲν
982 3894 1312 3973 ςύνδεςμοι
1366 3894 1556 3960 ἕνεκα
1609 3898 1726 3960 τοῦ
1782 3898 2036 3961 ςυνδεῖν
2090 3894 2223 3959 τὰς
2282 3894 2624 3974 φράςεις,
2685 3893 2845 3958 ὥςτε
2892 3894 2977 3958 τὸ
3023 3894 3289 3958 κοινὸν

670 3986 820 4048 τῶν
879 3983 1312 4062 ςυνδέςμων
1373 3985 1609 4050 αὐτοὺς
1669 3982 2109 4063 ἀναδεδέχθαι.
2211 3987 2288 4047 ib.
2341 3989 2486 4063 218,
2519 3990 2555 4048 9
2628 3982 2750 4061 οὐχ
2811 3980 2955 4048 οἶόν
3023 3982 3094 4046 τέ
3162 3981 3290 4047 ἐςτι

668 4069 946 4154 <παντ>ὶ
1000 4073 1204 4157 λόγῳ
1259 4073 1474 4138 πάντα
1529 4074 1877 4153 ςύνδεςμον
1931 4072 2323 4139 ςυντάττειν·
2407 4072 2578 4149 λέγω
2635 4073 2708 4136 δὲ
2768 4072 2972 4148 λόγον
3032 4071 3148 4135 τὸν
3207 4070 3288 4134 δι’

672 4160 907 4226 ἑαυτοῦ
962 4161 1528 4242 ἐπαγγελλόμενον
1583 4163 1953 4243 ςυνάφειαν.
2045 4167 2312 4237 Quacum
2366 4167 2639 4227 doctrina
2690 4184 2809 4224 non
2854 4168 3089 4244 pugnat
3132 4168 3286 4241 synt.

674 4256 821 4331 204,
846 4256 925 4314 13
975 4251 1068 4333 (οἱ
1114 4252 1472 4334 ςύνδεςμοι)
1520 4251 1609 4317 εἰς
1655 4253 1850 4318 οὐδὲν
1897 4251 2424 4332 ἀναμεριῑόμενοι
2473 4255 2606 4316 τῶν
2651 4250 3289 4329 προκατειλεγμένων

673 4339 825 4421 (scil.
866 4341 1089 4419 χρόνοι
1136 4342 1452 4421 πρόςωπα
1492 4340 1745 4421 ἀριθμοί
1791 4341 1946 4420 γένη
1998 4341 2297 4423 πτώςεις)
2344 4339 2768 4420 ἀδιαφοροῦςι
2814 4340 2929 4405 τὰς
2975 4338 3289 4406 ςυνδέςεις

671 4433 983 4494 ποιεῑςθαι
1028 4430 1193 4509 πρὸς
1238 4430 1392 4509 γένη
1441 4431 1727 4512 διάφορα
1761 4432 1801 4510 ἢ
1839 4431 2108 4496 πτώςεις
2145 4432 2183 4509 ἢ
2222 4430 2555 4510 διακρίςεις
2600 4429 2969 4508 προςώπιυν
3013 4424 3113 4514 (cf.
3153 4432 3285 4493 adv.

676 4523 823 4597 180,
845 4514 986 4605 28);
1020 4523 1133 4583 hoc
1168 4523 1328 4583 enim
1363 4523 1533 4585 dicit:
1570 4525 2046 4586 coniunctionem
2083 4526 2293 4602 suapte
2331 4527 2550 4584 natura
2575 4541 2696 4582 non
2731 4522 3007 4600 impediri
3043 4543 3117 4582 ne
3152 4541 3289 4582 cum

671 4611 943 4672 omnibus
980 4613 1292 4691 generibus
1330 4614 1560 4676 casibus
1606 4618 1875 4693 personis
1913 4635 1961 4674 e.
1991 4634 2047 4691 q.
2077 4632 2120 4674 8.
2160 4616 2571 4690 consumatum
2616 4613 2807 4674 solam
2842 4615 3144 4673 notionem
3180 4607 3287 4689 (τὸ

671 4696 1068 4780 ἐγκείμενον)
1115 4721 1356 4763 causam
1402 4722 1554 4780 esse,
1606 4723 1711 4763 cur
1756 4703 2050 4781 quaedam
2096 4706 2536 4764 coniunctiones
2590 4721 2710 4762 non
2755 4702 2974 4780 ubique
3020 4701 3290 4762 adbiberi

669 4791 917 4867 possint,
955 4794 1025 4850 ut
1053 4786 1133 4851 ἄν
1169 4811 1288 4851 11011
1325 4811 1458 4852 811111
1487 4794 1757 4854 omnibus
1796 4793 2161 4870 temporibus
2198 4795 2604 4872 coniungitur3
2646 4792 2750 4852 sed
2784 4810 3110 4870 numquam
3138 4793 3287 4850 tem-

668 4899 818 4956 pora
854 4900 901 4939 e.
932 4900 987 4957 q.
1018 4899 1061 4941 s.
1101 4882 1611 4941 coniunctionibus
1648 4885 1839 4942 inter
1876 4900 1946 4942 se
1984 4884 2430 4958 connectuntur,
2475 4881 2578 4943 sed
2615 4884 2927 4941 enuntiata
2960 4883 3032 4940 in
3070 4880 3287 4959 quibus

669 4971 836 5045 sunt3
871 4988 1013 5030 sane
1041 4972 1170 5031 sola
1197 4973 1387 5030 forma
1413 4971 1671 5033 verbalis
1699 4973 1895 5033 locum
1932 4972 2228 5031 enuntiati
2255 4972 2523 5032 obtinere
2549 4973 2750 5049 potest
2777 4963 2963 5053 (synt.
2986 4971 3130 5046 166,
3155 4961 3284 5051 11).
