3738 5530
1244 361 1803 431 [ADVERBIORVM
1837 358 2389 430 consTva'no]
2984 359 3110 424 205

774 569 865 635 δι’
911 568 1238 634 εὐπετείας
1280 570 1547 649 τειχέων
1594 569 1741 635 εἴςω
1790 571 2011 648 μολεῖν
2058 565 2238 651 (Eur.
2275 564 2518 629 Phoen.
2565 564 2693 629 262
2723 562 3109 645 Kirohhoff).

522 672 713 737 Ἀλλά
778 691 1002 755 φαςιν,
1071 672 1160 736 ὡς
1227 671 1425 752 ἐχρῆν
1486 671 1687 751 φάναι
1746 670 1959 735 ἔνδον.
2036 668 2197 749 ὅπερ
2263 668 2333 733 ἐκ
2396 673 2527 734 τῶν
2595 666 2906 734 ἐναντίων
2960 667 3112 733 ἵςως

522 773 795 850 ἄλογον,
852 776 1011 839 καθὸ
1058 776 1186 839 πᾶν
1233 773 1322 839 εἰς
1367 761 1487 839 δ-ον
1547 778 1750 853 λῆγον
1807 772 2119 852 ἐπίρρημα
2161 769 2501 851 ποιότητός
2545 770 2668 834 ἐςτι
2714 789 3110 850 παρεμφατι-

418 891 473 930 20
525 877 674 959 κόν,
728 874 808 939 οὐ
850 875 1092 958 τόπου,
1153 875 1496 956 βοτρυδόν,
1559 874 1896 957 οἰακηδόν,
1948 871 2299 956 ἀγεληδόν,
2345 871 2726 952 δονακηδόν.
2803 879 2943 937 πῶς
2988 871 3109 939 οὖν

526 977 606 1042 οὐ
662 977 923 1053 γέλοιον
967 978 1042 1042 τὸ
1102 978 1218 1058 μὲν
1272 976 1429 1057 ἔχον
1486 977 1687 1053 λόγον
1732 977 2195 1057 παραιτεῑςθαι,
2250 974 2325 1039 τὸ
2384 975 2455 1038 δὲ
2512 973 2758 1051 ἄλογον
2810 974 2910 1038 καὶ
2954 975 3113 1039 κατὰ
3148 992 3181 1040 5

527 1078 779 1162 φωνήν,
824 1072 924 1142 ὅτί
967 1080 1051 1158 μὴ
1103 1076 1416 1161 ὀξύνεται,
1461 1079 1564 1143 καὶ
1607 1079 1768 1142 κατὰ
1812 1078 1887 1141 τὸ
1934 1076 2355 1158 δηλούμενον,
2400 1075 2497 1140 ὅτι
2540 1077 2622 1155 μὴ
2665 1076 2742 1140 τὸ
2788 1076 2948 1141 αὐτὸ
2978 1078 3116 1141 τοῖς

526 1179 716 1245 ἅπαςι
763 1179 1077 1260 ςημαίνει,
1123 1179 1623 1258 ἀναλογώτερον
1669 1177 1900 1254 εἰπεῖν;
1958 1177 2164 1242 ’Έςτιν
2210 1178 2374 1256 ὑπὲρ
2418 1181 2531 1255 τῆς
2574 1178 2859 1256 χρήςεως
2903 1176 3118 1242 ἐκεῖνα

422 1296 477 1336 2⁵
527 1282 949 1365 παραθέςθαι,
1015 1280 1106 1345 ὡς
1161 1282 1240 1346 τά
1296 1283 1410 1362 μὲν
1466 1279 1633 1344 ἄλλα
1688 1286 1819 1344 τῶν
1878 1280 2352 1362 ἐπιρρημάτων,
2419 1280 2588 1356 λέγω
2646 1280 2725 1344 τά
2777 1282 2953 1357 παρὰ
3005 1280 3119 1344 τὰς

528 1384 859 1464 προθέςεις
904 1382 1428 1464 ἐςχηματιςμένα,
1487 1380 1606 1448 οὐκ
1650 1381 1888 1461 ἔχοντα
1933 1381 2154 1461 ἕτερον
2198 1383 2275 1446 τὸ
2320 1381 2821 1464 παρακείμενον,
2874 1383 3116 1461 δηλοῦν

528 1486 644 1564 τὴν
690 1484 761 1550 ἐν
802 1484 985 1570 τόπῳ
1033 1484 1272 1568 ςχέςιν,
1329 1484 1596 1563 ἀνέμενε
1639 1485 1757 1563 τὴν
1817 1485 2028 1563 διςςὴν
2086 1485 2304 1563 χρῆςιν
2349 1487 2483 1547 τῶν
2538 1486 2855 1547 τοπικῶν·
2911 1484 2988 1548 τὸ
3046 1483 3117 1548 δὲ
3155 1498 3220 1546 10

530 1585 694 1662 εἷςω,
739 1586 897 1665 ἔχον
941 1586 1016 1650 τὸ
1061 1585 1255 1651 ἔνδον
1302 1584 1938 1667 ἀντιπαρακείμενον,
1985 1585 2191 1650 ἐδόκει
2221 1583 2479 1661 ἀλόγως
2505 1583 2778 1649 τίθεςθαι
2810 1588 3118 1665 ςημαῖνον

426 1703 481 1743 30
531 1690 646 1768 τὴν
690 1690 809 1752 τοῦ
851 1687 1045 1752 ἔνδον
1088 1688 1317 1767 ςχέςιν.
1391 1686 1553 1768 ὅπερ
1597 1688 1789 1752 παντὶ
1844 1686 2017 1766 μέρει
2071 1687 2273 1762 λόγου
2317 1686 2794 1765 παρακολουθεῖ
2830 1686 2908 1750 τὸ
2954 1689 3120 1751 διελ-

532 1790 818 1869 έγχεςθαι
862 1789 951 1852 εἰς
983 1788 1560 1868 ἀκαταλληλότητα,
1607 1787 1765 1852 ὅταν
1812 1787 1999 1867 ἑτέρα
2040 1808 2133 1853 τις
2177 1790 2391 1867 χρῆςις
2433 1788 2473 1872 ᾖ
2517 1787 2662 1852 κατ’
2707 1787 2871 1852 ἰδίαν
2915 1788 3120 1867 μόνον

533 1891 847 1970 ςημαςίαν.
918 1891 994 1954 τὸ
1046 1889 1281 1970 γράφει
1339 1888 1457 1954 οὐκ
1512 1889 1593 1955 ἄν
1638 1909 1797 1955 ποτε
1852 1890 1959 1953 ἐπὶ
2001 1889 2267 1967 πρώτου
2310 1889 2665 1968 προςώπου
2719 1889 2758 1966 ἢ
2816 1889 3121 1967 δευτέρου

397 2006 500 2054 620
534 1991 768 2071 τεθείη,
817 1991 956 2056 ἐπεὶ
1000 1990 1490 2071 ἀπομεμέριςται
1534 1994 1609 2056 τὸ
1654 1991 1890 2071 γράφω
1935 1991 2039 2055 καὶ
2081 1989 2349 2069 γράφεις
2394 1990 2482 2054 εἰς
2524 1991 2604 2054 τὰ
2648 1989 2988 2068 πρόςωπα·
3043 1990 3122 2054 τὸ
3165 2005 3224 2053 15

534 2093 804 2174 γράφεις
850 2094 922 2157 δὲ
968 2092 1119 2156 οὔτε
1167 2092 1269 2156 ἐπὶ
1315 2094 1581 2171 πρώτου
1626 2092 1777 2156 οὔτε
1824 2092 1931 2157 ἐπὶ
1972 2092 2219 2171 τρίτου,
2265 2092 2423 2155 καθὸ
2469 2091 2838 2170 ἀνεμερίςθη
2874 2092 2953 2155 τά
2994 2112 3122 2156 τοι-

537 2187 714 2260 αῦτα.
773 2194 937 2276 (ui)
964 2213 1036 2269 γε
1068 2197 1192 2274 μὴν
1243 2192 1690 2274 ἀπαρέμφατα,
1738 2193 1828 2258 εἰς
1871 2181 2187 2272 πρόςωπα
2217 2191 2296 2257 οὐ
2341 2193 2711 2272 μεριςθέντα
2754 2191 2993 2273 (οὐδ’)
3037 2192 3124 2257 εἰς

460 2315 488 2356 ⁶
539 2294 862 2375 ἀριθμούς,
910 2294 1122 2360 οὐκέτι
1167 2295 1577 2373 ἀκατάλληλα
1619 2295 1796 2375 παρὰ
1838 2296 1955 2374 τὴν
2000 2293 2251 2359 τούτων
2297 2293 2667 2371 ἀνωμαλίαν
2712 2293 2897 2359 ἐςτίν.
2957 2293 3125 2359 ἐςτιν

499 2477 502 2478 ⁷
537 2397 626 2462 εἰς
666 2398 742 2461 τὸ
786 2400 1088 2462 τοιοῦτον
1134 2396 1485 2476 πάμπολλα
1528 2396 1934 2476 παραθέςθαι.
2016 2395 2351 2474 ἐξαιρέτως
2406 2393 2526 2460 οὖν
2583 2394 2994 2474 ἀναμεριςθὲν
3048 2396 3125 2460 τὸ

538 2496 734 2564 ἔνδον
779 2496 1143 2574 ἀναγκαίως
1188 2497 1503 2577 διελέγχει
1546 2500 1662 2578 τὴν
1707 2499 1920 2577 διςςὴν
1965 2500 2183 2577 χρῆςιν
2213 2501 2330 2562 τοῦ
2361 2495 2527 2561 εἴςω.
2569 2533 2645 2542 -
2690 2496 2895 2562 Ἀλλά.
2913 2518 3123 2577 φαμεν
3160 2518 3227 2567 20
3311 2552 3332 2567 .

539 2599 697 2664 αὐτὸ
752 2599 1130 2680 ήλογῆςθαι,
1192 2598 1355 2678 ὅπερ
1399 2599 1574 2680 εἶχεν
1620 2599 2015 2678 ὑπεξαίρεςιν
2058 2603 2177 2663 τοῦ
2235 2600 2316 2679 μὴ
2373 2595 2603 2677 ὅμοιον
2649 2595 2813 2663 εἶναι
2855 2603 2994 2663 τοῖς
3039 2599 3128 2664 εἰς

438 2721 491 2759 10
541 2688 659 2768 δῖα
713 2701 1246 2783 περατουμένοις,
1306 2705 1570 2782 πρῶτον
1626 2702 1725 2767 ὅτι
1781 2701 2196 2782 διςύλλαβον,
2253 2699 2471 2764 ἔπειτα
2526 2699 2732 2781 μόνον
2788 2699 2919 2764 ἀπὸ
2974 2721 3131 2781 προ-

541 2804 771 2869 θὲςεως
817 2803 1286 2891 ἐςχημάτιςται,
1340 2809 1473 2881 τῶν
1516 2803 1735 2869 ἄλλων
1783 2802 1862 2868 οὐ
1907 2806 2059 2887 τῇδε
2114 2801 2429 2880 ἐχόντων,
2489 2801 2645 2866 ἀλλ’
2688 2800 2753 2866 ἐξ
2807 2801 3129 2883 ὀνόματος

540 2906 580 2984 ἢ
625 2905 903 2985 ῥήματος
960 2905 1410 2984 παρηγμένων.
1492 2905 1818 2985 πρόκειται
1875 2905 1946 2970 δὲ
2000 2902 2099 2968 ὅτι
2153 2901 2216 2967 αἱ
2270 2904 2633 2984 προθέςεις,
2690 2904 3130 2983 παραγόμεναι

542 3007 631 3071 εἰς
697 3006 1187 3086 ἐπιρρηματικὴν
1250 3006 1632 3090 προφορὰν,
1708 3008 1918 3073 τόπου
1985 3005 2190 3085 ςχέςιν
2267 3003 2794 3083 ἐπαγγέλλονται.
2889 3004 2944 3070 εἰ
3008 3004 3234 3072 οὗν“25

441 3125 493 3165 1⁵
543 3108 745 3186 μόνον
790 3106 922 3171 ἀπὸ
966 3108 1363 3186 προθέςεως,
1409 3108 1614 3186 μόνον
1659 3110 1762 3174 καὶ
1803 3108 2073 3185 τοπικὴν
2119 3106 2324 3185 ςχέςιν
2370 3106 2686 3188 ςημαίνει,
2746 3106 2864 3171 οὐκ
2907 3106 3131 3173 ὀξυνό-

544 3229 769 3290 μενον,
827 3209 984 3273 καθὸ
1042 3208 1116 3272 τὸ
1172 3209 1376 3274 πλέον
1431 3210 1624 3275 πάλιν
1680 3209 1744 3273 αἱ
1795 3208 2126 3290 προθέςεις
2182 3206 2252 3274 ἐν
2309 3209 2527 3293 βαρείᾳ
2570 3209 2741 3274 τάςει
2795 3208 3011 3288 ἔχουςι
3054 3210 3134 3274 τά

545 3310 937 3392 ἐπιρρήματα
979 3309 1415 3389 παραγόμενα.

714 3410 989 3490 Ὁμοίως
1044 3412 1116 3475 δὲ
1159 3410 1259 3475 καὶ
1302 3411 1382 3475 τὰ
1435 3411 1540 3476 διὰ
1584 3416 1700 3477 τοῦ
1744 3415 1812 3477 Ec:
1871 3412 2271 3493 ἐκφερόμενα
2328 3413 2446 3491 τήν
2502 3410 2700 3490 αὐτὴν
2747 3411 2952 3489 ςχέςιν
2997 3415 3133 3477 τοῖς

548 3514 635 3580 εἰς
679 3498 752 3579 δὲ’
807 3512 1067 3590 λήγουςι
1110 3512 1422 3592 ςημαίνει,
1477 3515 1594 3579 τὸν
1650 3514 1850 3579 αὐτὸν
1900 3514 2100 3579 τόνον
2155 3513 2600 3594 ἀναδεχόμενα
2643 3513 2743 3578 καὶ
2786 3512 3133 3591 παράθεςιν
3170 3528 3250 3576 30.

444 3632 499 3671 20
546 3617 663 3695 τὴν
708 3621 840 3680 τῶν
885 3614 976 3679 εἰς
1019 3601 1164 3697 θῖν’,
1208 3612 1485 3680 ἄλλοθεν
1529 3614 1795 3694 ἄλλοςε,
1841 3614 2044 3679 πόθεν
2088 3615 2275 3695 πόςε,
2320 3614 2644 3680 πάντοθεν
2690 3614 2997 3679 πάντοςε·
3053 3615 3134 3679 οὐ

547 3715 743 3783 τοῦτό
787 3737 912 3794 μου
957 3714 1529 3796 ἀποφαινομένου,
1590 3715 1682 3781 ὡς
1724 3716 1985 3782 πάντως
2028 3716 2108 3793 τὰ
2153 3717 2240 3782 εἰς
2283 3703 2409 3782 θε-ιῖ
2449 3717 2732 3796 λήγοντα
2789 3716 3135 3796 ἀντιπαρά-

549 3840 745 3885 κειται
787 3821 926 3882 τοῖς
968 3817 1055 3883 εἰς
1101 3821 1200 3899 ’ς’ἑ,
1257 3817 1407 3882 ἀλλ’
1453 3816 1543 3881 ὡς
1586 3819 1666 3883 τά
1710 3816 1798 3883 εἰς
1840 3822 1910 3882 fi
1952 3821 2090 3883 τοῖς
2134 3819 2223 3883 εἰς
2268 3805 2390 3884 θῖ
2434 3818 2835 3897 παράκειται,
2896 3816 2992 3883 ὧν
3037 3819 3138 3883 καὶ

549 3922 665 3999 τὴν
709 3919 1062 3997 ταυτότητα
1105 3919 1256 4002 (τῆς
1298 3917 1578 4001 τάςεως)
1626 3918 2072 3998 ἀναδέχονται.
2119 3957 2196 3967 -
2245 3918 2343 3984 οἷς
2386 3919 2580 3984 πάλιν
2626 3918 2905 3984 ςύνεςτιν
2948 3919 2988 3998 ἡ
3034 3921 3139 3984 διὰ

448 4036 504 4078 2⁵
551 4027 669 4087 τοῦ
720 4007 786 4086 δῖ
828 4021 1219 4101 παραγωγή,
1274 4021 1392 4099 τὴν
1438 4020 1509 4085 ἐν
1552 4021 1735 4104 τόπῳ
1780 4020 1986 4100 ςχέςιν
2038 4020 2361 4086 ἁπάντοτε
2417 4023 2728 4102 δηλοῦςα,
2787 4019 2979 4085 πάλιν
3024 4024 3137 4098 τῆς
3174 4039 3239 4088 35

553 4144 644 4153 --

688 4189 906 4242 Anam.
974 4193 1006 4240 2
1049 4188 1214 4242 ἔνδον
1259 4186 1438 4241 locale
1485 4186 1674 4256 potius
1717 4186 2058 4252 notandum,
2099 4187 2235 4257 quia
2277 4187 2550 4244 adverbia
2584 4188 2641 4242 in
2676 4176 2780 4242 ὢν
2801 4186 3136 4255 qualitatem

554 4271 867 4343 significare
903 4271 1101 4326 solent.
1129 4302 1189 4310 —
1228 4277 1294 4325 20
1330 4270 1683 4341 Quamquam
1716 4274 1883 4327 ἔνδον
1919 4273 1977 4326 et
2010 4272 2238 4326 notione
2274 4273 2335 4326 et
2366 4272 2599 4326 accentu
2634 4288 2669 4325 a
2691 4270 2891 4325 ceteris
2916 4270 3138 4325 differre

555 4373 666 4412 non
703 4358 789 4411 est
823 4357 1043 4423 mirum,
1081 4372 1208 4410 cum
1245 4355 1416 4410 etiam
1453 4355 1578 4409 aliis
1614 4356 1781 4410 rebus
1816 4356 2100 4411 diversum
2137 4357 2224 4410 sit.
2266 4386 2329 4395 —
2365 4362 2432 4409 29
2456 4355 2754 4409 Adverbiis
2777 4357 2836 4409 in
2857 4362 2954 4423 ῖέ,
2992 4372 3138 4423 quae

559 4457 667 4510 quo
704 4441 1066 4516 quis‘tendat
1099 4439 1395 4505 denotant,
1430 4441 1656 4510 praesto
1691 4441 1824 4494 sunt
1857 4443 2100 4512 cognata
2130 4441 2191 4495 in
2228 4429 2326 4497 Ee‘v
2362 4442 2420 4496 et
2452 4441 2513 4494 in
2549 4429 2616 4495 (Ἦ.

690 4593 872 4653 Dmcn.
928 4611 1124 4647 scm.
1213 4598 1294 4647 13.
1346 4595 1380 4661 ᾖ
1436 4594 1568 4647 κατ’
1620 4591 1765 4647 ἰδίαν
1808 4593 1927 4662 Ab,
1988 4597 2022 4663 ᾖ
2068 4594 2229 4663 (μὴ)
2275 4595 2410 4648 κατ’
2454 4593 2601 4648 ἰδίαν
2653 4593 2745 4646 vel
2794 4594 2938 4660 παρ’
2997 4592 3141 4648 ἰδίαν

562 4675 1006 4732 GFSchoemann
1053 4680 1063 4748 Ι
1114 4683 1190 4731 17.
1227 4678 1299 4731 τά
1333 4693 1398 4743 γε
1433 4676 1499 4743 b,
1534 4693 1600 4743 γε
1639 4680 1681 4731 Α
1723 4680 1732 4745 Ι
1773 4678 1896 4732 οὐδ’
1931 4678 2057 4738 add,
2093 4678 2131 4731 b
2167 4678 2225 4732 in
2262 4694 2377 4733 var.
2408 4677 2574 4743 lech!
2621 4683 2701 4735 23.
2738 4677 2808 4732 οὐ
2841 4678 3004 4748 τῇδε]
3043 4677 3139 4735 fol.

567 4767 658 4816 182
681 4779 724 4817 r.
778 4771 786 4829 1
838 4769 921 4817 29.
958 4769 1022 4818 ῒὲ
1061 4759 1443 4829 OSehneider,
1488 4766 1522 4816 ἰ
1558 4761 1650 4817 Ab
1699 4765 1707 4830 Ι
1754 4769 1836 4820 30.
1873 4752 1942 4817 δῖ
1970 4763 2033 4831 b,
2060 4752 2168 4818 ’ἦν
2204 4765 2248 4819 Α
2303 4764 2313 4831 Ι
2365 4769 2448 4817 34.
2497 4767 2602 4829 τῆς
2646 4762 2859 4816 τάςεως
2906 4761 2999 4816 vel
3033 4767 3141 4817 τοῦ

562 4847 733 4901 τόνου
767 4847 1003 4902 inseruit
1037 4846 1483 4900 GFSchoemann
