<?xml version="1.0" encoding="UTF-8"?>
<!DOCTYPE html PUBLIC "-//W3C//DTD XHTML 1.0 Transitional//EN"
    "http://www.w3.org/TR/xhtml1/DTD/xhtml1-transitional.dtd">
<html xmlns="http://www.w3.org/1999/xhtml" xml:lang="en" lang="en">
 <head>
  <title>
</title>
<meta http-equiv="Content-Type" content="text/html;charset=utf-8" />
  <meta name='ocr-system' content='tesseract 3.04.00' />
  <meta name='ocr-capabilities' content='ocr_page ocr_carea ocr_par ocr_line ocrx_word'/>
</head>
<body>
  <div class='ocr_page' id='page_1' title='image "./grammaticigraec00unkngoog_0119.png"; bbox 0 0 3738 5530; ppageno 0'>
   <div class='ocr_carea' id='block_1_1' title="bbox 1338 379 3096 448">
    <p class='ocr_par' dir='ltr' id='par_1_1' title="bbox 1338 379 3096 448">
     <span class='ocr_line' id='line_1_1' title="bbox 1338 379 3096 448; baseline 0.011 -19"><span class='ocrx_word' id='word_1_1' title='bbox 1338 379 1774 433; x_wconf 59' lang='lat' dir='ltr'>mosomus</span> <span class='ocrx_word' id='word_1_2' title='bbox 1811 381 2272 435; x_wconf 68' lang='lat' dir='ltr'>Possesslvs.</span> <span class='ocrx_word' id='word_1_3' title='bbox 2978 384 3096 448; x_wconf 89' lang='lat'>101</span> 
     </span>
    </p>
   </div>
   <div class='ocr_carea' id='block_1_2' title="bbox 429 582 3163 1079">
    <p class='ocr_par' dir='ltr' id='par_1_2' title="bbox 429 582 3163 1079">
     <span class='ocr_line' id='line_1_2' title="bbox 509 582 3093 670; baseline 0.004 -24"><span class='ocrx_word' id='word_1_4' title='bbox 509 587 588 665; x_wconf 88' lang='grc' dir='ltr'>τῇ</span> <span class='ocrx_word' id='word_1_5' title='bbox 643 583 761 663; x_wconf 83' lang='grc' dir='ltr'>ἁμέ</span> <span class='ocrx_word' id='word_1_6' title='bbox 816 585 918 649; x_wconf 88' lang='grc' dir='ltr'>καὶ</span> <span class='ocrx_word' id='word_1_7' title='bbox 973 582 1108 662; x_wconf 84' lang='grc' dir='ltr'>ὑμέ.</span> <span class='ocrx_word' id='word_1_8' title='bbox 1209 583 1420 650; x_wconf 89' lang='grc' dir='ltr'>Πάλιν</span> <span class='ocrx_word' id='word_1_9' title='bbox 1479 586 1550 649; x_wconf 83' lang='grc' dir='ltr'>δὲ</span> <span class='ocrx_word' id='word_1_10' title='bbox 1606 585 1708 655; x_wconf 81' lang='grc' dir='ltr'>καὶ</span> <span class='ocrx_word' id='word_1_11' title='bbox 1762 587 2000 666; x_wconf 92' lang='grc' dir='ltr'>ταύτην</span> <span class='ocrx_word' id='word_1_12' title='bbox 2045 586 2177 653; x_wconf 85' lang='grc' dir='ltr'>ἀπὸ</span> <span class='ocrx_word' id='word_1_13' title='bbox 2221 593 2332 667; x_wconf 90' lang='grc' dir='ltr'>τῆς</span> <span class='ocrx_word' id='word_1_14' title='bbox 2378 589 2576 670; x_wconf 80' lang='grc' dir='ltr'>ςφέας</span> <span class='ocrx_word' id='word_1_15' title='bbox 2618 592 2811 670; x_wconf 87' lang='grc' dir='ltr'>φαςὶν</span> <span class='ocrx_word' id='word_1_16' title='bbox 2859 591 3093 657; x_wconf 86' lang='grc' dir='ltr'>ἀποκε-</span> 
     </span>
     <span class='ocr_line' id='line_1_3' title="bbox 429 684 3094 772; baseline 0.007 -30"><span class='ocrx_word' id='word_1_17' title='bbox 429 690 475 742; x_wconf 91' lang='grc' dir='ltr'>Β</span> <span class='ocrx_word' id='word_1_18' title='bbox 514 684 764 765; x_wconf 88' lang='grc' dir='ltr'>κόφθαι.</span> <span class='ocrx_word' id='word_1_19' title='bbox 873 685 979 750; x_wconf 85' lang='grc' dir='ltr'>Ψέ</span> <span class='ocrx_word' id='word_1_20' title='bbox 1039 685 1472 766; x_wconf 77' lang='grc' dir='ltr'>(υρακούςιοι.</span> <span class='ocrx_word' id='word_1_21' title='bbox 1582 686 1910 769; x_wconf 67' lang='grc' dir='ltr'>(ώφρωψ</span> <span class='ocrx_word' id='word_1_22' title='bbox 1975 696 2137 755; x_wconf 85' lang='grc' dir='ltr'>πῶς</span> <span class='ocrx_word' id='word_1_23' title='bbox 2207 712 2306 770; x_wconf 90' lang='grc' dir='ltr'>ψε</span> <span class='ocrx_word' id='word_1_24' title='bbox 2371 692 2495 757; x_wconf 84' lang='grc' dir='ltr'>καὶ</span> <span class='ocrx_word' id='word_1_25' title='bbox 2560 694 3094 772; x_wconf 79' lang='grc' dir='ltr'>γινώςκωμε’ς;</span> 
     </span>
     <span class='ocr_line' id='line_1_4' title="bbox 506 783 1737 872; baseline 0.006 -25"><span class='ocrx_word' id='word_1_26' title='bbox 506 783 615 869; x_wconf 87' lang='lat' dir='ltr'><strong>(fr.</strong></span> <span class='ocrx_word' id='word_1_27' title='bbox 663 785 749 850; x_wconf 87' lang='grc'>84</span> <span class='ocrx_word' id='word_1_28' title='bbox 791 785 1093 872; x_wconf 86' lang='lat' dir='ltr'>Ahrens).</span> <span class='ocrx_word' id='word_1_29' title='bbox 1179 788 1413 867; x_wconf 76' lang='grc' dir='ltr'>’Άςφε</span> <span class='ocrx_word' id='word_1_30' title='bbox 1458 786 1737 854; x_wconf 84' lang='grc' dir='ltr'>Αἰολεῖς·</span> 
     </span>
     <span class='ocr_line' id='line_1_5' title="bbox 764 886 1842 973; baseline 0.004 -21"><span class='ocrx_word' id='word_1_31' title='bbox 764 886 869 953; x_wconf 77' lang='grc' dir='ltr'>ὅτ’</span> <span class='ocrx_word' id='word_1_32' title='bbox 911 888 1073 969; x_wconf 79' lang='grc' dir='ltr'>ἄςφ’</span> <span class='ocrx_word' id='word_1_33' title='bbox 1116 889 1609 969; x_wconf 84' lang='grc' dir='ltr'>ἀπολλυμένους</span> <span class='ocrx_word' id='word_1_34' title='bbox 1653 890 1842 973; x_wconf 87' lang='grc' dir='ltr'>ςάως,</span> 
     </span>
     <span class='ocr_line' id='line_1_6' title="bbox 506 989 3163 1079; baseline 0.004 -26"><span class='ocrx_word' id='word_1_35' title='bbox 506 989 800 1055; x_wconf 86' lang='grc' dir='ltr'>Ἀλκαῖος</span> <span class='ocrx_word' id='word_1_36' title='bbox 843 992 1126 1073; x_wconf 82' lang='grc' dir='ltr'>δευτέρῳ</span> <span class='ocrx_word' id='word_1_37' title='bbox 1175 989 1284 1076; x_wconf 87' lang='lat' dir='ltr'><strong>(fr.</strong></span> <span class='ocrx_word' id='word_1_38' title='bbox 1331 990 1415 1055; x_wconf 83' lang='lat'>92</span> <span class='ocrx_word' id='word_1_39' title='bbox 1458 989 1748 1074; x_wconf 88' lang='lat' dir='ltr'>Ahrens‚</span> <span class='ocrx_word' id='word_1_40' title='bbox 1796 993 1878 1056; x_wconf 84' lang='lat'>73</span> <span class='ocrx_word' id='word_1_41' title='bbox 1923 992 2229 1079; x_wconf 61' lang='lat' dir='ltr'>Bergkss).</span> <span class='ocrx_word' id='word_1_42' title='bbox 3132 1018 3163 1064; x_wconf 85' lang='lat'>5</span> 
     </span>
    </p>
   </div>
   <div class='ocr_carea' id='block_1_3' title="bbox 291 1176 3197 3302">
    <p class='ocr_par' dir='ltr' id='par_1_3' title="bbox 503 1176 3197 1672">
     <span class='ocr_line' id='line_1_7' title="bbox 677 1176 3095 1265; baseline 0.004 -25"><span class='ocrx_word' id='word_1_43' title='bbox 677 1176 1033 1257; x_wconf 84' lang='grc' dir='ltr'>Ἐχομὲνως</span> <span class='ocrx_word' id='word_1_44' title='bbox 1088 1179 1190 1243; x_wconf 85' lang='grc' dir='ltr'>καὶ</span> <span class='ocrx_word' id='word_1_45' title='bbox 1233 1178 1395 1257; x_wconf 83' lang='grc' dir='ltr'>ὑπὲρ</span> <span class='ocrx_word' id='word_1_46' title='bbox 1438 1181 1573 1244; x_wconf 87' lang='grc' dir='ltr'>τῶν</span> <span class='ocrx_word' id='word_1_47' title='bbox 1619 1185 1926 1258; x_wconf 85' lang='grc' dir='ltr'>κτητικῶν</span> <span class='ocrx_word' id='word_1_48' title='bbox 1973 1181 2237 1265; x_wconf 81' lang='grc' dir='ltr'>ῥητέον,</span> <span class='ocrx_word' id='word_1_49' title='bbox 2294 1182 2391 1247; x_wconf 86' lang='grc' dir='ltr'>ὧν</span> <span class='ocrx_word' id='word_1_50' title='bbox 2449 1184 2548 1247; x_wconf 89' lang='grc' dir='ltr'>καὶ</span> <span class='ocrx_word' id='word_1_51' title='bbox 2603 1185 2923 1264; x_wconf 84' lang='grc' dir='ltr'>διαφορὰς</span> <span class='ocrx_word' id='word_1_52' title='bbox 2966 1184 3095 1251; x_wconf 83' lang='grc' dir='ltr'>ἐξε-</span> 
     </span>
     <span class='ocr_line' id='line_1_8' title="bbox 505 1279 3095 1366; baseline 0.003 -23"><span class='ocrx_word' id='word_1_53' title='bbox 505 1279 738 1357; x_wconf 84' lang='grc' dir='ltr'>θέμεθα</span> <span class='ocrx_word' id='word_1_54' title='bbox 793 1280 885 1344; x_wconf 83' lang='grc' dir='ltr'>ὡς</span> <span class='ocrx_word' id='word_1_55' title='bbox 940 1281 1107 1360; x_wconf 89' lang='grc' dir='ltr'>πρὸς</span> <span class='ocrx_word' id='word_1_56' title='bbox 1161 1282 1274 1346; x_wconf 86' lang='grc' dir='ltr'>τὰς</span> <span class='ocrx_word' id='word_1_57' title='bbox 1328 1281 1796 1360; x_wconf 90' lang='grc' dir='ltr'>πρωτοτύπους</span> <span class='ocrx_word' id='word_1_58' title='bbox 1851 1282 1924 1347; x_wconf 82' lang='grc' dir='ltr'>ἐν</span> <span class='ocrx_word' id='word_1_59' title='bbox 1967 1286 2106 1348; x_wconf 86' lang='grc' dir='ltr'>τοῖς</span> <span class='ocrx_word' id='word_1_60' title='bbox 2153 1284 2299 1349; x_wconf 79' lang='grc' dir='ltr'>κατ’</span> <span class='ocrx_word' id='word_1_61' title='bbox 2354 1283 2582 1365; x_wconf 87' lang='grc' dir='ltr'>ἀρχήν.</span> <span class='ocrx_word' id='word_1_62' title='bbox 2652 1323 2732 1332; x_wconf 91' lang='grc'>-</span> <span class='ocrx_word' id='word_1_63' title='bbox 2798 1286 2873 1350; x_wconf 82' lang='grc' dir='ltr'>Αἱ</span> <span class='ocrx_word' id='word_1_64' title='bbox 2918 1308 3095 1366; x_wconf 88' lang='grc' dir='ltr'>κτη-</span> 
     </span>
     <span class='ocr_line' id='line_1_9' title="bbox 503 1381 3095 1468; baseline 0.004 -24"><span class='ocrx_word' id='word_1_65' title='bbox 503 1382 709 1446; x_wconf 82' lang='grc' dir='ltr'>τικαὶ</span> <span class='ocrx_word' id='word_1_66' title='bbox 749 1386 882 1449; x_wconf 85' lang='grc' dir='ltr'>τῶν</span> <span class='ocrx_word' id='word_1_67' title='bbox 928 1381 1348 1461; x_wconf 83' lang='grc' dir='ltr'>ἀντωνυμιῶν</span> <span class='ocrx_word' id='word_1_68' title='bbox 1394 1383 1481 1447; x_wconf 88' lang='grc' dir='ltr'>εἰς</span> <span class='ocrx_word' id='word_1_69' title='bbox 1526 1385 1784 1462; x_wconf 87' lang='grc' dir='ltr'>γενικὴν</span> <span class='ocrx_word' id='word_1_70' title='bbox 1829 1384 2286 1465; x_wconf 82' lang='grc' dir='ltr'>ἑγκλινομένην</span> <span class='ocrx_word' id='word_1_71' title='bbox 2331 1385 2723 1453; x_wconf 81' lang='grc' dir='ltr'>ἀναλύονται</span> <span class='ocrx_word' id='word_1_72' title='bbox 2768 1388 2924 1468; x_wconf 85' lang='grc' dir='ltr'>μετὰ</span> <span class='ocrx_word' id='word_1_73' title='bbox 2977 1393 3095 1454; x_wconf 83' lang='grc' dir='ltr'>τοῦ</span> 
     </span>
     <span class='ocr_line' id='line_1_10' title="bbox 503 1483 3093 1572; baseline 0.002 -24"><span class='ocrx_word' id='word_1_74' title='bbox 503 1483 1000 1564; x_wconf 81' lang='grc' dir='ltr'>ὑπακουομένου</span> <span class='ocrx_word' id='word_1_75' title='bbox 1044 1487 1390 1564; x_wconf 89' lang='grc' dir='ltr'>κτήματος,</span> <span class='ocrx_word' id='word_1_76' title='bbox 1436 1484 1586 1548; x_wconf 78' lang='grc' dir='ltr'>καθ’</span> <span class='ocrx_word' id='word_1_77' title='bbox 1629 1486 2019 1567; x_wconf 81' lang='grc' dir='ltr'>οἱανδήποτε</span> <span class='ocrx_word' id='word_1_78' title='bbox 2062 1487 2144 1553; x_wconf 83' lang='grc' dir='ltr'>ἂν</span> <span class='ocrx_word' id='word_1_79' title='bbox 2176 1486 2290 1553; x_wconf 85' lang='grc' dir='ltr'>ὦςι</span> <span class='ocrx_word' id='word_1_80' title='bbox 2321 1491 2594 1572; x_wconf 85' lang='grc' dir='ltr'>πτῶςιν,</span> <span class='ocrx_word' id='word_1_81' title='bbox 2638 1489 2824 1569; x_wconf 81' lang='grc' dir='ltr'>ἐμὸς</span> <span class='ocrx_word' id='word_1_82' title='bbox 2871 1489 3093 1554; x_wconf 79' lang='grc' dir='ltr'>οἶκος</span> 
     </span>
     <span class='ocr_line' id='line_1_11' title="bbox 504 1586 3197 1672; baseline -0 -19"><span class='ocrx_word' id='word_1_83' title='bbox 504 1586 683 1654; x_wconf 80' lang='grc' dir='ltr'>οἶκός</span> <span class='ocrx_word' id='word_1_84' title='bbox 725 1606 886 1665; x_wconf 80' lang='grc' dir='ltr'>μου,</span> <span class='ocrx_word' id='word_1_85' title='bbox 935 1587 1091 1670; x_wconf 82' lang='grc' dir='ltr'>ἐμῷ</span> <span class='ocrx_word' id='word_1_86' title='bbox 1139 1586 1404 1671; x_wconf 83' lang='grc' dir='ltr'>δούλῳ</span> <span class='ocrx_word' id='word_1_87' title='bbox 1450 1587 1669 1672; x_wconf 81' lang='grc' dir='ltr'>δούλῳ</span> <span class='ocrx_word' id='word_1_88' title='bbox 1715 1609 1858 1671; x_wconf 80' lang='grc' dir='ltr'>μου,</span> <span class='ocrx_word' id='word_1_89' title='bbox 3135 1604 3197 1652; x_wconf 87' lang='grc' dir='ltr'>ιο</span> 
     </span>
    </p>

    <p class='ocr_par' dir='ltr' id='par_1_4' title="bbox 291 1689 3193 3302">
     <span class='ocr_line' id='line_1_12' title="bbox 424 1689 2772 1778; baseline 0.003 -28"><span class='ocrx_word' id='word_1_90' title='bbox 424 1689 468 1744; x_wconf 86' lang='lat' dir='ltr'>C</span> <span class='ocrx_word' id='word_1_91' title='bbox 1485 1689 1595 1755; x_wconf 83' lang='grc' dir='ltr'>ἵνα</span> <span class='ocrx_word' id='word_1_92' title='bbox 1638 1690 1950 1769; x_wconf 85' lang='grc' dir='ltr'>νωιτέρην</span> <span class='ocrx_word' id='word_1_93' title='bbox 1997 1691 2117 1756; x_wconf 76' lang='grc' dir='ltr'>ὄπ’</span> <span class='ocrx_word' id='word_1_94' title='bbox 2162 1689 2435 1776; x_wconf 86' lang='grc' dir='ltr'>ἀκούςῃς</span> <span class='ocrx_word' id='word_1_95' title='bbox 2481 1693 2552 1777; x_wconf 89' lang='grc' dir='ltr'>(μ</span> <span class='ocrx_word' id='word_1_96' title='bbox 2604 1691 2772 1778; x_wconf 82' lang='lat'>185),</span> 
     </span>
     <span class='ocr_line' id='line_1_13' title="bbox 498 1789 3089 1875; baseline 0.002 -21"><span class='ocrx_word' id='word_1_97' title='bbox 498 1790 611 1855; x_wconf 87' lang='grc' dir='ltr'>ἵνα</span> <span class='ocrx_word' id='word_1_98' title='bbox 672 1789 854 1869; x_wconf 87' lang='grc' dir='ltr'>ἡμῶν</span> <span class='ocrx_word' id='word_1_99' title='bbox 909 1793 1021 1867; x_wconf 90' lang='grc' dir='ltr'>τῆς</span> <span class='ocrx_word' id='word_1_100' title='bbox 1076 1794 1306 1871; x_wconf 87' lang='grc' dir='ltr'>φωνῆς</span> <span class='ocrx_word' id='word_1_101' title='bbox 1365 1791 1753 1875; x_wconf 83' lang='grc' dir='ltr'>ἑπακούςῃς·</span> <span class='ocrx_word' id='word_1_102' title='bbox 1822 1793 1925 1858; x_wconf 88' lang='grc' dir='ltr'>καὶ</span> <span class='ocrx_word' id='word_1_103' title='bbox 1990 1793 2096 1858; x_wconf 80' lang='grc' dir='ltr'>ἐπὶ</span> <span class='ocrx_word' id='word_1_104' title='bbox 2151 1801 2283 1860; x_wconf 85' lang='grc' dir='ltr'>τῶν</span> <span class='ocrx_word' id='word_1_105' title='bbox 2341 1797 2589 1860; x_wconf 83' lang='grc' dir='ltr'>λοιπῶν</span> <span class='ocrx_word' id='word_1_106' title='bbox 2641 1796 2717 1860; x_wconf 89' lang='grc' dir='ltr'>τὸ</span> <span class='ocrx_word' id='word_1_107' title='bbox 2776 1796 2955 1860; x_wconf 88' lang='grc' dir='ltr'>αύτό.</span> <span class='ocrx_word' id='word_1_108' title='bbox 3023 1834 3089 1842; x_wconf 90' lang='lat'><em>-</em></span> 
     </span>
     <span class='ocr_line' id='line_1_14' title="bbox 500 1891 3093 1977; baseline 0.002 -19"><span class='ocrx_word' id='word_1_109' title='bbox 500 1894 705 1958; x_wconf 85' lang='grc' dir='ltr'>Παντὶ</span> <span class='ocrx_word' id='word_1_110' title='bbox 748 1898 1015 1975; x_wconf 85' lang='grc' dir='ltr'>κτητικῷ</span> <span class='ocrx_word' id='word_1_111' title='bbox 1061 1893 1136 1957; x_wconf 89' lang='grc' dir='ltr'>τὸ</span> <span class='ocrx_word' id='word_1_112' title='bbox 1181 1891 1679 1972; x_wconf 84' lang='grc' dir='ltr'>ὑπακουόμενον</span> <span class='ocrx_word' id='word_1_113' title='bbox 1726 1897 1925 1973; x_wconf 86' lang='grc' dir='ltr'>κτῆμα</span> <span class='ocrx_word' id='word_1_114' title='bbox 1964 1894 2400 1976; x_wconf 77' lang='grc' dir='ltr'>ὁμοιόςχημόν</span> <span class='ocrx_word' id='word_1_115' title='bbox 2431 1896 2616 1976; x_wconf 80' lang='grc' dir='ltr'>ἐςτιν,</span> <span class='ocrx_word' id='word_1_116' title='bbox 2646 1897 3093 1977; x_wconf 76' lang='grc' dir='ltr'>,Ἑκτόρειοι</span> 
     </span>
     <span class='ocr_line' id='line_1_15' title="bbox 500 1994 3087 2082; baseline 0.002 -24"><span class='ocrx_word' id='word_1_117' title='bbox 500 1997 807 2071; x_wconf 85' lang='grc' dir='ltr'>δοῦλοι,</span> <span class='ocrx_word' id='word_1_118' title='bbox 853 1994 1421 2074; x_wconf 85' lang='grc' dir='ltr'>Ἀριςτάρχειοι</span> <span class='ocrx_word' id='word_1_119' title='bbox 1465 1996 1773 2079; x_wconf 83' lang='grc' dir='ltr'>δοῦλοι,</span> <span class='ocrx_word' id='word_1_120' title='bbox 1817 1997 2529 2082; x_wconf 84' lang='grc' dir='ltr'>ἡμέτεροιδοῦλοι,</span> <span class='ocrx_word' id='word_1_121' title='bbox 2574 1999 3087 2079; x_wconf 78' lang='grc' dir='ltr'>δοῦλοιέμοί·</span> 
     </span>
     <span class='ocr_line' id='line_1_16' title="bbox 497 2095 3193 2183; baseline 0.003 -23"><span class='ocrx_word' id='word_1_122' title='bbox 497 2103 714 2181; x_wconf 87' lang='grc' dir='ltr'>γενικῇ</span> <span class='ocrx_word' id='word_1_123' title='bbox 758 2095 979 2177; x_wconf 91' lang='grc' dir='ltr'>μέντοι</span> <span class='ocrx_word' id='word_1_124' title='bbox 1022 2099 1235 2174; x_wconf 88' lang='grc' dir='ltr'>κτῆςιν</span> <span class='ocrx_word' id='word_1_125' title='bbox 1281 2096 1561 2182; x_wconf 86' lang='grc' dir='ltr'>δηλούςῃ</span> <span class='ocrx_word' id='word_1_126' title='bbox 1607 2097 1799 2163; x_wconf 89' lang='grc' dir='ltr'>πάλιν</span> <span class='ocrx_word' id='word_1_127' title='bbox 1830 2100 1909 2164; x_wconf 92' lang='grc' dir='ltr'>τὸ</span> <span class='ocrx_word' id='word_1_128' title='bbox 1939 2098 2432 2181; x_wconf 85' lang='grc' dir='ltr'>ὑπακουόμενον</span> <span class='ocrx_word' id='word_1_129' title='bbox 2465 2103 2665 2179; x_wconf 86' lang='grc' dir='ltr'>κτῆμα</span> <span class='ocrx_word' id='word_1_130' title='bbox 2696 2100 3089 2183; x_wconf 81' lang='grc' dir='ltr'>ἀδιάφορον.</span> <span class='ocrx_word' id='word_1_131' title='bbox 3131 2111 3193 2160; x_wconf 83' lang='lat'>15</span> 
     </span>
     <span class='ocr_line' id='line_1_17' title="bbox 497 2198 3094 2281; baseline 0.001 -17"><span class='ocrx_word' id='word_1_132' title='bbox 497 2198 746 2265; x_wconf 84' lang='grc' dir='ltr'>αὐτοῦ</span> <span class='ocrx_word' id='word_1_133' title='bbox 805 2202 1090 2265; x_wconf 83' lang='grc' dir='ltr'>δοῦλοι</span> <span class='ocrx_word' id='word_1_134' title='bbox 1147 2199 1186 2277; x_wconf 83' lang='grc' dir='ltr'>ἢ</span> <span class='ocrx_word' id='word_1_135' title='bbox 1246 2202 1531 2279; x_wconf 77' lang='grc' dir='ltr'>δοῦλαι</span> <span class='ocrx_word' id='word_1_136' title='bbox 1589 2200 1629 2279; x_wconf 88' lang='grc' dir='ltr'>ἢ</span> <span class='ocrx_word' id='word_1_137' title='bbox 1675 2198 1902 2266; x_wconf 79' lang='grc' dir='ltr'>οἶκος</span> <span class='ocrx_word' id='word_1_138' title='bbox 1947 2202 1986 2280; x_wconf 83' lang='grc' dir='ltr'>ἢ</span> <span class='ocrx_word' id='word_1_139' title='bbox 2032 2201 2463 2281; x_wconf 86' lang='grc' dir='ltr'>ὁτιδηποτοῦν</span> <span class='ocrx_word' id='word_1_140' title='bbox 2520 2206 2735 2281; x_wconf 87' lang='grc' dir='ltr'>κτῆμα.</span> <span class='ocrx_word' id='word_1_141' title='bbox 2839 2204 2940 2267; x_wconf 80' lang='grc' dir='ltr'>διὸ</span> <span class='ocrx_word' id='word_1_142' title='bbox 2992 2203 3094 2268; x_wconf 87' lang='grc' dir='ltr'>καὶ</span> 
     </span>
     <span class='ocr_line' id='line_1_18' title="bbox 291 2301 3090 2388; baseline 0.002 -23"><span class='ocrx_word' id='word_1_143' title='bbox 291 2308 391 2355; x_wconf 73' lang='lat'>¹29</span> <span class='ocrx_word' id='word_1_144' title='bbox 414 2302 465 2353; x_wconf 84' lang='lat' dir='ltr'>A</span> <span class='ocrx_word' id='word_1_145' title='bbox 500 2302 582 2366; x_wconf 87' lang='grc' dir='ltr'>τὰ</span> <span class='ocrx_word' id='word_1_146' title='bbox 626 2308 927 2380; x_wconf 83' lang='grc' dir='ltr'>κτητικῶς</span> <span class='ocrx_word' id='word_1_147' title='bbox 972 2301 1429 2379; x_wconf 84' lang='grc' dir='ltr'>ὑπακουόμενα</span> <span class='ocrx_word' id='word_1_148' title='bbox 1473 2302 1588 2366; x_wconf 87' lang='grc' dir='ltr'>ἐὰν</span> <span class='ocrx_word' id='word_1_149' title='bbox 1634 2304 1715 2381; x_wconf 87' lang='grc' dir='ltr'>μὴ</span> <span class='ocrx_word' id='word_1_150' title='bbox 1762 2302 2087 2381; x_wconf 83' lang='grc' dir='ltr'>ὁμοιοειδῆ</span> <span class='ocrx_word' id='word_1_151' title='bbox 2133 2303 2452 2388; x_wconf 83' lang='grc' dir='ltr'>τυγχάνῃ,</span> <span class='ocrx_word' id='word_1_152' title='bbox 2498 2304 2648 2370; x_wconf 84' lang='grc' dir='ltr'>οὔτε</span> <span class='ocrx_word' id='word_1_153' title='bbox 2694 2306 2946 2384; x_wconf 85' lang='grc' dir='ltr'>κτητικὴ</span> <span class='ocrx_word' id='word_1_154' title='bbox 2979 2304 3090 2372; x_wconf 88' lang='grc' dir='ltr'>ἀν-</span> 
     </span>
     <span class='ocr_line' id='line_1_19' title="bbox 494 2401 3090 2489; baseline 0.001 -21"><span class='ocrx_word' id='word_1_155' title='bbox 494 2402 779 2483; x_wconf 88' lang='grc' dir='ltr'>τωνυμία</span> <span class='ocrx_word' id='word_1_156' title='bbox 841 2401 1401 2483; x_wconf 86' lang='grc' dir='ltr'>παραλαμβάνεται</span> <span class='ocrx_word' id='word_1_157' title='bbox 1467 2402 1617 2469; x_wconf 88' lang='grc' dir='ltr'>οὔτε</span> <span class='ocrx_word' id='word_1_158' title='bbox 1695 2406 1988 2485; x_wconf 87' lang='grc' dir='ltr'>κτητικὸν</span> <span class='ocrx_word' id='word_1_159' title='bbox 2067 2404 2310 2489; x_wconf 85' lang='grc' dir='ltr'>ὄνομα,</span> <span class='ocrx_word' id='word_1_160' title='bbox 2388 2408 2605 2485; x_wconf 83' lang='grc' dir='ltr'>γενικὴ</span> <span class='ocrx_word' id='word_1_161' title='bbox 2678 2407 2768 2483; x_wconf 84' lang='grc' dir='ltr'>δέ.</span> <span class='ocrx_word' id='word_1_162' title='bbox 2892 2408 3090 2487; x_wconf 83' lang='grc' dir='ltr'>ςαφὲς</span> 
     </span>
     <span class='ocr_line' id='line_1_20' title="bbox 493 2507 837 2571; baseline 0 -1"><span class='ocrx_word' id='word_1_163' title='bbox 493 2507 566 2570; x_wconf 83' lang='grc' dir='ltr'>δὲ</span> <span class='ocrx_word' id='word_1_164' title='bbox 610 2507 680 2571; x_wconf 84' lang='grc' dir='ltr'>ἐκ</span> <span class='ocrx_word' id='word_1_165' title='bbox 720 2510 837 2571; x_wconf 82' lang='grc' dir='ltr'>τοῦ</span> 
     </span>
     <span class='ocr_line' id='line_1_21' title="bbox 748 2601 3193 2711; baseline 0.004 -38"><span class='ocrx_word' id='word_1_166' title='bbox 748 2606 1066 2686; x_wconf 87' lang='grc' dir='ltr'>θαύμαζεν</span> <span class='ocrx_word' id='word_1_167' title='bbox 1110 2606 1168 2669; x_wconf 80' lang='grc' dir='ltr'>δ’</span> <span class='ocrx_word' id='word_1_168' title='bbox 1214 2605 1513 2672; x_wconf 87' lang='grc' dir='ltr'>Ὀδυςεὺς</span> <span class='ocrx_word' id='word_1_169' title='bbox 1558 2607 1818 2688; x_wconf 89' lang='grc' dir='ltr'>λιμένας</span> <span class='ocrx_word' id='word_1_170' title='bbox 1861 2610 1964 2673; x_wconf 86' lang='grc' dir='ltr'>καὶ</span> <span class='ocrx_word' id='word_1_171' title='bbox 2007 2612 2165 2686; x_wconf 89' lang='grc' dir='ltr'>νῆας</span> <span class='ocrx_word' id='word_1_172' title='bbox 2192 2601 2401 2711; x_wconf 43' lang='lat' dir='ltr'>‘sicem</span> <span class='ocrx_word' id='word_1_173' title='bbox 2439 2675 2445 2681; x_wconf 93' lang='lat'><em>.</em></span> <span class='ocrx_word' id='word_1_174' title='bbox 3124 2617 3193 2667; x_wconf 82' lang='lat'>20</span> 
     </span>
     <span class='ocr_line' id='line_1_22' title="bbox 748 2708 1937 2794; baseline 0 -19"><span class='ocrx_word' id='word_1_175' title='bbox 748 2709 967 2777; x_wconf 84' lang='grc' dir='ltr'>αὐτῶν</span> <span class='ocrx_word' id='word_1_176' title='bbox 1013 2709 1068 2774; x_wconf 81' lang='grc' dir='ltr'>θ’</span> <span class='ocrx_word' id='word_1_177' title='bbox 1111 2710 1347 2789; x_wconf 87' lang='grc' dir='ltr'>ἡρώων</span> <span class='ocrx_word' id='word_1_178' title='bbox 1394 2708 1636 2789; x_wconf 85' lang='grc' dir='ltr'>ἀγοράς</span> <span class='ocrx_word' id='word_1_179' title='bbox 1681 2712 1744 2792; x_wconf 90' lang='grc' dir='ltr'>(η</span> <span class='ocrx_word' id='word_1_180' title='bbox 1788 2709 1937 2794; x_wconf 86' lang='grc'>43)·</span> 
     </span>
     <span class='ocr_line' id='line_1_23' title="bbox 494 2811 3089 2896; baseline 0.001 -19"><span class='ocrx_word' id='word_1_181' title='bbox 494 2814 535 2892; x_wconf 86' lang='grc' dir='ltr'>ἡ</span> <span class='ocrx_word' id='word_1_182' title='bbox 579 2813 702 2893; x_wconf 87' lang='grc' dir='ltr'>γὰρ</span> <span class='ocrx_word' id='word_1_183' title='bbox 747 2811 1156 2893; x_wconf 82' lang='grc' dir='ltr'>ἀνομοείδεια</span> <span class='ocrx_word' id='word_1_184' title='bbox 1200 2813 1456 2890; x_wconf 87' lang='grc' dir='ltr'>γενικὴν</span> <span class='ocrx_word' id='word_1_185' title='bbox 1503 2811 1781 2896; x_wconf 83' lang='grc' dir='ltr'>ἀπῄτηςε</span> <span class='ocrx_word' id='word_1_186' title='bbox 1824 2813 1942 2892; x_wconf 86' lang='grc' dir='ltr'>τὴν</span> <span class='ocrx_word' id='word_1_187' title='bbox 1987 2811 2223 2878; x_wconf 85' lang='grc' dir='ltr'>αὐτῶν.</span> <span class='ocrx_word' id='word_1_188' title='bbox 2282 2848 2362 2860; x_wconf 89' lang='grc'>-</span> <span class='ocrx_word' id='word_1_189' title='bbox 2423 2814 2528 2894; x_wconf 90' lang='grc' dir='ltr'>Μὴ</span> <span class='ocrx_word' id='word_1_190' title='bbox 2588 2814 2973 2895; x_wconf 83' lang='grc' dir='ltr'>ὑπολαβέτω</span> <span class='ocrx_word' id='word_1_191' title='bbox 3017 2816 3089 2881; x_wconf 89' lang='grc' dir='ltr'>δέ</span> 
     </span>
     <span class='ocr_line' id='line_1_24' title="bbox 494 2914 3088 3000; baseline 0.001 -20"><span class='ocrx_word' id='word_1_192' title='bbox 494 2937 619 2998; x_wconf 86' lang='grc' dir='ltr'>τις,</span> <span class='ocrx_word' id='word_1_193' title='bbox 676 2914 767 2980; x_wconf 87' lang='grc' dir='ltr'>ὡς</span> <span class='ocrx_word' id='word_1_194' title='bbox 811 2914 875 2980; x_wconf 85' lang='grc' dir='ltr'>αἱ</span> <span class='ocrx_word' id='word_1_195' title='bbox 918 2914 1197 2994; x_wconf 82' lang='grc' dir='ltr'>κτητικαὶ</span> <span class='ocrx_word' id='word_1_196' title='bbox 1248 2915 1325 2978; x_wconf 89' lang='grc' dir='ltr'>τὸ</span> <span class='ocrx_word' id='word_1_197' title='bbox 1368 2915 1563 2990; x_wconf 88' lang='grc' dir='ltr'>γένος</span> <span class='ocrx_word' id='word_1_198' title='bbox 1606 2914 2120 2997; x_wconf 86' lang='grc' dir='ltr'>παρεμφαίνουςι</span> <span class='ocrx_word' id='word_1_199' title='bbox 2174 2914 2379 2994; x_wconf 91' lang='grc' dir='ltr'>μόνον</span> <span class='ocrx_word' id='word_1_200' title='bbox 2424 2920 2543 2981; x_wconf 81' lang='grc' dir='ltr'>τοῦ</span> <span class='ocrx_word' id='word_1_201' title='bbox 2588 2917 2925 3000; x_wconf 84' lang='grc' dir='ltr'>κτήματος,</span> <span class='ocrx_word' id='word_1_202' title='bbox 2968 2922 3088 2983; x_wconf 83' lang='grc' dir='ltr'>τοῦ</span> 
     </span>
     <span class='ocr_line' id='line_1_25' title="bbox 412 3010 3087 3098; baseline 0.001 -16"><span class='ocrx_word' id='word_1_203' title='bbox 412 3010 460 3064; x_wconf 88' lang='grc' dir='ltr'>Β</span> <span class='ocrx_word' id='word_1_204' title='bbox 497 3019 568 3082; x_wconf 82' lang='grc' dir='ltr'>δὲ</span> <span class='ocrx_word' id='word_1_205' title='bbox 621 3018 929 3097; x_wconf 87' lang='grc' dir='ltr'>κτήτορος</span> <span class='ocrx_word' id='word_1_206' title='bbox 987 3015 1215 3082; x_wconf 80' lang='grc' dir='ltr'>οὐκέτι.</span> <span class='ocrx_word' id='word_1_207' title='bbox 1318 3015 1439 3080; x_wconf 78' lang='grc' dir='ltr'>«ὡς</span> <span class='ocrx_word' id='word_1_208' title='bbox 1494 3016 1601 3081; x_wconf 87' lang='grc' dir='ltr'>ἐπὶ</span> <span class='ocrx_word' id='word_1_209' title='bbox 1652 3020 1769 3080; x_wconf 83' lang='grc' dir='ltr'>τοῦ</span> <span class='ocrx_word' id='word_1_210' title='bbox 1826 3016 2007 3096; x_wconf 82' lang='grc' dir='ltr'>ἐμός,</span> <span class='ocrx_word' id='word_1_211' title='bbox 2074 3017 2409 3095; x_wconf 86' lang='grc' dir='ltr'>ἡμέτερος·</span> <span class='ocrx_word' id='word_1_212' title='bbox 2477 3017 2773 3097; x_wconf 88' lang='grc' dir='ltr'>ἀρςενικὰ</span> <span class='ocrx_word' id='word_1_213' title='bbox 2827 3020 2952 3098; x_wconf 85' lang='grc' dir='ltr'>γὰρ</span> <span class='ocrx_word' id='word_1_214' title='bbox 3007 3020 3087 3085; x_wconf 82' lang='grc' dir='ltr'>τὰ</span> 
     </span>
     <span class='ocr_line' id='line_1_26' title="bbox 493 3117 3189 3203; baseline 0.001 -18"><span class='ocrx_word' id='word_1_215' title='bbox 493 3119 808 3203; x_wconf 85' lang='grc' dir='ltr'>κτήματα,</span> <span class='ocrx_word' id='word_1_216' title='bbox 870 3119 950 3183; x_wconf 84' lang='grc' dir='ltr'>τὰ</span> <span class='ocrx_word' id='word_1_217' title='bbox 1006 3119 1078 3184; x_wconf 80' lang='grc' dir='ltr'>δὲ</span> <span class='ocrx_word' id='word_1_218' title='bbox 1132 3122 1251 3183; x_wconf 83' lang='grc' dir='ltr'>τοῦ</span> <span class='ocrx_word' id='word_1_219' title='bbox 1305 3118 1616 3198; x_wconf 87' lang='grc' dir='ltr'>κτήτορος</span> <span class='ocrx_word' id='word_1_220' title='bbox 1670 3117 1879 3198; x_wconf 83' lang='grc' dir='ltr'>ἄδηλα</span> <span class='ocrx_word' id='word_1_221' title='bbox 1937 3118 2008 3185; x_wconf 83' lang='grc' dir='ltr'>ἐν</span> <span class='ocrx_word' id='word_1_222' title='bbox 2052 3119 2257 3195; x_wconf 82' lang='grc' dir='ltr'>γένει·</span> <span class='ocrx_word' id='word_1_223' title='bbox 2317 3120 2418 3184; x_wconf 87' lang='grc' dir='ltr'>καὶ</span> <span class='ocrx_word' id='word_1_224' title='bbox 2475 3120 2600 3199; x_wconf 87' lang='grc' dir='ltr'>γὰρ</span> <span class='ocrx_word' id='word_1_225' title='bbox 2646 3119 2759 3184; x_wconf 81' lang='grc' dir='ltr'>ἐπ’</span> <span class='ocrx_word' id='word_1_226' title='bbox 2817 3119 3086 3199; x_wconf 88' lang='grc' dir='ltr'>ἄρςενος</span> <span class='ocrx_word' id='word_1_227' title='bbox 3121 3126 3189 3175; x_wconf 81' lang='lat'>2⁶</span> 
     </span>
     <span class='ocr_line' id='line_1_27' title="bbox 489 3219 3084 3302; baseline 0.002 -17"><span class='ocrx_word' id='word_1_228' title='bbox 489 3223 566 3286; x_wconf 88' lang='grc' dir='ltr'>τὸ</span> <span class='ocrx_word' id='word_1_229' title='bbox 627 3220 778 3300; x_wconf 83' lang='grc' dir='ltr'>ἐμός</span> <span class='ocrx_word' id='word_1_230' title='bbox 833 3219 933 3285; x_wconf 84' lang='grc' dir='ltr'>καὶ</span> <span class='ocrx_word' id='word_1_231' title='bbox 988 3219 1094 3284; x_wconf 83' lang='grc' dir='ltr'>ἐπὶ</span> <span class='ocrx_word' id='word_1_232' title='bbox 1147 3220 1423 3298; x_wconf 79' lang='grc' dir='ltr'>θήλεος.»</span> <span class='ocrx_word' id='word_1_233' title='bbox 1489 3256 1573 3266; x_wconf 89' lang='grc'>-</span> <span class='ocrx_word' id='word_1_234' title='bbox 1637 3220 1878 3299; x_wconf 90' lang='grc' dir='ltr'>Λέληθε</span> <span class='ocrx_word' id='word_1_235' title='bbox 1934 3222 2058 3302; x_wconf 86' lang='grc' dir='ltr'>γὰρ</span> <span class='ocrx_word' id='word_1_236' title='bbox 2113 3219 2204 3285; x_wconf 84' lang='grc' dir='ltr'>ὡς</span> <span class='ocrx_word' id='word_1_237' title='bbox 2248 3220 2496 3301; x_wconf 80' lang='grc' dir='ltr'>μᾶλλον</span> <span class='ocrx_word' id='word_1_238' title='bbox 2543 3220 2800 3300; x_wconf 89' lang='grc' dir='ltr'>ὥριςται</span> <span class='ocrx_word' id='word_1_239' title='bbox 2844 3223 2921 3288; x_wconf 89' lang='grc' dir='ltr'>τὸ</span> <span class='ocrx_word' id='word_1_240' title='bbox 2966 3228 3084 3289; x_wconf 87' lang='grc' dir='ltr'>τοῦ</span> 
     </span>
    </p>
   </div>
   <div class='ocr_carea' id='block_1_4' title="bbox 496 3342 902 3352">
    <p class='ocr_par' dir='ltr' id='par_1_5' title="bbox 496 3342 902 3352">
     <span class='ocr_line' id='line_1_28' title="bbox 496 3342 902 3352; baseline 0 2178"><span class='ocrx_word' id='word_1_241' title='bbox 496 3342 902 3352; x_wconf 95' lang='lat' dir='ltr'> </span> 
     </span>
    </p>
   </div>
   <div class='ocr_carea' id='block_1_5' title="bbox 486 3387 3081 3798">
    <p class='ocr_par' dir='ltr' id='par_1_6' title="bbox 486 3387 3081 3798">
     <span class='ocr_line' id='line_1_29' title="bbox 624 3387 3080 3459; baseline 0.001 -17"><span class='ocrx_word' id='word_1_242' title='bbox 624 3388 837 3442; x_wconf 72' lang='lat' dir='ltr'>Anevu.</span> <span class='ocrx_word' id='word_1_243' title='bbox 917 3393 950 3441; x_wconf 83' lang='grc'><strong>6</strong></span> <span class='ocrx_word' id='word_1_244' title='bbox 984 3387 1070 3441; x_wconf 90' lang='lat' dir='ltr'>De</span> <span class='ocrx_word' id='word_1_245' title='bbox 1106 3388 1445 3454; x_wconf 78' lang='lat' dir='ltr'>possessivis.</span> <span class='ocrx_word' id='word_1_246' title='bbox 1524 3387 1634 3442; x_wconf 89' lang='lat' dir='ltr'>Pro</span> <span class='ocrx_word' id='word_1_247' title='bbox 1677 3389 2002 3456; x_wconf 77' lang='lat' dir='ltr'>possessivis</span> <span class='ocrx_word' id='word_1_248' title='bbox 2037 3387 2286 3441; x_wconf 86' lang='lat' dir='ltr'>omnium</span> <span class='ocrx_word' id='word_1_249' title='bbox 2329 3404 2558 3443; x_wconf 81' lang='lat' dir='ltr'>casuum</span> <span class='ocrx_word' id='word_1_250' title='bbox 2600 3388 2852 3458; x_wconf 75' lang='lat' dir='ltr'>genetivi</span> <span class='ocrx_word' id='word_1_251' title='bbox 2894 3405 3080 3459; x_wconf 86' lang='lat' dir='ltr'>perso-</span> 
     </span>
     <span class='ocr_line' id='line_1_30' title="bbox 490 3471 3081 3543; baseline 0 -14"><span class='ocrx_word' id='word_1_252' title='bbox 490 3473 703 3529; x_wconf 70' lang='lat' dir='ltr'>nalium</span> <span class='ocrx_word' id='word_1_253' title='bbox 740 3473 1028 3542; x_wconf 83' lang='lat' dir='ltr'>ponuntur</span> <span class='ocrx_word' id='word_1_254' title='bbox 1061 3471 1336 3531; x_wconf 74' lang='lat' dir='ltr'>inclinati.</span> <span class='ocrx_word' id='word_1_255' title='bbox 1370 3508 1438 3517; x_wconf 95' lang='lat'>—</span> <span class='ocrx_word' id='word_1_256' title='bbox 1475 3479 1539 3528; x_wconf 87' lang='lat'>13</span> <span class='ocrx_word' id='word_1_257' title='bbox 1576 3475 1718 3526; x_wconf 87' lang='lat' dir='ltr'>Cum</span> <span class='ocrx_word' id='word_1_258' title='bbox 1755 3472 1908 3526; x_wconf 87' lang='lat' dir='ltr'>omni</span> <span class='ocrx_word' id='word_1_259' title='bbox 1941 3472 2254 3541; x_wconf 84' lang='lat' dir='ltr'>possessivo</span> <span class='ocrx_word' id='word_1_260' title='bbox 2289 3471 2473 3527; x_wconf 75' lang='lat' dir='ltr'>forma</span> <span class='ocrx_word' id='word_1_261' title='bbox 2506 3472 2767 3528; x_wconf 81' lang='lat' dir='ltr'>vocabuli</span> <span class='ocrx_word' id='word_1_262' title='bbox 2792 3472 2932 3542; x_wconf 87' lang='lat' dir='ltr'>eius,</span> <span class='ocrx_word' id='word_1_263' title='bbox 2970 3491 3081 3543; x_wconf 87' lang='lat' dir='ltr'>quo</span> 
     </span>
     <span class='ocr_line' id='line_1_31' title="bbox 488 3555 3080 3628; baseline 0 -14"><span class='ocrx_word' id='word_1_264' title='bbox 488 3559 761 3628; x_wconf 84' lang='lat' dir='ltr'>possessio</span> <span class='ocrx_word' id='word_1_265' title='bbox 795 3555 1102 3623; x_wconf 76' lang='lat' dir='ltr'>indicatur,</span> <span class='ocrx_word' id='word_1_266' title='bbox 1149 3556 1439 3622; x_wconf 76' lang='lat' dir='ltr'>convenit,</span> <span class='ocrx_word' id='word_1_267' title='bbox 1483 3573 1612 3611; x_wconf 84' lang='lat' dir='ltr'>cum</span> <span class='ocrx_word' id='word_1_268' title='bbox 1657 3557 1919 3626; x_wconf 73' lang='lat' dir='ltr'>genetivo</span> <span class='ocrx_word' id='word_1_269' title='bbox 1964 3556 2274 3626; x_wconf 81' lang='lat' dir='ltr'>personalis</span> <span class='ocrx_word' id='word_1_270' title='bbox 2315 3573 2430 3613; x_wconf 92' lang='lat' dir='ltr'>non</span> <span class='ocrx_word' id='word_1_271' title='bbox 2474 3558 2754 3613; x_wconf 79' lang='lat' dir='ltr'>convenit.</span> <span class='ocrx_word' id='word_1_272' title='bbox 2790 3588 2858 3598; x_wconf 89' lang='lat'><strong>—</strong></span> <span class='ocrx_word' id='word_1_273' title='bbox 2893 3564 2957 3612; x_wconf 82' lang='lat'>22</span> <span class='ocrx_word' id='word_1_274' title='bbox 2993 3558 3080 3614; x_wconf 83' lang='lat' dir='ltr'>Ne</span> 
     </span>
     <span class='ocr_line' id='line_1_32' title="bbox 487 3640 3077 3713; baseline 0 -16"><span class='ocrx_word' id='word_1_275' title='bbox 487 3641 615 3710; x_wconf 87' lang='lat' dir='ltr'>quis</span> <span class='ocrx_word' id='word_1_276' title='bbox 657 3641 855 3697; x_wconf 74' lang='lat' dir='ltr'>eredat</span> <span class='ocrx_word' id='word_1_277' title='bbox 896 3640 979 3696; x_wconf 89' lang='lat' dir='ltr'>rei</span> <span class='ocrx_word' id='word_1_278' title='bbox 1022 3657 1311 3711; x_wconf 80' lang='lat' dir='ltr'>possessae</span> <span class='ocrx_word' id='word_1_279' title='bbox 1358 3641 1586 3710; x_wconf 85' lang='lat' dir='ltr'>quidem</span> <span class='ocrx_word' id='word_1_280' title='bbox 1634 3641 1875 3697; x_wconf 77' lang='lat' dir='ltr'>indicari</span> <span class='ocrx_word' id='word_1_281' title='bbox 1919 3658 2121 3713; x_wconf 83' lang='lat' dir='ltr'>genus,</span> <span class='ocrx_word' id='word_1_282' title='bbox 2170 3657 2281 3697; x_wconf 90' lang='lat' dir='ltr'>non</span> <span class='ocrx_word' id='word_1_283' title='bbox 2326 3642 2565 3698; x_wconf 78' lang='lat' dir='ltr'>indicari</span> <span class='ocrx_word' id='word_1_284' title='bbox 2608 3642 2967 3712; x_wconf 84' lang='lat' dir='ltr'>possessoris:</span> <span class='ocrx_word' id='word_1_285' title='bbox 3014 3673 3077 3684; x_wconf 91' lang='lat'>—-</span> 
     </span>
     <span class='ocr_line' id='line_1_33' title="bbox 486 3725 3080 3798; baseline 0 -16"><span class='ocrx_word' id='word_1_286' title='bbox 486 3734 554 3782; x_wconf 82' lang='grc'><strong>26</strong></span> <span class='ocrx_word' id='word_1_287' title='bbox 590 3743 721 3782; x_wconf 77' lang='lat' dir='ltr'>nam</span> <span class='ocrx_word' id='word_1_288' title='bbox 755 3725 1084 3797; x_wconf 88' lang='lat' dir='ltr'>possessoris</span> <span class='ocrx_word' id='word_1_289' title='bbox 1119 3742 1362 3797; x_wconf 77' lang='lat' dir='ltr'>persona</span> <span class='ocrx_word' id='word_1_290' title='bbox 1396 3728 1497 3781; x_wconf 77' lang='lat' dir='ltr'>aut</span> <span class='ocrx_word' id='word_1_291' title='bbox 1529 3725 2009 3783; x_wconf 77' lang='lat' dir='ltr'>demonstratione</span> <span class='ocrx_word' id='word_1_292' title='bbox 2046 3730 2148 3782; x_wconf 76' lang='lat' dir='ltr'>aut</span> <span class='ocrx_word' id='word_1_293' title='bbox 2179 3726 2455 3782; x_wconf 77' lang='lat' dir='ltr'>relatione</span> <span class='ocrx_word' id='word_1_294' title='bbox 2480 3727 2746 3782; x_wconf 80' lang='lat' dir='ltr'>definitur</span> <span class='ocrx_word' id='word_1_295' title='bbox 2767 3743 2872 3797; x_wconf 89' lang='lat' dir='ltr'>per</span> <span class='ocrx_word' id='word_1_296' title='bbox 2893 3729 3080 3798; x_wconf 84' lang='lat' dir='ltr'>ipsum</span> 
     </span>
    </p>
   </div>
   <div class='ocr_carea' id='block_1_6' title="bbox 486 3811 875 3883">
    <p class='ocr_par' dir='ltr' id='par_1_7' title="bbox 486 3811 875 3883">
     <span class='ocr_line' id='line_1_34' title="bbox 486 3811 875 3883; baseline 0.008 -16"><span class='ocrx_word' id='word_1_297' title='bbox 486 3811 875 3883; x_wconf 83' lang='lat' dir='ltr'>possessivum.</span> 
     </span>
    </p>
   </div>
   <div class='ocr_carea' id='block_1_7' title="bbox 492 3909 881 3921">
    <p class='ocr_par' dir='ltr' id='par_1_8' title="bbox 492 3909 881 3921">
     <span class='ocr_line' id='line_1_35' title="bbox 492 3909 881 3921; baseline 0 0"><span class='ocrx_word' id='word_1_298' title='bbox 492 3909 881 3921; x_wconf 95' lang='lat' dir='ltr'> </span> 
     </span>
    </p>
   </div>
   <div class='ocr_carea' id='block_1_8' title="bbox 468 3946 3077 4948">
    <p class='ocr_par' dir='ltr' id='par_1_9' title="bbox 468 3946 3077 4948">
     <span class='ocr_line' id='line_1_36' title="bbox 622 3946 3076 4017; baseline 0.001 -16"><span class='ocrx_word' id='word_1_299' title='bbox 622 3947 807 4002; x_wconf 73' lang='lat' dir='ltr'>Discn.</span> <span class='ocrx_word' id='word_1_300' title='bbox 852 3964 1052 4002; x_wconf 66' lang='lat' dir='ltr'>somn.</span> <span class='ocrx_word' id='word_1_301' title='bbox 1132 3953 1181 4005; x_wconf 89' lang='grc'><strong>2.</strong></span> <span class='ocrx_word' id='word_1_302' title='bbox 1225 3962 1301 4013; x_wconf 86' lang='grc' dir='ltr'>ψε</span> <span class='ocrx_word' id='word_1_303' title='bbox 1344 3948 1437 4000; x_wconf 80' lang='grc' dir='ltr'>καὶ</span> <span class='ocrx_word' id='word_1_304' title='bbox 1481 3947 1547 4009; x_wconf 88' lang='lat' dir='ltr'>b,</span> <span class='ocrx_word' id='word_1_305' title='bbox 1592 3964 1683 4001; x_wconf 88' lang='grc' dir='ltr'>και</span> <span class='ocrx_word' id='word_1_306' title='bbox 1725 3963 1801 4015; x_wconf 83' lang='grc' dir='ltr'>ψε</span> <span class='ocrx_word' id='word_1_307' title='bbox 1845 3964 1936 4002; x_wconf 86' lang='grc' dir='ltr'>και</span> <span class='ocrx_word' id='word_1_308' title='bbox 1972 3949 2043 4013; x_wconf 91' lang='grc' dir='ltr'>Α,</span> <span class='ocrx_word' id='word_1_309' title='bbox 2088 3946 2187 4001; x_wconf 88' lang='lat' dir='ltr'>sed</span> <span class='ocrx_word' id='word_1_310' title='bbox 2231 3949 2390 4017; x_wconf 85' lang='lat' dir='ltr'>prius</span> <span class='ocrx_word' id='word_1_311' title='bbox 2434 3964 2525 4003; x_wconf 88' lang='grc' dir='ltr'>και</span> <span class='ocrx_word' id='word_1_312' title='bbox 2569 3947 2848 4013; x_wconf 79' lang='lat' dir='ltr'>deletum,</span> <span class='ocrx_word' id='word_1_313' title='bbox 2894 3949 2971 4016; x_wconf 83' lang='grc' dir='ltr'>ψέ</span> <span class='ocrx_word' id='word_1_314' title='bbox 3005 3965 3076 4004; x_wconf 88' lang='grc' dir='ltr'>κα</span> 
     </span>
     <span class='ocr_line' id='line_1_37' title="bbox 488 4029 3071 4102; baseline 0.001 -16"><span class='ocrx_word' id='word_1_315' title='bbox 488 4032 803 4087; x_wconf 84' lang='lat' dir='ltr'>HLAhrens</span> <span class='ocrx_word' id='word_1_316' title='bbox 865 4035 875 4100; x_wconf 90' lang='grc'>1</span> <span class='ocrx_word' id='word_1_317' title='bbox 938 4033 1300 4098; x_wconf 86' lang='grc' dir='ltr'>γινώςκωμες</span> <span class='ocrx_word' id='word_1_318' title='bbox 1343 4029 1686 4099; x_wconf 82' lang='lat' dir='ltr'>HLAhrsns,</span> <span class='ocrx_word' id='word_1_319' title='bbox 1733 4034 2105 4099; x_wconf 68' lang='lat' dir='ltr'>-nvdscansv</span> <span class='ocrx_word' id='word_1_320' title='bbox 2147 4030 2430 4085; x_wconf 75' lang='lat' dir='ltr'>FWSturz</span> <span class='ocrx_word' id='word_1_321' title='bbox 2476 4032 2538 4096; x_wconf 84' lang='lat' dir='ltr'>b,</span> <span class='ocrx_word' id='word_1_322' title='bbox 2584 4048 2933 4100; x_wconf 85' lang='grc' dir='ltr'>γινωςκομεν</span> <span class='ocrx_word' id='word_1_323' title='bbox 2979 4036 3022 4088; x_wconf 93' lang='grc' dir='ltr'>Α</span> <span class='ocrx_word' id='word_1_324' title='bbox 3064 4036 3071 4102; x_wconf 83' lang='grc'>1</span> 
     </span>
     <span class='ocr_line' id='line_1_38' title="bbox 483 4114 3077 4186; baseline 0 -13"><span class='ocrx_word' id='word_1_325' title='bbox 483 4124 536 4177; x_wconf 79' lang='lat'>4.</span> <span class='ocrx_word' id='word_1_326' title='bbox 572 4119 670 4172; x_wconf 83' lang='grc' dir='ltr'>ὅτ’</span> <span class='ocrx_word' id='word_1_327' title='bbox 707 4117 771 4183; x_wconf 90' lang='lat' dir='ltr'>b,</span> <span class='ocrx_word' id='word_1_328' title='bbox 810 4118 909 4171; x_wconf 72' lang='grc' dir='ltr'>ὅτ’</span> <span class='ocrx_word' id='word_1_329' title='bbox 943 4116 1278 4182; x_wconf 85' lang='lat' dir='ltr'>HLAhrens,</span> <span class='ocrx_word' id='word_1_330' title='bbox 1317 4117 1417 4170; x_wconf 74' lang='grc' dir='ltr'>ὅτ’</span> <span class='ocrx_word' id='word_1_331' title='bbox 1450 4114 1753 4185; x_wconf 84' lang='lat' dir='ltr'>ThBergk,</span> <span class='ocrx_word' id='word_1_332' title='bbox 1794 4134 1862 4171; x_wconf 90' lang='grc' dir='ltr'>οτ</span> <span class='ocrx_word' id='word_1_333' title='bbox 1889 4119 1932 4172; x_wconf 91' lang='grc' dir='ltr'>Α</span> <span class='ocrx_word' id='word_1_334' title='bbox 1987 4119 1996 4182; x_wconf 95' lang='grc' dir='ltr'>Ι</span> <span class='ocrx_word' id='word_1_335' title='bbox 2050 4117 2224 4184; x_wconf 65' lang='lat' dir='ltr'>‘dcv&#39;</span> <span class='ocrx_word' id='word_1_336' title='bbox 2257 4115 2591 4186; x_wconf 87' lang='lat' dir='ltr'>Apollonius</span> <span class='ocrx_word' id='word_1_337' title='bbox 2626 4115 2795 4186; x_wconf 80' lang='lat' dir='ltr'>legit,</span> <span class='ocrx_word' id='word_1_338' title='bbox 2833 4116 2932 4172; x_wconf 87' lang='lat' dir='ltr'>sed</span> <span class='ocrx_word' id='word_1_339' title='bbox 2966 4118 3077 4174; x_wconf 71' lang='lat' dir='ltr'>fuit</span> 
     </span>
     <span class='ocr_line' id='line_1_39' title="bbox 483 4200 3069 4274; baseline 0 -17"><span class='ocrx_word' id='word_1_340' title='bbox 483 4203 721 4257; x_wconf 75' lang='lat' dir='ltr'>fortasse</span> <span class='ocrx_word' id='word_1_341' title='bbox 746 4203 852 4256; x_wconf 80' lang='grc' dir='ltr'>ύτα</span> <span class='ocrx_word' id='word_1_342' title='bbox 878 4203 971 4268; x_wconf 80' lang='grc' dir='ltr'>ςφ’</span> <span class='ocrx_word' id='word_1_343' title='bbox 992 4209 1008 4236; x_wconf 85' lang='grc'><strong>’</strong></span> <span class='ocrx_word' id='word_1_344' title='bbox 1033 4200 1309 4271; x_wconf 78' lang='lat' dir='ltr'>Thssergk</span> <span class='ocrx_word' id='word_1_345' title='bbox 1338 4202 1348 4270; x_wconf 88' lang='grc'>1</span> <span class='ocrx_word' id='word_1_346' title='bbox 1379 4202 1951 4269; x_wconf 75' lang='grc' dir='ltr'>ἀπολλυμένουοΑδ,</span> <span class='ocrx_word' id='word_1_347' title='bbox 1989 4202 2400 4268; x_wconf 82' lang='grc' dir='ltr'>ἀπολλυμένοις</span> <span class='ocrx_word' id='word_1_348' title='bbox 2424 4200 2738 4255; x_wconf 84' lang='lat' dir='ltr'>HLAhrens</span> <span class='ocrx_word' id='word_1_349' title='bbox 2762 4201 3038 4274; x_wconf 84' lang='lat' dir='ltr'>ThBergk</span> <span class='ocrx_word' id='word_1_350' title='bbox 3061 4206 3069 4272; x_wconf 74' lang='grc' dir='ltr'>Ι</span> 
     </span>
     <span class='ocr_line' id='line_1_40' title="bbox 485 4284 3069 4356; baseline 0.001 -15"><span class='ocrx_word' id='word_1_351' title='bbox 485 4289 631 4342; x_wconf 82' lang='grc' dir='ltr'>ςάως</span> <span class='ocrx_word' id='word_1_352' title='bbox 666 4286 759 4342; x_wconf 75' lang='lat' dir='ltr'>Ab</span> <span class='ocrx_word' id='word_1_353' title='bbox 804 4287 869 4340; x_wconf 79' lang='lat' dir='ltr'>in</span> <span class='ocrx_word' id='word_1_354' title='bbox 909 4287 1069 4341; x_wconf 75' lang='lat' dir='ltr'>textu</span> <span class='ocrx_word' id='word_1_355' title='bbox 1106 4286 1424 4341; x_wconf 85' lang='lat' dir='ltr'>HLAhrens</span> <span class='ocrx_word' id='word_1_356' title='bbox 1457 4284 1759 4356; x_wconf 84' lang='lat' dir='ltr'>ThBergk,</span> <span class='ocrx_word' id='word_1_357' title='bbox 1811 4286 2225 4356; x_wconf 77' lang='lat' dir='ltr'>‘corrigendum</span> <span class='ocrx_word' id='word_1_358' title='bbox 2262 4285 2451 4341; x_wconf 78' lang='lat' dir='ltr'>forsan</span> <span class='ocrx_word' id='word_1_359' title='bbox 2486 4287 2672 4341; x_wconf 83' lang='grc' dir='ltr'>ςάωςα</span> <span class='ocrx_word' id='word_1_360' title='bbox 2707 4285 2799 4340; x_wconf 88' lang='lat' dir='ltr'>vel</span> <span class='ocrx_word' id='word_1_361' title='bbox 2833 4286 3069 4345; x_wconf 82' lang='grc' dir='ltr'>ςάωςεν’</span> 
     </span>
     <span class='ocr_line' id='line_1_41' title="bbox 468 4369 3067 4441; baseline 0.001 -15"><span class='ocrx_word' id='word_1_362' title='bbox 468 4373 521 4426; x_wconf 91' lang='lat' dir='ltr'>-b</span> <span class='ocrx_word' id='word_1_363' title='bbox 554 4372 612 4426; x_wconf 91' lang='lat' dir='ltr'>in</span> <span class='ocrx_word' id='word_1_364' title='bbox 647 4389 761 4427; x_wconf 77' lang='lat' dir='ltr'>var.</span> <span class='ocrx_word' id='word_1_365' title='bbox 797 4371 927 4426; x_wconf 76' lang='lat' dir='ltr'>leot.</span> <span class='ocrx_word' id='word_1_366' title='bbox 982 4373 993 4434; x_wconf 79' lang='grc' dir='ltr'>Ι</span> <span class='ocrx_word' id='word_1_367' title='bbox 1043 4377 1094 4430; x_wconf 75' lang='grc'>6.</span> <span class='ocrx_word' id='word_1_368' title='bbox 1130 4369 1424 4440; x_wconf 75' lang='lat' dir='ltr'>inscriptio</span> <span class='ocrx_word' id='word_1_369' title='bbox 1459 4387 1588 4438; x_wconf 87' lang='grc' dir='ltr'>περι</span> <span class='ocrx_word' id='word_1_370' title='bbox 1623 4388 1911 4440; x_wconf 79' lang='grc' dir='ltr'>κτητικων</span> <span class='ocrx_word' id='word_1_371' title='bbox 1946 4371 2174 4427; x_wconf 81' lang='lat' dir='ltr'>maiuso.</span> <span class='ocrx_word' id='word_1_372' title='bbox 2211 4373 2256 4427; x_wconf 89' lang='grc' dir='ltr'>Α</span> <span class='ocrx_word' id='word_1_373' title='bbox 2309 4373 2319 4438; x_wconf 89' lang='grc' dir='ltr'>Ι</span> <span class='ocrx_word' id='word_1_374' title='bbox 2371 4377 2420 4425; x_wconf 87' lang='grc'>9.</span> <span class='ocrx_word' id='word_1_375' title='bbox 2457 4386 2689 4425; x_wconf 87' lang='grc' dir='ltr'>κατοιαν</span> <span class='ocrx_word' id='word_1_376' title='bbox 2721 4372 2938 4439; x_wconf 85' lang='grc' dir='ltr'>δηποτε</span> <span class='ocrx_word' id='word_1_377' title='bbox 2975 4375 3018 4428; x_wconf 91' lang='grc' dir='ltr'>Α</span> <span class='ocrx_word' id='word_1_378' title='bbox 3060 4375 3067 4441; x_wconf 95' lang='grc' dir='ltr'>Ι</span> 
     </span>
     <span class='ocr_line' id='line_1_42' title="bbox 484 4455 3066 4525; baseline 0 -14"><span class='ocrx_word' id='word_1_379' title='bbox 484 4474 618 4512; x_wconf 82' lang='grc' dir='ltr'>ωςιν</span> <span class='ocrx_word' id='word_1_380' title='bbox 652 4459 691 4510; x_wconf 92' lang='grc' dir='ltr'>Α</span> <span class='ocrx_word' id='word_1_381' title='bbox 732 4460 742 4525; x_wconf 89' lang='grc' dir='ltr'>Ι</span> <span class='ocrx_word' id='word_1_382' title='bbox 799 4463 876 4512; x_wconf 86' lang='lat'>11.</span> <span class='ocrx_word' id='word_1_383' title='bbox 915 4457 998 4510; x_wconf 76' lang='grc' dir='ltr'>ιν·</span> <span class='ocrx_word' id='word_1_384' title='bbox 1033 4471 1349 4524; x_wconf 88' lang='grc' dir='ltr'>ανωιτερην</span> <span class='ocrx_word' id='word_1_385' title='bbox 1384 4458 1429 4512; x_wconf 89' lang='grc' dir='ltr'>Α</span> <span class='ocrx_word' id='word_1_386' title='bbox 1478 4459 1487 4525; x_wconf 90' lang='grc' dir='ltr'>Ι</span> <span class='ocrx_word' id='word_1_387' title='bbox 1538 4463 1616 4511; x_wconf 85' lang='grc'>13.</span> <span class='ocrx_word' id='word_1_388' title='bbox 1654 4459 1825 4511; x_wconf 79' lang='grc' dir='ltr'>παντὶ</span> <span class='ocrx_word' id='word_1_389' title='bbox 1861 4462 2113 4525; x_wconf 84' lang='grc' dir='ltr'>κτητικῷ</span> <span class='ocrx_word' id='word_1_390' title='bbox 2150 4455 2215 4525; x_wconf 90' lang='lat' dir='ltr'>b,</span> <span class='ocrx_word' id='word_1_391' title='bbox 2254 4472 2369 4511; x_wconf 86' lang='grc' dir='ltr'>παν</span> <span class='ocrx_word' id='word_1_392' title='bbox 2405 4472 2655 4525; x_wconf 86' lang='grc' dir='ltr'>κτητικω</span> <span class='ocrx_word' id='word_1_393' title='bbox 2692 4457 2737 4512; x_wconf 89' lang='grc' dir='ltr'>Α</span> <span class='ocrx_word' id='word_1_394' title='bbox 2784 4456 2794 4524; x_wconf 84' lang='grc' dir='ltr'>Ι</span> <span class='ocrx_word' id='word_1_395' title='bbox 2846 4461 2923 4509; x_wconf 80' lang='grc'>16.</span> <span class='ocrx_word' id='word_1_396' title='bbox 2960 4474 3066 4511; x_wconf 87' lang='grc' dir='ltr'>οτι-</span> 
     </span>
     <span class='ocr_line' id='line_1_43' title="bbox 481 4541 3068 4610; baseline -0.001 -13"><span class='ocrx_word' id='word_1_397' title='bbox 481 4543 693 4609; x_wconf 82' lang='grc' dir='ltr'>δηποτ’</span> <span class='ocrx_word' id='word_1_398' title='bbox 727 4558 836 4596; x_wconf 86' lang='grc' dir='ltr'>ουν</span> <span class='ocrx_word' id='word_1_399' title='bbox 871 4541 916 4596; x_wconf 88' lang='grc' dir='ltr'>Α</span> <span class='ocrx_word' id='word_1_400' title='bbox 947 4542 956 4606; x_wconf 92' lang='grc' dir='ltr'>Ι</span> <span class='ocrx_word' id='word_1_401' title='bbox 987 4545 1067 4594; x_wconf 83' lang='grc'>17.</span> <span class='ocrx_word' id='word_1_402' title='bbox 1105 4543 1387 4608; x_wconf 88' lang='grc' dir='ltr'>ομοιοειδη</span> <span class='ocrx_word' id='word_1_403' title='bbox 1425 4543 1488 4608; x_wconf 85' lang='grc' dir='ltr'>Α,</span> <span class='ocrx_word' id='word_1_404' title='bbox 1527 4542 1756 4610; x_wconf 80' lang='grc' dir='ltr'>ὁμοειδῆ</span> <span class='ocrx_word' id='word_1_405' title='bbox 1791 4542 1828 4596; x_wconf 93' lang='lat' dir='ltr'>b</span> <span class='ocrx_word' id='word_1_406' title='bbox 1859 4543 1868 4605; x_wconf 95' lang='grc' dir='ltr'>Ι</span> <span class='ocrx_word' id='word_1_407' title='bbox 1905 4547 1982 4596; x_wconf 87' lang='grc'>18.</span> <span class='ocrx_word' id='word_1_408' title='bbox 2020 4543 2153 4596; x_wconf 83' lang='grc' dir='ltr'>οὔτε</span> <span class='ocrx_word' id='word_1_409' title='bbox 2189 4541 2248 4607; x_wconf 90' lang='lat' dir='ltr'>b,</span> <span class='ocrx_word' id='word_1_410' title='bbox 2283 4557 2453 4596; x_wconf 85' lang='grc' dir='ltr'>ουτετ</span> <span class='ocrx_word' id='word_1_411' title='bbox 2490 4542 2535 4596; x_wconf 89' lang='grc' dir='ltr'>Α</span> <span class='ocrx_word' id='word_1_412' title='bbox 2565 4542 2576 4609; x_wconf 92' lang='grc' dir='ltr'>Ι</span> <span class='ocrx_word' id='word_1_413' title='bbox 2610 4547 2690 4596; x_wconf 79' lang='grc'>19.</span> <span class='ocrx_word' id='word_1_414' title='bbox 2726 4543 2789 4595; x_wconf 90' lang='grc' dir='ltr'>δε</span> <span class='ocrx_word' id='word_1_415' title='bbox 2823 4557 2887 4596; x_wconf 84' lang='grc' dir='ltr'>εκ</span> <span class='ocrx_word' id='word_1_416' title='bbox 2915 4543 2980 4608; x_wconf 88' lang='grc' dir='ltr'>Α,</span> <span class='ocrx_word' id='word_1_417' title='bbox 3017 4543 3068 4595; x_wconf 81' lang='grc' dir='ltr'>δ’</span> 
     </span>
     <span class='ocr_line' id='line_1_44' title="bbox 480 4624 3067 4695; baseline 0.001 -17"><span class='ocrx_word' id='word_1_418' title='bbox 480 4628 541 4679; x_wconf 83' lang='grc' dir='ltr'>ἑκ</span> <span class='ocrx_word' id='word_1_419' title='bbox 576 4627 613 4680; x_wconf 93' lang='lat' dir='ltr'><strong>b</strong></span> <span class='ocrx_word' id='word_1_420' title='bbox 645 4628 654 4694; x_wconf 91' lang='grc' dir='ltr'>Ι</span> <span class='ocrx_word' id='word_1_421' title='bbox 692 4632 775 4681; x_wconf 90' lang='grc'><strong>20.</strong></span> <span class='ocrx_word' id='word_1_422' title='bbox 803 4626 1045 4691; x_wconf 83' lang='grc' dir='ltr'>θαύμαζε</span> <span class='ocrx_word' id='word_1_423' title='bbox 1082 4627 1125 4680; x_wconf 91' lang='grc' dir='ltr'>Α</span> <span class='ocrx_word' id='word_1_424' title='bbox 1145 4625 1182 4678; x_wconf 88' lang='lat' dir='ltr'>b</span> <span class='ocrx_word' id='word_1_425' title='bbox 1212 4625 1224 4694; x_wconf 73' lang='grc' dir='ltr'>Ι</span> <span class='ocrx_word' id='word_1_426' title='bbox 1253 4627 1511 4681; x_wconf 89' lang='grc' dir='ltr'>οδυςςεος</span> <span class='ocrx_word' id='word_1_427' title='bbox 1538 4629 1581 4681; x_wconf 93' lang='grc' dir='ltr'>Α</span> <span class='ocrx_word' id='word_1_428' title='bbox 1613 4629 1622 4695; x_wconf 87' lang='grc' dir='ltr'>Ι</span> <span class='ocrx_word' id='word_1_429' title='bbox 1655 4629 1898 4694; x_wconf 87' lang='grc' dir='ltr'>λημενας</span> <span class='ocrx_word' id='word_1_430' title='bbox 1926 4628 1969 4681; x_wconf 91' lang='grc' dir='ltr'>Α</span> <span class='ocrx_word' id='word_1_431' title='bbox 2001 4627 2010 4694; x_wconf 83' lang='grc' dir='ltr'>Ι</span> <span class='ocrx_word' id='word_1_432' title='bbox 2041 4632 2123 4679; x_wconf 86' lang='grc'>22.</span> <span class='ocrx_word' id='word_1_433' title='bbox 2150 4626 2501 4693; x_wconf 75' lang='grc' dir='ltr'>ἀνομοείδεια</span> <span class='ocrx_word' id='word_1_434' title='bbox 2523 4624 2898 4690; x_wconf 85' lang='lat' dir='ltr'>RSohneider‚</span> <span class='ocrx_word' id='word_1_435' title='bbox 2939 4642 3067 4681; x_wconf 77' lang='lat' dir='ltr'>ovo·</span> 
     </span>
     <span class='ocr_line' id='line_1_45' title="bbox 484 4709 3066 4779; baseline 0 -14"><span class='ocrx_word' id='word_1_436' title='bbox 484 4712 694 4776; x_wconf 85' lang='grc' dir='ltr'>μοειδια</span> <span class='ocrx_word' id='word_1_437' title='bbox 729 4712 805 4777; x_wconf 84' lang='grc' dir='ltr'>Α,</span> <span class='ocrx_word' id='word_1_438' title='bbox 839 4709 1244 4776; x_wconf 80' lang='grc' dir='ltr'>ἀνομοιοείδεια</span> <span class='ocrx_word' id='word_1_439' title='bbox 1281 4709 1317 4763; x_wconf 92' lang='lat' dir='ltr'>b</span> <span class='ocrx_word' id='word_1_440' title='bbox 1347 4713 1359 4775; x_wconf 82' lang='lat'><em>1</em></span> <span class='ocrx_word' id='word_1_441' title='bbox 1389 4727 1676 4779; x_wconf 86' lang='grc' dir='ltr'>απητηςεν</span> <span class='ocrx_word' id='word_1_442' title='bbox 1702 4713 1745 4766; x_wconf 91' lang='grc' dir='ltr'>Α</span> <span class='ocrx_word' id='word_1_443' title='bbox 1777 4716 1787 4778; x_wconf 87' lang='grc'>1</span> <span class='ocrx_word' id='word_1_444' title='bbox 1817 4717 1903 4766; x_wconf 85' lang='grc'><strong>23.</strong></span> <span class='ocrx_word' id='word_1_445' title='bbox 1929 4726 2410 4778; x_wconf 86' lang='grc' dir='ltr'>παρεμφαινουςιν</span> <span class='ocrx_word' id='word_1_446' title='bbox 2434 4711 2479 4765; x_wconf 89' lang='grc' dir='ltr'>Α</span> <span class='ocrx_word' id='word_1_447' title='bbox 2511 4713 2522 4779; x_wconf 87' lang='grc' dir='ltr'>Ι</span> <span class='ocrx_word' id='word_1_448' title='bbox 2549 4715 2632 4764; x_wconf 78' lang='grc'><strong>24.</strong></span> <span class='ocrx_word' id='word_1_449' title='bbox 2662 4725 2955 4779; x_wconf 87' lang='grc' dir='ltr'>κτητωρος</span> <span class='ocrx_word' id='word_1_450' title='bbox 2983 4711 3028 4766; x_wconf 89' lang='grc' dir='ltr'>Α</span> <span class='ocrx_word' id='word_1_451' title='bbox 3058 4712 3066 4779; x_wconf 86' lang='grc' dir='ltr'>Ι</span> 
     </span>
     <span class='ocr_line' id='line_1_46' title="bbox 483 4794 3062 4864; baseline 0.002 -16"><span class='ocrx_word' id='word_1_452' title='bbox 483 4795 572 4850; x_wconf 77' lang='grc' dir='ltr'>ἐπὶ</span> <span class='ocrx_word' id='word_1_453' title='bbox 608 4801 713 4851; x_wconf 80' lang='grc' dir='ltr'>τοι)</span> <span class='ocrx_word' id='word_1_454' title='bbox 749 4795 815 4863; x_wconf 90' lang='lat' dir='ltr'>b,</span> <span class='ocrx_word' id='word_1_455' title='bbox 854 4812 969 4849; x_wconf 89' lang='grc' dir='ltr'>απο</span> <span class='ocrx_word' id='word_1_456' title='bbox 1004 4811 1111 4849; x_wconf 87' lang='grc' dir='ltr'>του</span> <span class='ocrx_word' id='word_1_457' title='bbox 1147 4797 1190 4849; x_wconf 93' lang='grc' dir='ltr'>Α</span> <span class='ocrx_word' id='word_1_458' title='bbox 1238 4797 1247 4862; x_wconf 89' lang='grc' dir='ltr'>Ι</span> <span class='ocrx_word' id='word_1_459' title='bbox 1295 4801 1378 4849; x_wconf 83' lang='grc'><strong>25.</strong></span> <span class='ocrx_word' id='word_1_460' title='bbox 1416 4811 1710 4864; x_wconf 86' lang='grc' dir='ltr'>κτητωρος</span> <span class='ocrx_word' id='word_1_461' title='bbox 1747 4797 1792 4852; x_wconf 89' lang='grc' dir='ltr'>Α</span> <span class='ocrx_word' id='word_1_462' title='bbox 1840 4798 1849 4864; x_wconf 94' lang='grc' dir='ltr'>Ι</span> <span class='ocrx_word' id='word_1_463' title='bbox 1896 4796 2046 4863; x_wconf 84' lang='grc' dir='ltr'>γένει</span> <span class='ocrx_word' id='word_1_464' title='bbox 2082 4797 2145 4864; x_wconf 85' lang='lat' dir='ltr'>b,</span> <span class='ocrx_word' id='word_1_465' title='bbox 2182 4812 2393 4862; x_wconf 86' lang='grc' dir='ltr'>γενεςει</span> <span class='ocrx_word' id='word_1_466' title='bbox 2430 4797 2500 4863; x_wconf 84' lang='grc' dir='ltr'>Α;</span> <span class='ocrx_word' id='word_1_467' title='bbox 2536 4794 2670 4851; x_wconf 85' lang='lat' dir='ltr'>inde</span> <span class='ocrx_word' id='word_1_468' title='bbox 2705 4794 2803 4849; x_wconf 89' lang='lat' dir='ltr'>fol.</span> <span class='ocrx_word' id='word_1_469' title='bbox 2842 4800 2938 4850; x_wconf 80' lang='lat'>189</span> <span class='ocrx_word' id='word_1_470' title='bbox 2962 4812 3015 4854; x_wconf 86' lang='lat' dir='ltr'>v.</span> <span class='ocrx_word' id='word_1_471' title='bbox 3057 4799 3062 4862; x_wconf 80' lang='lat' dir='ltr'>i</span> 
     </span>
     <span class='ocr_line' id='line_1_47' title="bbox 483 4878 1726 4948; baseline 0.002 -16"><span class='ocrx_word' id='word_1_472' title='bbox 483 4885 564 4939; x_wconf 81' lang='grc'><strong>26.</strong></span> <span class='ocrx_word' id='word_1_473' title='bbox 598 4879 826 4935; x_wconf 70' lang='lat' dir='ltr'>litteras</span> <span class='ocrx_word' id='word_1_474' title='bbox 861 4883 925 4934; x_wconf 85' lang='grc' dir='ltr'>θε</span> <span class='ocrx_word' id='word_1_475' title='bbox 962 4878 1114 4933; x_wconf 85' lang='lat' dir='ltr'>voois</span> <span class='ocrx_word' id='word_1_476' title='bbox 1146 4882 1353 4948; x_wconf 86' lang='grc' dir='ltr'>λεληθε</span> <span class='ocrx_word' id='word_1_477' title='bbox 1387 4894 1549 4934; x_wconf 79' lang='lat' dir='ltr'>evan.</span> <span class='ocrx_word' id='word_1_478' title='bbox 1585 4880 1646 4933; x_wconf 90' lang='lat' dir='ltr'>in</span> <span class='ocrx_word' id='word_1_479' title='bbox 1680 4884 1726 4936; x_wconf 87' lang='grc' dir='ltr'>Α</span> 
     </span>
    </p>
   </div>
   <div class='ocr_carea' id='block_1_9' title="bbox 3733 4007 3738 4715">
    <p class='ocr_par' dir='ltr' id='par_1_10' title="bbox 3733 4007 3738 4715">
     <span class='ocr_line' id='line_1_48' title="bbox 3733 4007 3738 4715; baseline 0 0"><span class='ocrx_word' id='word_1_480' title='bbox 3733 4007 3738 4715; x_wconf 95' lang='lat' dir='ltr'> </span> 
     </span>
    </p>
   </div>
  </div>
 </body>
</html>
