3738 5530
1387 365 1761 417 Anvssnssm
1798 365 1878 416 m
1907 349 2021 423 δῖ,
2058 363 2136 415 IN
2173 349 2287 419 ΓΕ.
3010 357 3126 423 177

537 569 799 654 τοιαύτῃ
844 570 1045 646 τάςει,
1107 568 1275 634 ἀλλὰ
1320 570 1420 635 καὶ
1465 570 1555 635 ἔτι
1598 570 1806 652 ἐντῷ
1854 568 2139 646 οἴκοθεν,
2198 568 2290 634 ὡς
2346 565 2684 632 δεδείξεται
2738 565 2810 631 ἐν
2854 571 2945 650 τῷ
2988 566 3135 644 περὶ

536 676 669 737 τῶν
711 672 802 737 εἰς
839 659 970 737 θεν.
1021 708 1094 718 -
1160 672 1271 735 Καὶ
1328 671 1516 738 ἕνεκα
1568 673 1687 735 τοῦ
1742 671 1953 735 τύπου
2013 672 2114 735 καὶ
2168 672 2245 736 τὸ
2301 668 2580 745 πόποι,
2634 666 2688 731 ὦ
2743 668 2976 733 πόποι·
3031 669 3135 733 καὶ

435 789 487 829 2⁵
537 776 661 854 γὰρ
706 775 785 838 τὰ
827 772 1228 853 πρωτότυπα
1271 773 1441 839 θέλει
1485 772 1909 852 ὁπωςδήποτε
1955 777 2388 856 περιςπᾶςθαι,
2436 770 2526 835 ὥς
2570 769 2703 850 ἔχει
2743 772 2819 835 τὸ
2852 770 3135 851 οἰμοιμοῖ

537 878 638 941 καὶ
681 877 758 941 τὸ
817 875 1043 942 ὀτοτοῖ
1086 875 1185 940 καὶ
1227 877 1305 940 τὸ
1353 875 1563 941 οἰοιοῖ.
1614 911 1690 920 -
1752 873 2055 940 Φαίνεται
2111 875 2209 940 ὅτι
2263 876 2365 939 καὶ
2416 875 2493 939 τὸ
2551 870 2692 936 εὐοῖ
2733 872 2893 937 κατὰ
2936 875 3130 937 τοῦτο

539 980 1025 1059 ςεςημειώςεται.
1081 1013 1159 1022 --
1217 978 1295 1044 τὸ
1338 979 1462 1057 γὰρ
1507 977 1683 1056 παρὰ
1725 978 1862 1041 τοῖς
1907 978 2055 1055 περὶ
2097 977 2213 1042 τὸν
2258 977 2555 1041 Ἀλκαῖον
2611 974 2882 1055 μέςςοι
2927 977 3131 1053 δῆλον
3170 985 3201 1033 5

539 1079 636 1144 ὅτι
682 1082 841 1145 κατὰ
884 1082 1002 1158 τὴν
1057 1078 1223 1144 ἰδίαν
1278 1079 1612 1144 διάλεκτον
1666 1078 1795 1143 ἀνὰ
1851 1077 2054 1152 λόγον
2112 1076 2449 1157 βαρυνθείη
2502 1075 2601 1141 ἄν.
2676 1075 2755 1140 όύ
2799 1076 2924 1156 γάρ
2968 1075 3135 1142 ἐςτιν

435 1194 488 1235 ³⁰
544 1181 839 1260 ἐλλειπὴς
893 1186 970 1265 τῇ
1029 1182 1102 1246 ἔν
1158 1182 1486 1261 προθέςει,
1556 1178 2063 1259 ςυςτελλομένου
2127 1182 2246 1244 τοῦ
2303 1183 2360 1244 ὦ·
2414 1177 2501 1243 εἰς
2556 1180 2632 1243 τὸ
2687 1181 2756 1260 ὅ,
2824 1177 2914 1242 ὥς
2968 1200 3135 1245 τινες

538 1282 931 1363 ὑπενόηςαν,
997 1283 1076 1347 ἐν
1141 1283 1420 1367 μέςςῳ·
1489 1280 1643 1346 ἀλλ’
1709 1281 1790 1345 ὃν
1853 1280 2101 1359 τρόπον
2161 1281 2339 1361 παρὰ
2404 1280 2480 1344 τὸ
2548 1280 2729 1345 οἶκος
2782 1281 2859 1345 τὸ
2919 1279 3135 1345 οἴκοι

538 1384 834 1467 ἐγένετο,
896 1387 1204 1464 ςημαῖνον
1261 1385 1339 1449 τὸ
1397 1384 1467 1449 ἐν
1527 1382 1719 1467 οἴκῳ,
1772 1383 1949 1462 παρά
2004 1403 2074 1448 τε
2118 1383 2204 1449 -τὸ
2247 1383 2448 1447 Πυθώ
2495 1382 2652 1465 <τό>
2695 1383 2981 1465 Πυθοῖ,
3035 1383 3137 1446 καὶ

537 1488 714 1566 παρὰ
755 1488 831 1551 τὸ
879 1486 1148 1565 Μέγαρα
1191 1488 1265 1552 τὸ
1316 1485 1711 1568 Μεγαροῖ,
1767 1487 2077 1564 ςημαῖνον
2119 1486 2196 1549 τὸ
2242 1484 2313 1549 ἐν
2362 1484 2716 1563 Μεγάροις,
2771 1486 2888 1550 τὸν
2934 1484 3136 1549 αὐτὸν
3180 1492 3239 1540 ¹0

404 1601 503 1652 589
538 1588 787 1668 τρόπον
834 1588 934 1653 καὶ
978 1590 1155 1666 παρὰ
1208 1589 1284 1653 τὸ
1343 1588 1533 1668 μέςος
1584 1586 1659 1651 τὸ
1720 1585 1931 1666 μέςςοι
1984 1585 2274 1664 ἐγένετο,
2331 1588 2639 1666 ςημαῖνον
2691 1587 2767 1650 τὸ
2824 1586 2894 1651 ἐν
2949 1586 3136 1670 μέςῳ.

539 1689 701 1770 ὅπερ
746 1691 916 1770 ἔφην
962 1689 1121 1754 κατὰ
1165 1690 1241 1754 τὸ
1286 1688 1584 1754 Αἰολικὸν
1628 1688 1777 1753 ἔθος
1826 1687 2221 1768 βαρύνεςθαι.

461 1812 486 1853 5
706 1791 803 1856 Τὰ
831 1789 921 1856 εἰς
950 1795 1022 1856 δε
1053 1792 1336 1870 λήγοντα
1365 1791 1598 1855 τοπικὰ
1627 1789 2043 1871 ἐπιρρήματα,
2084 1787 2157 1853 ἐν
2188 1788 2284 1854 ἑνὶ
2314 1789 2487 1868 μέρει
2516 1788 2722 1866 λόγου
2750 1792 3132 1867 καθεςτῶτα,

537 1894 641 1959 καὶ
705 1891 1265 1972 προπαροξύνεται
1336 1893 1440 1957 καὶ
1510 1898 1602 1974 τῷ
1668 1922 1709 1965 α
1774 1889 2266 1972 παρεδρεύεται,
2344 1889 2434 1956 ὡς
2507 1890 2636 1970 ἔχει
2690 1893 2767 1957 τὸ
2838 1889 2960 1957 οἴκ
2975 1896 3063 1956 αδ
3079 1911 3132 1971 ε,

539 1995 801 2060 ἅλαδε.
876 1994 947 2060 ἐν
1003 1993 1176 2078 τόνῳ
1236 1991 1357 2058 οὖν
1412 1994 1886 2073 ςεςημειώςεται
1940 1991 2016 2056 τὸ
2076 1992 2392 2076 ἐνθάδε,
2446 1993 2485 2077 ᾖ
2533 1993 2685 2077 <τε>
2741 1994 2823 2059 τὰ
2875 1997 3138 2058 τοιαῦτα
3178 2000 3238 2049 15

538 2104 669 2161 τῶν
725 2095 1172 2176 ἐπιρρημάτων
1201 2137 1204 2138 ⁷
1232 2095 1604 2175 stamineum
1662 2093 1963 2175 ὀνόμαςι,
2019 2095 2096 2159 τὸ
2156 2093 2385 2159 ἐνθάδε
2442 2096 2514 2159 δὲ
2571 2094 2725 2160 οὐδὲ
2780 2100 2932 2178 τῇδε
2987 2094 3137 2174 ἔχει.

442 2219 489 2257 ιο
540 2199 618 2263 τὰ
682 2198 1068 2276 προκείμενα
1133 2201 1264 2262 τῶν
1334 2196 1783 2278 ἐπιρρημάτων
1851 2195 2172 2260 οὐδέποτε
2240 2194 2535 2279 ἀποβολῇ
2599 2200 2713 2261 τοῦ
2746 2183 2850 2261 ’ἆ
2930 2198 3137 2276 ςχέςιν

539 2295 812 2379 τοπικὴν
863 2298 1195 2364 ἀποτελεῖ·
1255 2302 1397 2364 πῶς
1453 2297 1572 2364 οὖν
1630 2298 1805 2377 παρὰ
1862 2297 1940 2361 τὸ
1998 2297 2224 2363 ἐνθάδε
2280 2299 2358 2362 τὸ
2418 2295 2575 2362 ἔνθα
2619 2298 2823 2377 ςχέςιν
2868 2299 3138 2377 τοπικὴν

542 2401 851 2482 ςημαίνει;

793 2503 950 2567 ἔνθα
993 2504 1430 2583 κατεπλέομεν
1477 2500 1526 2586 (ι
1574 2500 1747 2582 142).
1796 2535 1873 2546 --
3173 2508 3240 2556 20

539 2603 918 2681 Πρόςκειται
972 2604 1044 2667 δὲ
1097 2603 1170 2669 ἐν
1226 2603 1323 2669 ἑνὶ
1379 2604 1551 2683 μέρει
1607 2603 1848 2685 λόγου,
1921 2602 2059 2666 ἐπεὶ
2113 2603 2215 2667 καὶ
2273 2602 2440 2668 ἔςτιν
2496 2602 2566 2667 ἐκ
2617 2602 2971 2668 ςυντάξεως
3027 2606 3139 2681 τῆς

439 2723 489 2763 15
541 2705 686 2770 κατ’
740 2703 1083 2785 αἰτιατικὴν
1142 2705 1241 2771 καὶ
1299 2705 1649 2784 ςυνδέςμου
1709 2707 1825 2770 τοῦ
1887 2704 1959 2768 δέ
2016 2702 2210 2770 πάλιν
2268 2704 2307 2784 ἡ
2353 2704 2442 2770 εἰς
2495 2705 2702 2771 τόπον
2759 2704 2985 2784 ςχέςις,
3046 2704 3139 2769 ὡς

540 2806 672 2886 ἔχει
715 2808 789 2872 τὸ
835 2805 1270 2888 Οὔλυμπον
1316 2809 1396 2873 δέ
1440 2809 1539 2873 καὶ
1584 2807 1828 2886 ἀγρὸν
1875 2806 1958 2869 δέ
2003 2807 2104 2870 καὶ
2149 2806 2379 2871 οἶκον
2426 2807 2527 2871 δέ.
2612 2807 2714 2871 διὸ
2770 2805 2925 2870 οὐδὲ
2979 2805 3140 2871 κατὰ

539 2909 615 2973 τὸ
659 2912 962 2974 τοιοῦτον
1022 2909 1252 2989 ὅμοιόν
1297 2910 1421 2975 ἐςτι
1473 2912 1549 2975 τὸ
1603 2909 1866 2993 ἐνθάδε,
1929 2905 2027 2971 ὅτι
2073 2906 2223 2973 οὔτε
2281 2908 2550 2984 ἔγκειται
2596 2907 2930 2990 αἰτιατική,
2987 2907 3138 2972 οὔτε

542 3009 580 3073 6
624 3010 821 3075 τόνος
875 3014 992 3075 τοῦ
1048 3011 1483 3091 πρωτοτύπου
1540 3011 2069 3091 διαφυλάςςεται,
2129 3011 2415 3090 καθάπερ
2470 3010 2576 3074 ἐπὶ
2630 3015 2760 3075 τῶν
2805 3009 3135 3089 προκειμέ-
3175 3018 3241 3065 25

439 3129 493 3169 2⁰
544 3133 694 3178 νων.
768 3113 844 3176 τὸ
900 3113 1024 3190 γὰρ
1082 3110 1309 3178 οἶκον
1365 3115 1910 3194 προπεριςπᾶται,
1969 3109 2067 3174 καὶ
2123 3111 2319 3177 πάλιν
2377 3112 2448 3177 ἐν
2503 3117 2577 3194 τῇ
2636 3111 2967 3190 προςθέςει
3021 3114 3140 3175 τοῦ

543 3214 615 3278 δέ
684 3214 855 3293 με’νει
920 3212 959 3277 ὁ
1016 3212 1212 3280 αὐτὸς
1269 3214 1490 3291 τόνος,
1560 3213 1787 3279 οἶκον
1844 3214 1957 3297 δέ,
2025 3213 2181 3295 μετὰ
2233 3217 2351 3278 τοῦ
2405 3213 2505 3276 καὶ
2570 3213 2689 3292 τὴν
2751 3213 2968 3280 ὀξεῖαν
3035 3212 3141 3275 ἐπὶ

542 3316 769 3379 τέλους
813 3313 1002 3380 εἶναι.
1078 3313 1117 3378 6
1163 3314 1360 3380 αὐτὸς
1405 3314 1602 3393 λόγος
1648 3315 1752 3381 ἐπὶ
1794 3318 1917 3381 τοῦ
1960 3316 2369 3396 Ὄλυμπον
2413 3314 2515 3379 καὶ
2559 3314 2991 3394 Οὔλυμπον
3036 3316 3138 3379 δέ.

546 3452 622 3462 -
669 3417 771 3481 διὸ
815 3415 916 3481 καὶ
960 3419 1138 3481 δοκεῖ
1180 3416 1255 3481 τὸ
1713 3404 1728 3411 ’

1335 3516 1535 3582 ἅλαδ’
1578 3517 1991 3598 ἑλκομενάων
2037 3515 2123 3602 (Ξ
2172 3516 2344 3601 100)-
3168 3527 3235 3576 3ο

327 3674 340 3683 .
443 3638 493 3677 25
546 3617 913 3698 ἀμφίβολον
958 3617 1155 3703 εἶναι,
1212 3617 1579 3699 δυνάμενον
1622 3619 1723 3684 καὶ
1765 3625 1843 3705 τῇ
1890 3625 2244 3704 παραγωγῇ
2289 3621 2623 3698 κεχρῆςθαι
2666 3620 2784 3683 τοῦ
2831 3617 3137 3697 οἴκαδε,

544 3719 905 3799 δυνάμενον
960 3720 1061 3786 καὶ
1115 3719 1187 3785 ἐν
1232 3719 1535 3805 αἰτιατικῇ
1581 3719 1746 3787 εἶναι
1790 3724 1909 3786 τοῦ
1968 3721 2094 3787 ἅλα
2149 3721 2252 3786 καὶ
2303 3720 2632 3799 προςθέςει
2684 3725 2802 3786 τοῦ
2857 3721 2963 3804 δέ,
3021 3720 3140 3801 ἐφ’

678 3922 893 3976 Anava.
965 3927 997 3977 5
1041 3924 1226 3990 μέςςοι
1270 3939 1460 3976 rursus
1506 3938 1636 3976 oum
1679 3924 1825 3978 οἴκοι
1868 3902 2149 3982 οδηνοῐιίὶ.
2187 3952 2254 3963 -
2297 3928 2356 3976 13
2389 3921 2679 3976 Adverbia
2712 3921 2770 3976 in
2807 3910 2886 3978 δῖ
2904 3922 3138 3988 localia,

545 4020 688 4073 quae
735 4023 804 4060 ex
847 4022 963 4060 una
1005 4022 1143 4061 voce
1191 4008 1475 4072 constant,
1520 4007 1979 4076 proparoxyssona
2022 4009 2171 4063 sunt.
2258 4007 2485 4063 Ἐνθάδε
2530 4021 2716 4076 neque
2761 4007 2906 4061 hanc
2953 4007 3138 4076 legem

546 4090 822 4158 sequitur,
858 4106 1045 4159 neque
1081 4107 1209 4145 cum
1243 4092 1406 4146 οῖκον
1440 4092 1504 4147 δέ
1540 4090 1661 4145 sim.
1699 4091 1984 4148 convenit.

678 4257 900 4313 Tum.
969 4266 1002 4314 4
1037 4258 1223 4316 Schol.
1262 4259 1426 4315 Dion.
1464 4260 1598 4315 Thr.
1636 4259 1748 4315 BA
1782 4278 1839 4331 p.
1864 4265 1985 4330 946,
2021 4266 2105 4317 32.

680 4426 871 4486 Dmcm
908 4424 1105 4489 sonaim.
1175 4435 1224 4489 2.
1261 4430 1309 4484 ὡ
1346 4428 1600 4498 KLehrs,
1638 4433 1685 4486 ὢ
1719 4431 1758 4486 b
1790 4434 1800 4497 Ι
1840 4436 1890 4484 4.
1927 4432 2018 4486 ὅτι
2052 4428 2168 4499 καὶ]
2204 4428 2303 4484 fol.
2346 4436 2443 4487 138
2466 4448 2510 4486 r.
2557 4431 2568 4501 Ι
2620 4431 2744 4486 εὐοῖ
2779 4428 3140 4486 chALobeek

548 4509 794 4582 omnig,
830 4514 952 4568 εὐοῖ
984 4514 1051 4581 b,
1092 4513 1212 4571 εὐοί
1248 4512 1714 4585 GFSchoemann‚
1755 4516 1906 4584 οἴμοι
1942 4515 2035 4570 vel
2070 4515 2213 4581 ὤμοι
2248 4514 2474 4569 KLehrs
2537 4519 2548 4583 1
2611 4521 2659 4575 6.
2697 4516 2993 4580 ἀναλόγως
3030 4532 3134 4585 pro

548 4595 654 4652 ἀνὰ
688 4597 860 4663 λόγον
897 4597 1177 4653 GDronke
1225 4602 1234 4664 Ι
1282 4605 1329 4658 7.
1368 4601 1631 4668 ελλειπης
1668 4602 1743 4667 Α,
1781 4600 2012 4667 ἐλλιπὴς
2047 4601 2085 4654 b
2134 4603 2143 4666 Ι
2192 4605 2242 4655 9.
2275 4602 2346 4654 τὸ
2382 4598 2512 4654 add.
2548 4599 2584 4653 b
2625 4604 2635 4666 Ι
2678 4607 2757 4657 15.
2793 4597 2877 4651 ‘R
2916 4599 3133 4666 ἐνθάδε,

547 4682 582 4750 ᾗ
617 4698 682 4735 τε
716 4683 811 4737 τὰ’
847 4682 884 4736 b
920 4681 979 4736 in
1013 4699 1127 4739 var.
1164 4682 1324 4751 leot„
1363 4684 1577 4738 ἐνθάδε.
1613 4687 1649 4753 ᾗ
1690 4685 1779 4739 Ab
1815 4685 1875 4756 in
1910 4687 2072 4739 textu
2121 4687 2130 4751 Ι
2186 4689 2268 4740 17.
2308 4689 2412 4738 τοῦ
2450 4674 2523 4739 t}
2547 4685 2614 4751 b,
2649 4702 2753 4741 του
2789 4674 2832 4739 δ’
2857 4683 2914 4738 in
2940 4701 3142 4739 rasura

550 4765 616 4820 Αι
682 4768 694 4836 Ι
755 4772 837 4822 23.
919 4765 1130 4822 Veram
1174 4767 1511 4836 scripturam
1555 4768 1614 4821 et
1655 4767 1746 4822 hio
1792 4770 1853 4823 et
1895 4770 1932 4823 l.
1968 4774 2051 4827 27.
2089 4774 2155 4824 28
2188 4768 2438 4823 restituit
2472 4766 2720 4837 KLehrs,
2768 4771 3141 4839 Οὔλυμπόνδε

548 4849 784 4916 ἀγρόνδε
820 4852 1047 4907 οῖκόνδε
1082 4851 1120 4905 b

653 4944 930 4993 Apollonius
958 4946 1197 4997 Dyscolus.
1238 4947 1276 4989 1.
2670 4946 2732 4995 12
