<?xml version="1.0" encoding="UTF-8"?>
<!DOCTYPE html PUBLIC "-//W3C//DTD XHTML 1.0 Transitional//EN"
    "http://www.w3.org/TR/xhtml1/DTD/xhtml1-transitional.dtd">
<html xmlns="http://www.w3.org/1999/xhtml" xml:lang="en" lang="en">
 <head>
  <title>
</title>
<meta http-equiv="Content-Type" content="text/html;charset=utf-8" />
  <meta name='ocr-system' content='tesseract 3.04.00' />
  <meta name='ocr-capabilities' content='ocr_page ocr_carea ocr_par ocr_line ocrx_word'/>
</head>
<body>
  <div class='ocr_page' id='page_1' title='image "./grammaticigraec00unkngoog_0257.png"; bbox 0 0 3738 5530; ppageno 0'>
   <div class='ocr_carea' id='block_1_1' title="bbox 488 785 535 822">
    <p class='ocr_par' dir='ltr' id='par_1_1' title="bbox 488 785 535 822">
     <span class='ocr_line' id='line_1_1' title="bbox 488 785 535 822; baseline 0 0"><span class='ocrx_word' id='word_1_1' title='bbox 488 785 535 822; x_wconf 78' lang='lat'>15</span> 
     </span>
    </p>
   </div>
   <div class='ocr_carea' id='block_1_2' title="bbox 1585 462 3180 532">
    <p class='ocr_par' dir='ltr' id='par_1_2' title="bbox 1585 462 3180 532">
     <span class='ocr_line' id='line_1_2' title="bbox 1585 462 3180 532; baseline 0.009 -19"><span class='ocrx_word' id='word_1_2' title='bbox 1585 463 1683 514; x_wconf 77' lang='lat' dir='ltr'>DE</span> <span class='ocrx_word' id='word_1_3' title='bbox 1720 462 2184 514; x_wconf 77' lang='lat' dir='ltr'>CAVSALIBVS.</span> <span class='ocrx_word' id='word_1_4' title='bbox 2682 527 2689 532; x_wconf 52' lang='grc'>,</span> <span class='ocrx_word' id='word_1_5' title='bbox 3053 462 3180 528; x_wconf 83' lang='grc'>239</span> 
     </span>
    </p>
   </div>
   <div class='ocr_carea' id='block_1_3' title="bbox 584 663 3183 1260">
    <p class='ocr_par' dir='ltr' id='par_1_3' title="bbox 584 663 3183 1052">
     <span class='ocr_line' id='line_1_3' title="bbox 842 663 2180 749; baseline -0.002 -20"><span class='ocrx_word' id='word_1_6' title='bbox 842 663 1080 730; x_wconf 84' lang='grc' dir='ltr'>οὕνεκα</span> <span class='ocrx_word' id='word_1_7' title='bbox 1123 667 1240 731; x_wconf 91' lang='grc' dir='ltr'>τὸν</span> <span class='ocrx_word' id='word_1_8' title='bbox 1289 664 1538 744; x_wconf 87' lang='grc' dir='ltr'>Χρύςην</span> <span class='ocrx_word' id='word_1_9' title='bbox 1585 665 1878 743; x_wconf 82' lang='grc' dir='ltr'>ἠτίμαςεν</span> <span class='ocrx_word' id='word_1_10' title='bbox 1927 664 2007 749; x_wconf 89' lang='grc' dir='ltr'>(Α</span> <span class='ocrx_word' id='word_1_11' title='bbox 2057 665 2180 748; x_wconf 86' lang='grc'><strong>11).</strong></span> 
     </span>
     <span class='ocr_line' id='line_1_4' title="bbox 587 765 3183 850; baseline 0.001 -20"><span class='ocrx_word' id='word_1_12' title='bbox 587 765 753 831; x_wconf 88' lang='grc' dir='ltr'>ἀλλὰ</span> <span class='ocrx_word' id='word_1_13' title='bbox 797 767 915 831; x_wconf 85' lang='grc' dir='ltr'>κᾶν</span> <span class='ocrx_word' id='word_1_14' title='bbox 961 768 1082 832; x_wconf 89' lang='grc' dir='ltr'>δύο</span> <span class='ocrx_word' id='word_1_15' title='bbox 1129 768 1285 847; x_wconf 88' lang='grc' dir='ltr'>μέρη</span> <span class='ocrx_word' id='word_1_16' title='bbox 1332 767 1537 843; x_wconf 85' lang='grc' dir='ltr'>λόγου</span> <span class='ocrx_word' id='word_1_17' title='bbox 1582 768 1926 850; x_wconf 85' lang='grc' dir='ltr'>καθεςτήκῃ</span> <span class='ocrx_word' id='word_1_18' title='bbox 1970 768 2047 832; x_wconf 86' lang='grc' dir='ltr'>τὸ</span> <span class='ocrx_word' id='word_1_19' title='bbox 2094 768 2363 844; x_wconf 85' lang='grc' dir='ltr'>οὕνεκα,</span> <span class='ocrx_word' id='word_1_20' title='bbox 2423 767 2551 846; x_wconf 80' lang='grc' dir='ltr'>ἔχει</span> <span class='ocrx_word' id='word_1_21' title='bbox 2596 771 3021 848; x_wconf 85' lang='grc' dir='ltr'>προκειμένην</span> <span class='ocrx_word' id='word_1_22' title='bbox 3067 771 3183 848; x_wconf 89' lang='grc' dir='ltr'>τὴν</span> 
     </span>
     <span class='ocr_line' id='line_1_5' title="bbox 584 868 3183 949; baseline 0.002 -18"><span class='ocrx_word' id='word_1_23' title='bbox 584 872 700 931; x_wconf 86' lang='grc' dir='ltr'>τοῦ</span> <span class='ocrx_word' id='word_1_24' title='bbox 763 868 1039 946; x_wconf 86' lang='grc' dir='ltr'>γενικήν.</span> <span class='ocrx_word' id='word_1_25' title='bbox 1125 869 1201 933; x_wconf 92' lang='grc' dir='ltr'>τὸ</span> <span class='ocrx_word' id='word_1_26' title='bbox 1268 869 1428 933; x_wconf 85' lang='grc' dir='ltr'>αὐτὸ</span> <span class='ocrx_word' id='word_1_27' title='bbox 1495 871 1596 933; x_wconf 87' lang='grc' dir='ltr'>καὶ</span> <span class='ocrx_word' id='word_1_28' title='bbox 1650 868 1755 933; x_wconf 84' lang='grc' dir='ltr'>ἐπὶ</span> <span class='ocrx_word' id='word_1_29' title='bbox 1812 874 1931 933; x_wconf 85' lang='grc' dir='ltr'>τοῦ</span> <span class='ocrx_word' id='word_1_30' title='bbox 1986 868 2237 934; x_wconf 87' lang='grc' dir='ltr'>οὕνεκα.</span> <span class='ocrx_word' id='word_1_31' title='bbox 2325 871 2698 949; x_wconf 84' lang='grc' dir='ltr'>ἑπίμεμπτοι</span> <span class='ocrx_word' id='word_1_32' title='bbox 2765 870 2885 936; x_wconf 86' lang='grc' dir='ltr'>οὖν</span> <span class='ocrx_word' id='word_1_33' title='bbox 2953 871 3015 935; x_wconf 84' lang='grc' dir='ltr'>οἱ</span> <span class='ocrx_word' id='word_1_34' title='bbox 3070 874 3183 935; x_wconf 88' lang='grc' dir='ltr'>τὰς</span> 
     </span>
     <span class='ocr_line' id='line_1_6' title="bbox 586 968 2417 1052; baseline 0.002 -19"><span class='ocrx_word' id='word_1_35' title='bbox 586 969 991 1052; x_wconf 87' lang='grc' dir='ltr'>&lt;ςυν&gt;τάξεις</span> <span class='ocrx_word' id='word_1_36' title='bbox 1037 970 1621 1050; x_wconf 85' lang='grc' dir='ltr'>παραςυγχὲοντες,</span> <span class='ocrx_word' id='word_1_37' title='bbox 1670 968 1766 1035; x_wconf 84' lang='grc' dir='ltr'>ὧν</span> <span class='ocrx_word' id='word_1_38' title='bbox 1815 970 1939 1034; x_wconf 83' lang='grc' dir='ltr'>ἑςτι</span> <span class='ocrx_word' id='word_1_39' title='bbox 1989 972 2417 1052; x_wconf 88' lang='grc' dir='ltr'>Καλλίμαχος·</span> 
     </span>
    </p>

    <p class='ocr_par' dir='ltr' id='par_1_4' title="bbox 841 1071 2706 1156">
     <span class='ocr_line' id='line_1_7' title="bbox 841 1071 2706 1156; baseline -0.001 -19"><span class='ocrx_word' id='word_1_40' title='bbox 841 1072 995 1138; x_wconf 79' lang='grc' dir='ltr'>οὐδ’</span> <span class='ocrx_word' id='word_1_41' title='bbox 1040 1072 1218 1137; x_wconf 80' lang='grc' dir='ltr'>ἕνεκ’</span> <span class='ocrx_word' id='word_1_42' title='bbox 1261 1071 1593 1150; x_wconf 86' lang='grc' dir='ltr'>Εὐρυνόμη</span> <span class='ocrx_word' id='word_1_43' title='bbox 1641 1072 1936 1150; x_wconf 87' lang='grc' dir='ltr'>Τιτηνιάς</span> <span class='ocrx_word' id='word_1_44' title='bbox 1983 1071 2088 1156; x_wconf 88' lang='lat' dir='ltr'>(fr.</span> <span class='ocrx_word' id='word_1_45' title='bbox 2135 1073 2257 1135; x_wconf 81' lang='lat'>471</span> <span class='ocrx_word' id='word_1_46' title='bbox 2307 1071 2706 1156; x_wconf 79' lang='lat' dir='ltr'><strong>Schneider),</strong></span> 
     </span>
    </p>

    <p class='ocr_par' dir='ltr' id='par_1_5' title="bbox 836 1172 2738 1260">
     <span class='ocr_line' id='line_1_8' title="bbox 836 1172 2738 1260; baseline -0.001 -21"><span class='ocrx_word' id='word_1_47' title='bbox 836 1175 1082 1240; x_wconf 82' lang='grc' dir='ltr'>εἵνεκεν</span> <span class='ocrx_word' id='word_1_48' title='bbox 1128 1173 1249 1254; x_wconf 85' lang='grc' dir='ltr'>οὐχ</span> <span class='ocrx_word' id='word_1_49' title='bbox 1293 1174 1364 1238; x_wconf 82' lang='grc' dir='ltr'>ἓν</span> <span class='ocrx_word' id='word_1_50' title='bbox 1409 1172 1630 1252; x_wconf 85' lang='grc' dir='ltr'>ἄειςμα</span> <span class='ocrx_word' id='word_1_51' title='bbox 1675 1175 1958 1252; x_wconf 87' lang='grc' dir='ltr'>διηνεκές</span> <span class='ocrx_word' id='word_1_52' title='bbox 2002 1172 2109 1257; x_wconf 88' lang='lat' dir='ltr'><strong>(fr.</strong></span> <span class='ocrx_word' id='word_1_53' title='bbox 2155 1173 2279 1238; x_wconf 75' lang='lat'>287</span> <span class='ocrx_word' id='word_1_54' title='bbox 2329 1173 2738 1260; x_wconf 82' lang='lat' dir='ltr'>Schneider)·</span> 
     </span>
    </p>
   </div>
   <div class='ocr_carea' id='block_1_4' title="bbox 489 1258 3185 1361">
    <p class='ocr_par' dir='ltr' id='par_1_6' title="bbox 489 1258 3185 1361">
     <span class='ocr_line' id='line_1_9' title="bbox 489 1258 3185 1361; baseline 0.001 -21"><span class='ocrx_word' id='word_1_55' title='bbox 489 1293 541 1331; x_wconf 80' lang='lat'>20</span> <span class='ocrx_word' id='word_1_56' title='bbox 592 1277 855 1355; x_wconf 83' lang='grc' dir='ltr'>φέρεται</span> <span class='ocrx_word' id='word_1_57' title='bbox 907 1278 1034 1356; x_wconf 87' lang='grc' dir='ltr'>γὰρ</span> <span class='ocrx_word' id='word_1_58' title='bbox 1093 1275 1132 1340; x_wconf 99' lang='lat'>6</span> <span class='ocrx_word' id='word_1_59' title='bbox 1191 1276 1536 1354; x_wconf 86' lang='grc' dir='ltr'>ςύνδεςμος</span> <span class='ocrx_word' id='word_1_60' title='bbox 1593 1275 1698 1339; x_wconf 80' lang='grc' dir='ltr'>ἐπὶ</span> <span class='ocrx_word' id='word_1_61' title='bbox 1752 1275 1829 1339; x_wconf 88' lang='grc' dir='ltr'>τὸ</span> <span class='ocrx_word' id='word_1_62' title='bbox 1888 1276 2117 1358; x_wconf 86' lang='grc' dir='ltr'>ἤνυςα,</span> <span class='ocrx_word' id='word_1_63' title='bbox 2182 1276 2283 1341; x_wconf 88' lang='grc' dir='ltr'>καὶ</span> <span class='ocrx_word' id='word_1_64' title='bbox 2348 1278 2502 1341; x_wconf 88' lang='grc' dir='ltr'>δέον</span> <span class='ocrx_word' id='word_1_65' title='bbox 2558 1283 2651 1361; x_wconf 81' lang='grc' dir='ltr'>τῷ</span> <span class='ocrx_word' id='word_1_66' title='bbox 2710 1278 2944 1344; x_wconf 86' lang='grc' dir='ltr'>οὕνεκα</span> <span class='ocrx_word' id='word_1_67' title='bbox 2999 1258 3185 1342; x_wconf 86' lang='grc' dir='ltr'>κατα-</span> 
     </span>
    </p>
   </div>
   <div class='ocr_carea' id='block_1_5' title="bbox 484 1701 535 1740">
    <p class='ocr_par' dir='ltr' id='par_1_7' title="bbox 484 1701 535 1740">
     <span class='ocr_line' id='line_1_10' title="bbox 484 1701 535 1740; baseline 0 0"><span class='ocrx_word' id='word_1_68' title='bbox 484 1701 535 1740; x_wconf 70' lang='lat'>25</span> 
     </span>
    </p>
   </div>
   <div class='ocr_carea' id='block_1_6' title="bbox 585 1379 3188 2070">
    <p class='ocr_par' dir='ltr' id='par_1_8' title="bbox 586 1379 940 1458">
     <span class='ocr_line' id='line_1_11' title="bbox 586 1379 940 1458; baseline 0.008 -17"><span class='ocrx_word' id='word_1_69' title='bbox 586 1379 940 1458; x_wconf 88' lang='grc' dir='ltr'>χρήςαςθαι.</span> 
     </span>
    </p>

    <p class='ocr_par' dir='ltr' id='par_1_9' title="bbox 585 1478 3188 2070">
     <span class='ocr_line' id='line_1_12' title="bbox 759 1478 3183 1565; baseline -0 -20"><span class='ocrx_word' id='word_1_70' title='bbox 759 1481 924 1560; x_wconf 89' lang='grc' dir='ltr'>Γάρ.</span> <span class='ocrx_word' id='word_1_71' title='bbox 1000 1481 1132 1558; x_wconf 85' lang='grc' dir='ltr'>Τὴν</span> <span class='ocrx_word' id='word_1_72' title='bbox 1177 1478 1376 1558; x_wconf 87' lang='grc' dir='ltr'>αὐτὴν</span> <span class='ocrx_word' id='word_1_73' title='bbox 1425 1479 1714 1544; x_wconf 86' lang='grc' dir='ltr'>ςύνταξιν</span> <span class='ocrx_word' id='word_1_74' title='bbox 1760 1483 1934 1544; x_wconf 89' lang='grc' dir='ltr'>ποιεῖ</span> <span class='ocrx_word' id='word_1_75' title='bbox 1976 1479 2053 1542; x_wconf 87' lang='grc' dir='ltr'>τὸ</span> <span class='ocrx_word' id='word_1_76' title='bbox 2098 1479 2408 1560; x_wconf 78' lang='grc' dir='ltr'>(μόριον)</span> <span class='ocrx_word' id='word_1_77' title='bbox 2452 1487 2543 1564; x_wconf 83' lang='grc' dir='ltr'>τῷ</span> <span class='ocrx_word' id='word_1_78' title='bbox 2600 1481 2699 1546; x_wconf 88' lang='grc' dir='ltr'>ὅτι</span> <span class='ocrx_word' id='word_1_79' title='bbox 2714 1532 2732 1565; x_wconf 90' lang='grc'>,</span> <span class='ocrx_word' id='word_1_80' title='bbox 2790 1482 3058 1560; x_wconf 86' lang='grc' dir='ltr'>δύναμίν</span> <span class='ocrx_word' id='word_1_81' title='bbox 3116 1501 3183 1545; x_wconf 92' lang='grc' dir='ltr'>τε</span> 
     </span>
     <span class='ocr_line' id='line_1_13' title="bbox 592 1580 3186 1663; baseline -0 -15"><span class='ocrx_word' id='word_1_82' title='bbox 592 1583 708 1657; x_wconf 82' lang='grc' dir='ltr'>τὴν</span> <span class='ocrx_word' id='word_1_83' title='bbox 754 1582 972 1659; x_wconf 87' lang='grc' dir='ltr'>αὐτήν.</span> <span class='ocrx_word' id='word_1_84' title='bbox 1053 1582 1184 1659; x_wconf 82' lang='grc' dir='ltr'>ἔχει</span> <span class='ocrx_word' id='word_1_85' title='bbox 1229 1583 1302 1645; x_wconf 80' lang='grc' dir='ltr'>δὲ</span> <span class='ocrx_word' id='word_1_86' title='bbox 1346 1582 1766 1659; x_wconf 87' lang='grc' dir='ltr'>παραλλαγὰς</span> <span class='ocrx_word' id='word_1_87' title='bbox 1809 1580 1886 1644; x_wconf 90' lang='grc' dir='ltr'>τὸ</span> <span class='ocrx_word' id='word_1_88' title='bbox 1933 1583 2013 1660; x_wconf 88' lang='grc' dir='ltr'>μὴ</span> <span class='ocrx_word' id='word_1_89' title='bbox 2061 1585 2370 1659; x_wconf 88' lang='grc' dir='ltr'>ζητεῖςθαι</span> <span class='ocrx_word' id='word_1_90' title='bbox 2412 1582 2581 1647; x_wconf 90' lang='grc' dir='ltr'>πόςα</span> <span class='ocrx_word' id='word_1_91' title='bbox 2624 1585 2779 1663; x_wconf 88' lang='grc' dir='ltr'>μέρη</span> <span class='ocrx_word' id='word_1_92' title='bbox 2827 1585 3060 1661; x_wconf 77' lang='grc' dir='ltr'>λόγου,</span> <span class='ocrx_word' id='word_1_93' title='bbox 3109 1585 3186 1647; x_wconf 88' lang='grc' dir='ltr'>τὸ</span> 
     </span>
     <span class='ocr_line' id='line_1_14' title="bbox 588 1681 3185 1766; baseline 0.001 -19"><span class='ocrx_word' id='word_1_94' title='bbox 588 1683 658 1747; x_wconf 85' lang='grc' dir='ltr'>ἐν</span> <span class='ocrx_word' id='word_1_95' title='bbox 720 1681 884 1762; x_wconf 84' lang='grc' dir='ltr'>ἀρχῇ</span> <span class='ocrx_word' id='word_1_96' title='bbox 930 1684 1010 1762; x_wconf 87' lang='grc' dir='ltr'>μὴ</span> <span class='ocrx_word' id='word_1_97' title='bbox 1067 1684 1666 1763; x_wconf 88' lang='grc' dir='ltr'>παραλαμβάνεςθαι</span> <span class='ocrx_word' id='word_1_98' title='bbox 1728 1687 1859 1748; x_wconf 87' lang='grc' dir='ltr'>τῶν</span> <span class='ocrx_word' id='word_1_99' title='bbox 1928 1683 2177 1766; x_wconf 86' lang='grc' dir='ltr'>λόγων,</span> <span class='ocrx_word' id='word_1_100' title='bbox 2245 1684 2316 1747; x_wconf 86' lang='grc' dir='ltr'>ἐν</span> <span class='ocrx_word' id='word_1_101' title='bbox 2381 1685 2681 1750; x_wconf 83' lang='grc' dir='ltr'>ὑποτάξει</span> <span class='ocrx_word' id='word_1_102' title='bbox 2746 1686 2836 1748; x_wconf 88' lang='grc' dir='ltr'>δέ.</span> <span class='ocrx_word' id='word_1_103' title='bbox 2921 1687 3022 1750; x_wconf 87' lang='grc' dir='ltr'>διὸ</span> <span class='ocrx_word' id='word_1_104' title='bbox 3084 1686 3185 1749; x_wconf 88' lang='grc' dir='ltr'>καὶ</span> 
     </span>
     <span class='ocr_line' id='line_1_15' title="bbox 585 1782 3184 1867; baseline 0.001 -18"><span class='ocrx_word' id='word_1_105' title='bbox 585 1785 733 1850; x_wconf 80' lang='grc' dir='ltr'>κατ’</span> <span class='ocrx_word' id='word_1_106' title='bbox 775 1785 979 1863; x_wconf 88' lang='grc' dir='ltr'>ἀρχὴν</span> <span class='ocrx_word' id='word_1_107' title='bbox 1036 1784 1413 1866; x_wconf 84' lang='grc' dir='ltr'>τιθέμεν&lt;α&gt;</span> <span class='ocrx_word' id='word_1_108' title='bbox 1465 1784 1546 1847; x_wconf 89' lang='grc' dir='ltr'>τὰ</span> <span class='ocrx_word' id='word_1_109' title='bbox 1604 1782 1771 1848; x_wconf 83' lang='grc' dir='ltr'>αἴτια</span> <span class='ocrx_word' id='word_1_110' title='bbox 1817 1785 1973 1864; x_wconf 87' lang='grc' dir='ltr'>μετὰ</span> <span class='ocrx_word' id='word_1_111' title='bbox 2017 1791 2150 1849; x_wconf 87' lang='grc' dir='ltr'>τῶν</span> <span class='ocrx_word' id='word_1_112' title='bbox 2197 1792 2640 1864; x_wconf 84' lang='grc' dir='ltr'>προτακτικῶν</span> <span class='ocrx_word' id='word_1_113' title='bbox 2686 1787 3050 1867; x_wconf 86' lang='grc' dir='ltr'>ςυνδὲςμων</span> <span class='ocrx_word' id='word_1_114' title='bbox 3095 1787 3184 1851; x_wconf 81' lang='grc' dir='ltr'>εἰς</span> 
     </span>
     <span class='ocr_line' id='line_1_16' title="bbox 586 1884 3184 1968; baseline 0 -16"><span class='ocrx_word' id='word_1_115' title='bbox 586 1887 894 1966; x_wconf 80' lang='grc' dir='ltr'>δευτέραν</span> <span class='ocrx_word' id='word_1_116' title='bbox 936 1886 1115 1952; x_wconf 87' lang='grc' dir='ltr'>τάξιν</span> <span class='ocrx_word' id='word_1_117' title='bbox 1160 1887 1498 1968; x_wconf 85' lang='grc' dir='ltr'>μεθίςτηςι,</span> <span class='ocrx_word' id='word_1_118' title='bbox 1559 1887 1662 1950; x_wconf 89' lang='grc' dir='ltr'>καὶ</span> <span class='ocrx_word' id='word_1_119' title='bbox 1707 1885 1919 1950; x_wconf 86' lang='grc' dir='ltr'>οὕτως</span> <span class='ocrx_word' id='word_1_120' title='bbox 1977 1884 2272 1965; x_wconf 85' lang='grc' dir='ltr'>ἀληθεύει</span> <span class='ocrx_word' id='word_1_121' title='bbox 2318 1886 2357 1951; x_wconf 99' lang='lat'>6</span> <span class='ocrx_word' id='word_1_122' title='bbox 2415 1888 2629 1963; x_wconf 91' lang='grc' dir='ltr'>λόγος.</span> <span class='ocrx_word' id='word_1_123' title='bbox 2700 1888 2863 1953; x_wconf 82' lang='grc' dir='ltr'>ἔςτω</span> <span class='ocrx_word' id='word_1_124' title='bbox 2907 1891 2980 1953; x_wconf 80' lang='grc' dir='ltr'>δὲ</span> <span class='ocrx_word' id='word_1_125' title='bbox 3025 1889 3184 1952; x_wconf 85' lang='grc' dir='ltr'>ὑπο-</span> 
     </span>
     <span class='ocr_line' id='line_1_17' title="bbox 586 1986 3188 2070; baseline 0 -17"><span class='ocrx_word' id='word_1_126' title='bbox 586 1989 915 2068; x_wconf 79' lang='grc' dir='ltr'>δείγματα·</span> <span class='ocrx_word' id='word_1_127' title='bbox 985 1988 1106 2053; x_wconf 90' lang='grc' dir='ltr'>ὅτι</span> <span class='ocrx_word' id='word_1_128' title='bbox 1160 1987 1406 2068; x_wconf 84' lang='grc' dir='ltr'>ἡμέρα</span> <span class='ocrx_word' id='word_1_129' title='bbox 1461 1986 1645 2061; x_wconf 87' lang='grc' dir='ltr'>ἑςτί,</span> <span class='ocrx_word' id='word_1_130' title='bbox 1705 1992 1874 2067; x_wconf 86' lang='grc' dir='ltr'>φῶς</span> <span class='ocrx_word' id='word_1_131' title='bbox 1937 1989 2159 2054; x_wconf 87' lang='grc' dir='ltr'>ἐςτιν.</span> <span class='ocrx_word' id='word_1_132' title='bbox 2236 1988 2291 2053; x_wconf 83' lang='grc' dir='ltr'>εἰ</span> <span class='ocrx_word' id='word_1_133' title='bbox 2349 1987 2703 2070; x_wconf 84' lang='grc' dir='ltr'>ἀφέλοιμεν</span> <span class='ocrx_word' id='word_1_134' title='bbox 2759 1991 2876 2055; x_wconf 85' lang='grc' dir='ltr'>τὸν</span> <span class='ocrx_word' id='word_1_135' title='bbox 2929 1991 3029 2055; x_wconf 86' lang='grc' dir='ltr'>ὅτι</span> <span class='ocrx_word' id='word_1_136' title='bbox 3085 1991 3188 2055; x_wconf 85' lang='grc' dir='ltr'>καὶ</span> 
     </span>
    </p>
   </div>
   <div class='ocr_carea' id='block_1_7' title="bbox 3213 1093 3245 1137">
    <p class='ocr_par' dir='ltr' id='par_1_10' title="bbox 3213 1093 3245 1137">
     <span class='ocr_line' id='line_1_18' title="bbox 3213 1093 3245 1137; baseline 0 0"><span class='ocrx_word' id='word_1_137' title='bbox 3213 1093 3245 1137; x_wconf 75' lang='lat'><strong>5</strong></span> 
     </span>
    </p>
   </div>
   <div class='ocr_carea' id='block_1_8' title="bbox 3227 1600 3289 1646">
    <p class='ocr_par' dir='ltr' id='par_1_11' title="bbox 3227 1600 3289 1646">
     <span class='ocr_line' id='line_1_19' title="bbox 3227 1600 3289 1646; baseline 0 0"><span class='ocrx_word' id='word_1_138' title='bbox 3227 1600 3289 1646; x_wconf 88' lang='lat'>10</span> 
     </span>
    </p>
   </div>
   <div class='ocr_carea' id='block_1_9' title="bbox 483 2089 3287 2170">
    <p class='ocr_par' dir='ltr' id='par_1_12' title="bbox 483 2089 3287 2170">
     <span class='ocr_line' id='line_1_20' title="bbox 483 2089 3287 2170; baseline 0.002 -22"><span class='ocrx_word' id='word_1_139' title='bbox 483 2108 536 2148; x_wconf 73' lang='lat' dir='ltr'>ao</span> <span class='ocrx_word' id='word_1_140' title='bbox 588 2089 1008 2169; x_wconf 79' lang='grc' dir='ltr'>προςθείημεν</span> <span class='ocrx_word' id='word_1_141' title='bbox 1056 2091 1172 2153; x_wconf 87' lang='grc' dir='ltr'>τὸν</span> <span class='ocrx_word' id='word_1_142' title='bbox 1218 2090 1372 2170; x_wconf 86' lang='grc' dir='ltr'>γάρ,</span> <span class='ocrx_word' id='word_1_143' title='bbox 1431 2090 1676 2167; x_wconf 86' lang='grc' dir='ltr'>ψευδὴς</span> <span class='ocrx_word' id='word_1_144' title='bbox 1721 2089 1759 2153; x_wconf 91' lang='lat'>6</span> <span class='ocrx_word' id='word_1_145' title='bbox 1805 2089 2002 2166; x_wconf 92' lang='grc' dir='ltr'>λόγος</span> <span class='ocrx_word' id='word_1_146' title='bbox 2046 2092 2321 2169; x_wconf 86' lang='grc' dir='ltr'>γίνεται,</span> <span class='ocrx_word' id='word_1_147' title='bbox 2376 2091 2536 2155; x_wconf 87' lang='grc' dir='ltr'>καθὸ</span> <span class='ocrx_word' id='word_1_148' title='bbox 2580 2095 2699 2155; x_wconf 84' lang='grc' dir='ltr'>τοῦ</span> <span class='ocrx_word' id='word_1_149' title='bbox 2744 2091 2949 2155; x_wconf 84' lang='grc' dir='ltr'>αἰτίου</span> <span class='ocrx_word' id='word_1_150' title='bbox 2994 2091 3183 2169; x_wconf 84' lang='grc' dir='ltr'>ἠλλο-</span> <span class='ocrx_word' id='word_1_151' title='bbox 3228 2107 3287 2155; x_wconf 81' lang='lat'>15</span> 
     </span>
    </p>
   </div>
   <div class='ocr_carea' id='block_1_10' title="bbox 587 2190 3187 2385">
    <p class='ocr_par' dir='ltr' id='par_1_13' title="bbox 587 2190 3187 2385">
     <span class='ocr_line' id='line_1_21' title="bbox 587 2190 3185 2272; baseline 0 -17"><span class='ocrx_word' id='word_1_152' title='bbox 587 2192 868 2271; x_wconf 85' lang='grc' dir='ltr'>τρίωται.</span> <span class='ocrx_word' id='word_1_153' title='bbox 945 2192 1006 2254; x_wconf 79' lang='grc' dir='ltr'>οἱ</span> <span class='ocrx_word' id='word_1_154' title='bbox 1059 2193 1182 2270; x_wconf 85' lang='grc' dir='ltr'>γὰρ</span> <span class='ocrx_word' id='word_1_155' title='bbox 1237 2191 1551 2255; x_wconf 83' lang='grc' dir='ltr'>αἰτιώδεις</span> <span class='ocrx_word' id='word_1_156' title='bbox 1607 2190 1941 2271; x_wconf 86' lang='grc' dir='ltr'>ςύνδεςμοι</span> <span class='ocrx_word' id='word_1_157' title='bbox 1997 2194 2153 2271; x_wconf 88' lang='grc' dir='ltr'>μετὰ</span> <span class='ocrx_word' id='word_1_158' title='bbox 2210 2195 2344 2257; x_wconf 86' lang='grc' dir='ltr'>τῶν</span> <span class='ocrx_word' id='word_1_159' title='bbox 2401 2191 2619 2256; x_wconf 87' lang='grc' dir='ltr'>αἰτίων</span> <span class='ocrx_word' id='word_1_160' title='bbox 2676 2193 2927 2256; x_wconf 86' lang='grc' dir='ltr'>θέλουςι</span> <span class='ocrx_word' id='word_1_161' title='bbox 2983 2214 3185 2272; x_wconf 87' lang='grc' dir='ltr'>παρα-</span> 
     </span>
     <span class='ocr_line' id='line_1_22' title="bbox 590 2291 3187 2385; baseline -0 -28"><span class='ocrx_word' id='word_1_162' title='bbox 590 2293 1027 2374; x_wconf 86' lang='grc' dir='ltr'>λαμβάνεςθαι.</span> <span class='ocrx_word' id='word_1_163' title='bbox 1086 2294 1170 2358; x_wconf 90' lang='grc' dir='ltr'>τὸ</span> <span class='ocrx_word' id='word_1_164' title='bbox 1214 2292 1459 2371; x_wconf 86' lang='grc' dir='ltr'>ἡμέρα</span> <span class='ocrx_word' id='word_1_165' title='bbox 1506 2291 1712 2356; x_wconf 86' lang='grc' dir='ltr'>ἐςτίν</span> <span class='ocrx_word' id='word_1_166' title='bbox 1759 2291 1965 2357; x_wconf 86' lang='grc' dir='ltr'>αἴτιόν</span> <span class='ocrx_word' id='word_1_167' title='bbox 2009 2294 2133 2358; x_wconf 86' lang='grc' dir='ltr'>ἐςτι</span> <span class='ocrx_word' id='word_1_168' title='bbox 2176 2297 2295 2358; x_wconf 86' lang='grc' dir='ltr'>τοῦ</span> <span class='ocrx_word' id='word_1_169' title='bbox 2332 2299 2487 2385; x_wconf 42' lang='grc' dir='ltr'>,φῶς</span> <span class='ocrx_word' id='word_1_170' title='bbox 2533 2292 2728 2358; x_wconf 79' lang='grc' dir='ltr'>εἶναι·</span> <span class='ocrx_word' id='word_1_171' title='bbox 2773 2294 2894 2359; x_wconf 80' lang='grc' dir='ltr'>ὅτι</span> <span class='ocrx_word' id='word_1_172' title='bbox 2937 2294 3187 2373; x_wconf 82' lang='grc' dir='ltr'>ἡμέρα</span> 
     </span>
    </p>
   </div>
   <div class='ocr_carea' id='block_1_11' title="bbox 452 2393 3183 2477">
    <p class='ocr_par' dir='ltr' id='par_1_14' title="bbox 452 2393 3183 2477">
     <span class='ocr_line' id='line_1_23' title="bbox 452 2393 3183 2477; baseline -0.001 -17"><span class='ocrx_word' id='word_1_173' title='bbox 452 2411 551 2460; x_wconf 76' lang='lat'>506</span> <span class='ocrx_word' id='word_1_174' title='bbox 587 2395 774 2470; x_wconf 81' lang='grc' dir='ltr'>ἐςτί,</span> <span class='ocrx_word' id='word_1_175' title='bbox 832 2397 998 2474; x_wconf 84' lang='grc' dir='ltr'>φῶς</span> <span class='ocrx_word' id='word_1_176' title='bbox 1052 2395 1225 2459; x_wconf 80' lang='grc' dir='ltr'>ἑςτι.</span> <span class='ocrx_word' id='word_1_177' title='bbox 1299 2399 1464 2473; x_wconf 86' lang='grc' dir='ltr'>φῶς</span> <span class='ocrx_word' id='word_1_178' title='bbox 1520 2394 1668 2472; x_wconf 87' lang='grc' dir='ltr'>γάρ</span> <span class='ocrx_word' id='word_1_179' title='bbox 1726 2393 1971 2458; x_wconf 84' lang='grc' dir='ltr'>ἐςτιν·</span> <span class='ocrx_word' id='word_1_180' title='bbox 2032 2393 2121 2459; x_wconf 84' lang='grc' dir='ltr'>ὡς</span> <span class='ocrx_word' id='word_1_181' title='bbox 2164 2397 2518 2477; x_wconf 87' lang='grc' dir='ltr'>προεῖπον,</span> <span class='ocrx_word' id='word_1_182' title='bbox 2574 2397 2819 2475; x_wconf 86' lang='grc' dir='ltr'>ψευδὴς</span> <span class='ocrx_word' id='word_1_183' title='bbox 2873 2395 2911 2459; x_wconf 90' lang='lat'>6</span> <span class='ocrx_word' id='word_1_184' title='bbox 2969 2396 3183 2472; x_wconf 90' lang='grc' dir='ltr'>λόγος.</span> 
     </span>
    </p>
   </div>
   <div class='ocr_carea' id='block_1_12' title="bbox 589 2495 3186 2679">
    <p class='ocr_par' dir='ltr' id='par_1_15' title="bbox 589 2495 3186 2679">
     <span class='ocr_line' id='line_1_24' title="bbox 591 2495 3186 2580; baseline 0 -19"><span class='ocrx_word' id='word_1_185' title='bbox 591 2497 645 2561; x_wconf 86' lang='grc' dir='ltr'>εἰ</span> <span class='ocrx_word' id='word_1_186' title='bbox 702 2498 773 2560; x_wconf 79' lang='grc' dir='ltr'>δὲ</span> <span class='ocrx_word' id='word_1_187' title='bbox 831 2496 908 2560; x_wconf 87' lang='grc' dir='ltr'>τὸ</span> <span class='ocrx_word' id='word_1_188' title='bbox 964 2495 1171 2561; x_wconf 85' lang='grc' dir='ltr'>αἴτιον</span> <span class='ocrx_word' id='word_1_189' title='bbox 1227 2495 1391 2575; x_wconf 90' lang='grc' dir='ltr'>πρὸς</span> <span class='ocrx_word' id='word_1_190' title='bbox 1448 2501 1539 2578; x_wconf 83' lang='grc' dir='ltr'>τῷ</span> <span class='ocrx_word' id='word_1_191' title='bbox 1600 2496 1925 2580; x_wconf 83' lang='grc' dir='ltr'>ςυνδέςμῳ</span> <span class='ocrx_word' id='word_1_192' title='bbox 1982 2496 2275 2579; x_wconf 87' lang='grc' dir='ltr'>γένοιτο,</span> <span class='ocrx_word' id='word_1_193' title='bbox 2332 2497 2663 2574; x_wconf 87' lang='grc' dir='ltr'>ἀληθεύςει</span> <span class='ocrx_word' id='word_1_194' title='bbox 2718 2499 2821 2561; x_wconf 81' lang='grc' dir='ltr'>καὶ</span> <span class='ocrx_word' id='word_1_195' title='bbox 2864 2497 2902 2561; x_wconf 90' lang='lat'>6</span> <span class='ocrx_word' id='word_1_196' title='bbox 2960 2497 3186 2574; x_wconf 85' lang='grc' dir='ltr'>λόγος·</span> 
     </span>
     <span class='ocr_line' id='line_1_25' title="bbox 589 2595 3186 2679; baseline 0 -16"><span class='ocrx_word' id='word_1_197' title='bbox 589 2603 758 2679; x_wconf 87' lang='grc' dir='ltr'>φῶς</span> <span class='ocrx_word' id='word_1_198' title='bbox 805 2600 1045 2679; x_wconf 85' lang='grc' dir='ltr'>ἐςτιν,</span> <span class='ocrx_word' id='word_1_199' title='bbox 1092 2599 1341 2677; x_wconf 84' lang='grc' dir='ltr'>ἡμέρα</span> <span class='ocrx_word' id='word_1_200' title='bbox 1383 2598 1524 2676; x_wconf 86' lang='grc' dir='ltr'>γάρ</span> <span class='ocrx_word' id='word_1_201' title='bbox 1570 2598 1800 2662; x_wconf 86' lang='grc' dir='ltr'>ἐςτιν.</span> <span class='ocrx_word' id='word_1_202' title='bbox 1862 2595 2003 2678; x_wconf 78' lang='grc' dir='ltr'>(ὅτι</span> <span class='ocrx_word' id='word_1_203' title='bbox 2036 2599 2192 2679; x_wconf 78' lang='grc' dir='ltr'>μ&gt;ὲν</span> <span class='ocrx_word' id='word_1_204' title='bbox 2240 2596 2359 2663; x_wconf 88' lang='grc' dir='ltr'>οὖν</span> <span class='ocrx_word' id='word_1_205' title='bbox 2403 2600 2559 2664; x_wconf 86' lang='grc' dir='ltr'>τοὺς</span> <span class='ocrx_word' id='word_1_206' title='bbox 2604 2599 2904 2676; x_wconf 76' lang='grc' dir='ltr'>πρώτους</span> <span class='ocrx_word' id='word_1_207' title='bbox 2951 2600 3186 2677; x_wconf 87' lang='grc' dir='ltr'>λόγους</span> 
     </span>
    </p>
   </div>
   <div class='ocr_carea' id='block_1_13' title="bbox 516 2698 3186 2784">
    <p class='ocr_par' dir='ltr' id='par_1_16' title="bbox 516 2698 3186 2784">
     <span class='ocr_line' id='line_1_26' title="bbox 516 2698 3186 2784; baseline -0 -19"><span class='ocrx_word' id='word_1_208' title='bbox 516 2727 542 2765; x_wconf 81' lang='lat'><strong>5</strong></span> <span class='ocrx_word' id='word_1_209' title='bbox 593 2701 664 2767; x_wconf 88' lang='grc' dir='ltr'>ἐν</span> <span class='ocrx_word' id='word_1_210' title='bbox 723 2701 1005 2768; x_wconf 82' lang='grc' dir='ltr'>ςυντὰξει</span> <span class='ocrx_word' id='word_1_211' title='bbox 1061 2700 1099 2764; x_wconf 90' lang='lat'>6</span> <span class='ocrx_word' id='word_1_212' title='bbox 1160 2699 1282 2779; x_wconf 87' lang='grc' dir='ltr'>γάρ</span> <span class='ocrx_word' id='word_1_213' title='bbox 1348 2701 1693 2781; x_wconf 79' lang='grc' dir='ltr'>δευτέρους</span> <span class='ocrx_word' id='word_1_214' title='bbox 1759 2698 2095 2784; x_wconf 83' lang='grc' dir='ltr'>ἀποτελεῖ,</span> <span class='ocrx_word' id='word_1_215' title='bbox 2164 2700 2434 2781; x_wconf 84' lang='grc' dir='ltr'>ἐδείχθη.</span> <span class='ocrx_word' id='word_1_216' title='bbox 2491 2737 2574 2746; x_wconf 93' lang='lat'>—-</span> <span class='ocrx_word' id='word_1_217' title='bbox 2640 2700 2834 2764; x_wconf 86' lang='grc' dir='ltr'>Ἀλλὰ</span> <span class='ocrx_word' id='word_1_218' title='bbox 2898 2703 3019 2781; x_wconf 86' lang='grc' dir='ltr'>μὴν</span> <span class='ocrx_word' id='word_1_219' title='bbox 3085 2702 3186 2765; x_wconf 82' lang='grc' dir='ltr'>καὶ</span> 
     </span>
    </p>
   </div>
   <div class='ocr_carea' id='block_1_14' title="bbox 492 3136 540 3171">
    <p class='ocr_par' dir='ltr' id='par_1_17' title="bbox 492 3136 540 3171">
     <span class='ocr_line' id='line_1_27' title="bbox 492 3136 540 3171; baseline 0 0"><span class='ocrx_word' id='word_1_220' title='bbox 492 3136 540 3171; x_wconf 85' lang='grc'>10</span> 
     </span>
    </p>
   </div>
   <div class='ocr_carea' id='block_1_15' title="bbox 590 2800 3186 3090">
    <p class='ocr_par' dir='ltr' id='par_1_18' title="bbox 590 2800 3186 3090">
     <span class='ocr_line' id='line_1_28' title="bbox 591 2800 3185 2886; baseline 0.001 -19"><span class='ocrx_word' id='word_1_221' title='bbox 591 2805 880 2882; x_wconf 86' lang='grc' dir='ltr'>ςυνήθως</span> <span class='ocrx_word' id='word_1_222' title='bbox 925 2802 964 2867; x_wconf 99' lang='lat'>6</span> <span class='ocrx_word' id='word_1_223' title='bbox 1009 2804 1278 2881; x_wconf 85' lang='grc' dir='ltr'>ποιητὴς</span> <span class='ocrx_word' id='word_1_224' title='bbox 1308 2800 1664 2886; x_wconf 81' lang='grc' dir='ltr'>&lt;ἀρ&gt;κτικῷ</span> <span class='ocrx_word' id='word_1_225' title='bbox 1696 2803 1874 2883; x_wconf 79' lang='grc' dir='ltr'>αὐτῷ</span> <span class='ocrx_word' id='word_1_226' title='bbox 1905 2806 2310 2881; x_wconf 87' lang='grc' dir='ltr'>προςχρῆται.</span> <span class='ocrx_word' id='word_1_227' title='bbox 2372 2804 2476 2868; x_wconf 73' lang='grc' dir='ltr'>καὶ</span> <span class='ocrx_word' id='word_1_228' title='bbox 2505 2801 2584 2866; x_wconf 84' lang='grc' dir='ltr'>οὐ</span> <span class='ocrx_word' id='word_1_229' title='bbox 2614 2805 2812 2867; x_wconf 85' lang='grc' dir='ltr'>τοῦτο</span> <span class='ocrx_word' id='word_1_230' title='bbox 2850 2804 3185 2882; x_wconf 86' lang='grc' dir='ltr'>τεκμήριον</span> 
     </span>
     <span class='ocr_line' id='line_1_29' title="bbox 590 2902 3184 2985; baseline 0 -15"><span class='ocrx_word' id='word_1_231' title='bbox 590 2910 707 2970; x_wconf 86' lang='grc' dir='ltr'>τοῦ</span> <span class='ocrx_word' id='word_1_232' title='bbox 773 2907 890 2970; x_wconf 87' lang='grc' dir='ltr'>τὸν</span> <span class='ocrx_word' id='word_1_233' title='bbox 958 2905 1160 2979; x_wconf 89' lang='grc' dir='ltr'>λόγον</span> <span class='ocrx_word' id='word_1_234' title='bbox 1241 2902 1810 2983; x_wconf 86' lang='grc' dir='ltr'>ἀποδοκιμάζεςθαι</span> <span class='ocrx_word' id='word_1_235' title='bbox 1831 2950 1850 2985; x_wconf 77' lang='grc'>,</span> <span class='ocrx_word' id='word_1_236' title='bbox 1928 2902 2057 2981; x_wconf 86' lang='grc' dir='ltr'>εἴγε</span> <span class='ocrx_word' id='word_1_237' title='bbox 2132 2905 2236 2968; x_wconf 85' lang='grc' dir='ltr'>καὶ</span> <span class='ocrx_word' id='word_1_238' title='bbox 2305 2904 2385 2969; x_wconf 85' lang='grc' dir='ltr'>τὰ</span> <span class='ocrx_word' id='word_1_239' title='bbox 2456 2908 2719 2969; x_wconf 84' lang='grc' dir='ltr'>τοιαῦτα</span> <span class='ocrx_word' id='word_1_240' title='bbox 2782 2906 3184 2985; x_wconf 85' lang='grc' dir='ltr'>Ἀρίςταρχος</span> 
     </span>
     <span class='ocr_line' id='line_1_30' title="bbox 593 3005 3186 3090; baseline 0 -19"><span class='ocrx_word' id='word_1_241' title='bbox 593 3006 1238 3089; x_wconf 87' lang='grc' dir='ltr'>&lt;παρεςημ&gt;ειώςατο</span> <span class='ocrx_word' id='word_1_242' title='bbox 1287 3005 1376 3070; x_wconf 81' lang='grc' dir='ltr'>ὡς</span> <span class='ocrx_word' id='word_1_243' title='bbox 1422 3006 1877 3084; x_wconf 83' lang='grc' dir='ltr'>ἀνατεθειμένα</span> <span class='ocrx_word' id='word_1_244' title='bbox 1921 3006 2221 3090; x_wconf 85' lang='grc' dir='ltr'>Ὁμηρικῇ</span> <span class='ocrx_word' id='word_1_245' title='bbox 2280 3006 2605 3090; x_wconf 81' lang='grc' dir='ltr'>ςυνηθείᾳ,</span> <span class='ocrx_word' id='word_1_246' title='bbox 2658 3006 2874 3071; x_wconf 90' lang='grc' dir='ltr'>καθότι</span> <span class='ocrx_word' id='word_1_247' title='bbox 2919 3008 3018 3072; x_wconf 89' lang='grc' dir='ltr'>καὶ</span> <span class='ocrx_word' id='word_1_248' title='bbox 3073 3008 3186 3071; x_wconf 80' lang='grc' dir='ltr'>ἐπ’</span> 
     </span>
    </p>
   </div>
   <div class='ocr_carea' id='block_1_16' title="bbox 593 3107 3287 3193">
    <p class='ocr_par' dir='ltr' id='par_1_19' title="bbox 593 3107 3287 3193">
     <span class='ocr_line' id='line_1_31' title="bbox 593 3107 3287 3193; baseline 0 -21"><span class='ocrx_word' id='word_1_249' title='bbox 593 3108 813 3175; x_wconf 85' lang='grc' dir='ltr'>ἄλλων</span> <span class='ocrx_word' id='word_1_250' title='bbox 858 3107 1172 3175; x_wconf 86' lang='grc' dir='ltr'>πλείςτων</span> <span class='ocrx_word' id='word_1_251' title='bbox 1217 3107 1544 3174; x_wconf 85' lang='grc' dir='ltr'>ἰδιάςαντά</span> <span class='ocrx_word' id='word_1_252' title='bbox 1586 3108 1729 3172; x_wconf 89' lang='grc' dir='ltr'>τινά</span> <span class='ocrx_word' id='word_1_253' title='bbox 1773 3107 1901 3171; x_wconf 86' lang='grc' dir='ltr'>ἑςτι</span> <span class='ocrx_word' id='word_1_254' title='bbox 1943 3108 2108 3186; x_wconf 76' lang='grc' dir='ltr'>παρ’</span> <span class='ocrx_word' id='word_1_255' title='bbox 2152 3107 2349 3189; x_wconf 82' lang='grc' dir='ltr'>αὐτῷ.</span> <span class='ocrx_word' id='word_1_256' title='bbox 2423 3109 2525 3171; x_wconf 85' lang='grc' dir='ltr'>καὶ</span> <span class='ocrx_word' id='word_1_257' title='bbox 2581 3112 2784 3186; x_wconf 89' lang='grc' dir='ltr'>δῆλον</span> <span class='ocrx_word' id='word_1_258' title='bbox 2828 3110 2926 3173; x_wconf 86' lang='grc' dir='ltr'>ὅτι</span> <span class='ocrx_word' id='word_1_259' title='bbox 2978 3109 3049 3173; x_wconf 86' lang='grc' dir='ltr'>ἐν</span> <span class='ocrx_word' id='word_1_260' title='bbox 3095 3115 3186 3193; x_wconf 82' lang='grc' dir='ltr'>τῷ</span> <span class='ocrx_word' id='word_1_261' title='bbox 3258 3128 3287 3173; x_wconf 85' lang='lat'>5</span> 
     </span>
    </p>
   </div>
   <div class='ocr_carea' id='block_1_17' title="bbox 592 3208 3186 3495">
    <p class='ocr_par' dir='ltr' id='par_1_20' title="bbox 592 3208 3186 3495">
     <span class='ocr_line' id='line_1_32' title="bbox 843 3208 2499 3295; baseline -0.002 -20"><span class='ocrx_word' id='word_1_262' title='bbox 843 3210 1157 3291; x_wconf 86' lang='grc' dir='ltr'>Ἀτρείδη,</span> <span class='ocrx_word' id='word_1_263' title='bbox 1204 3215 1323 3276; x_wconf 85' lang='grc' dir='ltr'>νῦν</span> <span class='ocrx_word' id='word_1_264' title='bbox 1367 3211 1491 3290; x_wconf 91' lang='grc' dir='ltr'>γάρ</span> <span class='ocrx_word' id='word_1_265' title='bbox 1538 3230 1602 3274; x_wconf 92' lang='grc' dir='ltr'>ςε</span> <span class='ocrx_word' id='word_1_266' title='bbox 1648 3208 1807 3275; x_wconf 82' lang='grc' dir='ltr'>ἄναξ</span> <span class='ocrx_word' id='word_1_267' title='bbox 1851 3209 2180 3276; x_wconf 81' lang='grc' dir='ltr'>ἐθέλουςιν</span> <span class='ocrx_word' id='word_1_268' title='bbox 2225 3212 2300 3292; x_wconf 90' lang='grc' dir='ltr'>(Β</span> <span class='ocrx_word' id='word_1_269' title='bbox 2345 3209 2499 3295; x_wconf 83' lang='grc'><strong>284)</strong></span> 
     </span>
     <span class='ocr_line' id='line_1_33' title="bbox 593 3311 3186 3394; baseline 0 -17"><span class='ocrx_word' id='word_1_270' title='bbox 593 3313 1110 3394; x_wconf 84' lang='grc' dir='ltr'>ὑπερβεβίβαςται</span> <span class='ocrx_word' id='word_1_271' title='bbox 1169 3313 1208 3390; x_wconf 86' lang='grc' dir='ltr'>ἡ</span> <span class='ocrx_word' id='word_1_272' title='bbox 1268 3312 1514 3392; x_wconf 85' lang='grc' dir='ltr'>φράςις.</span> <span class='ocrx_word' id='word_1_273' title='bbox 1617 3313 1771 3377; x_wconf 85' lang='grc' dir='ltr'>δέον</span> <span class='ocrx_word' id='word_1_274' title='bbox 1815 3312 1941 3390; x_wconf 85' lang='grc' dir='ltr'>γὰρ</span> <span class='ocrx_word' id='word_1_275' title='bbox 1986 3311 2195 3378; x_wconf 83' lang='grc' dir='ltr'>οὕτως</span> <span class='ocrx_word' id='word_1_276' title='bbox 2240 3312 2624 3377; x_wconf 81' lang='grc' dir='ltr'>ἐκδέξαςθαι·</span> <span class='ocrx_word' id='word_1_277' title='bbox 2693 3312 2765 3375; x_wconf 82' lang='grc' dir='ltr'>οἱ</span> <span class='ocrx_word' id='word_1_278' title='bbox 2809 3313 3186 3390; x_wconf 83' lang='grc' dir='ltr'>Ἕλληνες</span> 
     </span>
     <span class='ocr_line' id='line_1_34' title="bbox 592 3413 3186 3495; baseline 0 -17"><span class='ocrx_word' id='word_1_279' title='bbox 592 3416 820 3495; x_wconf 83' lang='grc' dir='ltr'>&lt;νῦν&gt;</span> <span class='ocrx_word' id='word_1_280' title='bbox 867 3413 1007 3477; x_wconf 86' lang='grc' dir='ltr'>οὐκ</span> <span class='ocrx_word' id='word_1_281' title='bbox 1052 3414 1557 3480; x_wconf 85' lang='grc' dir='ltr'>ἐκτελέςουςί</span> <span class='ocrx_word' id='word_1_282' title='bbox 1601 3434 1723 3478; x_wconf 91' lang='grc' dir='ltr'>ςοι</span> <span class='ocrx_word' id='word_1_283' title='bbox 1781 3415 1876 3477; x_wconf 89' lang='grc' dir='ltr'>τὰ</span> <span class='ocrx_word' id='word_1_284' title='bbox 1919 3417 2053 3491; x_wconf 89' lang='grc' dir='ltr'>τῆς</span> <span class='ocrx_word' id='word_1_285' title='bbox 2099 3414 2633 3494; x_wconf 84' lang='grc' dir='ltr'>ὑποςχέςεως·</span> <span class='ocrx_word' id='word_1_286' title='bbox 2680 3415 2995 3478; x_wconf 83' lang='grc' dir='ltr'>θέλουςι</span> <span class='ocrx_word' id='word_1_287' title='bbox 3039 3416 3186 3493; x_wconf 85' lang='grc' dir='ltr'>γὰρ</span> 
     </span>
    </p>
   </div>
   <div class='ocr_carea' id='block_1_18' title="bbox 517 3513 2697 3596">
    <p class='ocr_par' dir='ltr' id='par_1_21' title="bbox 517 3513 2697 3596">
     <span class='ocr_line' id='line_1_35' title="bbox 517 3513 2697 3596; baseline -0 -16"><span class='ocrx_word' id='word_1_288' title='bbox 517 3542 542 3580; x_wconf 80' lang='lat'>5</span> <span class='ocrx_word' id='word_1_289' title='bbox 594 3515 1057 3596; x_wconf 82' lang='grc' dir='ltr'>ἑλέγχιςτόν</span> <span class='ocrx_word' id='word_1_290' title='bbox 1103 3535 1178 3580; x_wconf 89' lang='grc' dir='ltr'>ςε</span> <span class='ocrx_word' id='word_1_291' title='bbox 1225 3519 1563 3593; x_wconf 89' lang='grc' dir='ltr'>ποιῆςαι.</span> <span class='ocrx_word' id='word_1_292' title='bbox 1635 3513 1786 3580; x_wconf 82' lang='grc' dir='ltr'>ἴςως</span> <span class='ocrx_word' id='word_1_293' title='bbox 1831 3516 1904 3578; x_wconf 79' lang='grc' dir='ltr'>δὲ</span> <span class='ocrx_word' id='word_1_294' title='bbox 1950 3514 2241 3580; x_wconf 86' lang='grc' dir='ltr'>κάκεῖνος</span> <span class='ocrx_word' id='word_1_295' title='bbox 2287 3515 2493 3580; x_wconf 85' lang='grc' dir='ltr'>οὕτως</span> <span class='ocrx_word' id='word_1_296' title='bbox 2538 3515 2697 3593; x_wconf 83' lang='grc' dir='ltr'>ἔχει·</span> 
     </span>
    </p>
   </div>
   <div class='ocr_carea' id='block_1_19' title="bbox 755 3674 995 3681">
    <p class='ocr_par' dir='ltr' id='par_1_22' title="bbox 755 3674 995 3681">
     <span class='ocr_line' id='line_1_36' title="bbox 755 3674 995 3681; baseline 0.004 -1"><span class='ocrx_word' id='word_1_297' title='bbox 755 3675 938 3680; x_wconf 66' lang='grc'>..---.</span> <span class='ocrx_word' id='word_1_298' title='bbox 963 3674 995 3681; x_wconf 71' lang='grc' dir='ltr'>-ι</span> 
     </span>
    </p>
   </div>
   <div class='ocr_carea' id='block_1_20' title="bbox 595 3750 3187 4159">
    <p class='ocr_par' dir='ltr' id='par_1_23' title="bbox 595 3750 3187 4159">
     <span class='ocr_line' id='line_1_37' title="bbox 730 3750 3185 3820; baseline -0.001 -15"><span class='ocrx_word' id='word_1_299' title='bbox 730 3756 939 3805; x_wconf 70' lang='lat' dir='ltr'><strong>Anam.</strong></span> <span class='ocrx_word' id='word_1_300' title='bbox 1014 3759 1045 3805; x_wconf 88' lang='grc'>3</span> <span class='ocrx_word' id='word_1_301' title='bbox 1091 3751 1199 3817; x_wconf 85' lang='lat' dir='ltr'>Qui</span> <span class='ocrx_word' id='word_1_302' title='bbox 1243 3753 1409 3806; x_wconf 83' lang='grc' dir='ltr'>ἕνεκα</span> <span class='ocrx_word' id='word_1_303' title='bbox 1453 3769 1580 3804; x_wconf 83' lang='lat' dir='ltr'>eum</span> <span class='ocrx_word' id='word_1_304' title='bbox 1627 3751 1800 3804; x_wconf 78' lang='lat' dir='ltr'>verbo</span> <span class='ocrx_word' id='word_1_305' title='bbox 1847 3753 2200 3819; x_wconf 74' lang='lat' dir='ltr'><strong>construunt,</strong></span> <span class='ocrx_word' id='word_1_306' title='bbox 2256 3750 2615 3820; x_wconf 76' lang='lat' dir='ltr'>vituperandi</span> <span class='ocrx_word' id='word_1_307' title='bbox 2667 3752 2813 3805; x_wconf 79' lang='lat' dir='ltr'><strong>sunt.</strong></span> <span class='ocrx_word' id='word_1_308' title='bbox 2868 3781 2931 3790; x_wconf 93' lang='lat'>—</span> <span class='ocrx_word' id='word_1_309' title='bbox 2985 3756 3017 3804; x_wconf 86' lang='lat'>9</span> <span class='ocrx_word' id='word_1_310' title='bbox 3081 3751 3185 3819; x_wconf 85' lang='grc' dir='ltr'>Γάρ</span> 
     </span>
     <span class='ocr_line' id='line_1_38' title="bbox 596 3834 3183 3905; baseline -0.001 -15"><span class='ocrx_word' id='word_1_311' title='bbox 596 3838 836 3891; x_wconf 78' lang='lat' dir='ltr'>eandem</span> <span class='ocrx_word' id='word_1_312' title='bbox 870 3836 1045 3890; x_wconf 79' lang='lat' dir='ltr'>habet</span> <span class='ocrx_word' id='word_1_313' title='bbox 1080 3838 1140 3890; x_wconf 80' lang='lat' dir='ltr'>et</span> <span class='ocrx_word' id='word_1_314' title='bbox 1173 3836 1647 3891; x_wconf 70' lang='lat' dir='ltr'>constructionem</span> <span class='ocrx_word' id='word_1_315' title='bbox 1685 3838 1744 3889; x_wconf 76' lang='lat' dir='ltr'>el·-</span> <span class='ocrx_word' id='word_1_316' title='bbox 1776 3837 2065 3889; x_wconf 71' lang='lat' dir='ltr'>notionem</span> <span class='ocrx_word' id='word_1_317' title='bbox 2103 3838 2275 3905; x_wconf 73' lang='lat' dir='ltr'>atque</span> <span class='ocrx_word' id='word_1_318' title='bbox 2300 3838 2403 3903; x_wconf 82' lang='grc' dir='ltr'>ὅτι,</span> <span class='ocrx_word' id='word_1_319' title='bbox 2441 3835 2539 3889; x_wconf 79' lang='lat' dir='ltr'>sed</span> <span class='ocrx_word' id='word_1_320' title='bbox 2564 3852 2789 3905; x_wconf 72' lang='lat' dir='ltr'>semper</span> <span class='ocrx_word' id='word_1_321' title='bbox 2810 3834 3183 3904; x_wconf 74' lang='lat' dir='ltr'><strong>postponitur.</strong></span> 
     </span>
     <span class='ocr_line' id='line_1_39' title="bbox 595 3919 3187 3990; baseline -0.001 -15"><span class='ocrx_word' id='word_1_322' title='bbox 595 3922 829 3975; x_wconf 78' lang='lat' dir='ltr'>Causale</span> <span class='ocrx_word' id='word_1_323' title='bbox 875 3921 1257 3988; x_wconf 68' lang='grc' dir='ltr'>οιιιιιιίτὶαίῑιιιιι,</span> <span class='ocrx_word' id='word_1_324' title='bbox 1303 3920 1362 3974; x_wconf 88' lang='lat' dir='ltr'>in</span> <span class='ocrx_word' id='word_1_325' title='bbox 1407 3922 1566 3975; x_wconf 78' lang='lat' dir='ltr'>cuius</span> <span class='ocrx_word' id='word_1_326' title='bbox 1608 3919 1770 3975; x_wconf 77' lang='lat' dir='ltr'>initio</span> <span class='ocrx_word' id='word_1_327' title='bbox 1814 3923 1903 3975; x_wconf 84' lang='grc' dir='ltr'>ὅτι</span> <span class='ocrx_word' id='word_1_328' title='bbox 1936 3922 2194 3989; x_wconf 77' lang='lat' dir='ltr'>ponitur,</span> <span class='ocrx_word' id='word_1_329' title='bbox 2243 3920 2583 3990; x_wconf 82' lang='lat' dir='ltr'>praecedere</span> <span class='ocrx_word' id='word_1_330' title='bbox 2620 3922 2788 3987; x_wconf 78' lang='lat' dir='ltr'>solet;</span> <span class='ocrx_word' id='word_1_331' title='bbox 2834 3922 2893 3973; x_wconf 88' lang='lat' dir='ltr'>in</span> <span class='ocrx_word' id='word_1_332' title='bbox 2931 3936 3042 3989; x_wconf 87' lang='lat' dir='ltr'>quo</span> <span class='ocrx_word' id='word_1_333' title='bbox 3078 3922 3187 3988; x_wconf 86' lang='grc' dir='ltr'>γάρ</span> 
     </span>
     <span class='ocr_line' id='line_1_40' title="bbox 596 4005 3183 4077; baseline -0 -18"><span class='ocrx_word' id='word_1_334' title='bbox 596 4008 705 4067; x_wconf 74' lang='lat' dir='ltr'>est,</span> <span class='ocrx_word' id='word_1_335' title='bbox 755 4005 1125 4075; x_wconf 74' lang='lat' dir='ltr'>posteriorem</span> <span class='ocrx_word' id='word_1_336' title='bbox 1171 4005 1359 4059; x_wconf 81' lang='lat' dir='ltr'>locum</span> <span class='ocrx_word' id='word_1_337' title='bbox 1404 4009 1660 4077; x_wconf 72' lang='lat' dir='ltr'><strong>occupat.</strong></span> <span class='ocrx_word' id='word_1_338' title='bbox 1711 4036 1770 4045; x_wconf 90' lang='lat'>—-</span> <span class='ocrx_word' id='word_1_339' title='bbox 1820 4012 1886 4057; x_wconf 86' lang='grc'>22</span> <span class='ocrx_word' id='word_1_340' title='bbox 1923 4005 2200 4060; x_wconf 74' lang='lat' dir='ltr'>Homerus</span> <span class='ocrx_word' id='word_1_341' title='bbox 2242 4008 2349 4073; x_wconf 81' lang='grc' dir='ltr'>γάρ</span> <span class='ocrx_word' id='word_1_342' title='bbox 2384 4006 2721 4075; x_wconf 77' lang='lat' dir='ltr'>particulam</span> <span class='ocrx_word' id='word_1_343' title='bbox 2758 4007 2909 4059; x_wconf 81' lang='lat' dir='ltr'><strong>haud</strong></span> <span class='ocrx_word' id='word_1_344' title='bbox 2954 4022 3080 4059; x_wconf 80' lang='lat' dir='ltr'><strong>raro</strong></span> <span class='ocrx_word' id='word_1_345' title='bbox 3124 4005 3183 4058; x_wconf 88' lang='lat' dir='ltr'>in</span> 
     </span>
     <span class='ocr_line' id='line_1_41' title="bbox 601 4090 1288 4159; baseline 0.003 -17"><span class='ocrx_word' id='word_1_346' title='bbox 601 4091 765 4145; x_wconf 78' lang='lat' dir='ltr'>initio</span> <span class='ocrx_word' id='word_1_347' title='bbox 803 4090 1073 4144; x_wconf 77' lang='lat' dir='ltr'>orationis</span> <span class='ocrx_word' id='word_1_348' title='bbox 1108 4090 1288 4159; x_wconf 81' lang='lat' dir='ltr'>ponit.</span> 
     </span>
    </p>
   </div>
   <div class='ocr_carea' id='block_1_21' title="bbox 701 4217 870 4223">
    <p class='ocr_par' dir='ltr' id='par_1_24' title="bbox 701 4217 870 4223">
     <span class='ocr_line' id='line_1_42' title="bbox 701 4217 870 4223; baseline 0 0"><span class='ocrx_word' id='word_1_349' title='bbox 701 4217 870 4223; x_wconf 95' lang='lat' dir='ltr'> </span> 
     </span>
    </p>
   </div>
   <div class='ocr_carea' id='block_1_22' title="bbox 594 4292 3186 5026">
    <p class='ocr_par' dir='ltr' id='par_1_25' title="bbox 594 4292 3186 5026">
     <span class='ocr_line' id='line_1_43' title="bbox 733 4292 3182 4368; baseline 0.002 -21"><span class='ocrx_word' id='word_1_350' title='bbox 733 4294 924 4349; x_wconf 74' lang='lat' dir='ltr'>stcn.</span> <span class='ocrx_word' id='word_1_351' title='bbox 971 4314 1175 4350; x_wconf 69' lang='lat' dir='ltr'><strong>semp-r.</strong></span> <span class='ocrx_word' id='word_1_352' title='bbox 1246 4299 1295 4347; x_wconf 81' lang='lat'>4.</span> <span class='ocrx_word' id='word_1_353' title='bbox 1330 4295 1610 4350; x_wconf 81' lang='grc' dir='ltr'>ςυντάξεις</span> <span class='ocrx_word' id='word_1_354' title='bbox 1647 4293 1712 4362; x_wconf 90' lang='lat' dir='ltr'>b,</span> <span class='ocrx_word' id='word_1_355' title='bbox 1747 4297 1931 4350; x_wconf 80' lang='grc' dir='ltr'>ταέεις</span> <span class='ocrx_word' id='word_1_356' title='bbox 1958 4296 2000 4349; x_wconf 93' lang='grc' dir='ltr'>Α</span> <span class='ocrx_word' id='word_1_357' title='bbox 2038 4296 2120 4362; x_wconf 80' lang='grc'>15.</span> <span class='ocrx_word' id='word_1_358' title='bbox 2156 4295 2262 4349; x_wconf 73' lang='grc' dir='ltr'>οἶδ’</span> <span class='ocrx_word' id='word_1_359' title='bbox 2299 4295 2443 4365; x_wconf 75' lang='lat' dir='ltr'>legit</span> <span class='ocrx_word' id='word_1_360' title='bbox 2466 4292 2679 4349; x_wconf 61' lang='lat' dir='ltr'><strong>FJBast</strong></span> <span class='ocrx_word' id='word_1_361' title='bbox 2712 4311 2815 4364; x_wconf 86' lang='lat' dir='ltr'>pro</span> <span class='ocrx_word' id='word_1_362' title='bbox 2851 4297 2973 4350; x_wconf 86' lang='grc' dir='ltr'>οὐδ’</span> <span class='ocrx_word' id='word_1_363' title='bbox 3005 4297 3061 4349; x_wconf 89' lang='lat' dir='ltr'>in</span> <span class='ocrx_word' id='word_1_364' title='bbox 3090 4299 3132 4352; x_wconf 93' lang='grc' dir='ltr'>Α</span> <span class='ocrx_word' id='word_1_365' title='bbox 3175 4300 3182 4368; x_wconf 83' lang='grc' dir='ltr'>Ι</span> 
     </span>
     <span class='ocr_line' id='line_1_44' title="bbox 594 4378 3182 4452; baseline 0.001 -20"><span class='ocrx_word' id='word_1_366' title='bbox 594 4386 641 4437; x_wconf 78' lang='lat'>0.</span> <span class='ocrx_word' id='word_1_367' title='bbox 678 4382 936 4448; x_wconf 87' lang='grc' dir='ltr'>διηνεκες</span> <span class='ocrx_word' id='word_1_368' title='bbox 972 4397 1077 4434; x_wconf 87' lang='lat' dir='ltr'>om.</span> <span class='ocrx_word' id='word_1_369' title='bbox 1121 4381 1212 4445; x_wconf 75' lang='lat' dir='ltr'>A&#39;,</span> <span class='ocrx_word' id='word_1_370' title='bbox 1260 4379 1433 4433; x_wconf 71' lang='lat' dir='ltr'>adeor.</span> <span class='ocrx_word' id='word_1_371' title='bbox 1472 4380 1539 4432; x_wconf 74' lang='grc' dir='ltr'>Α2</span> <span class='ocrx_word' id='word_1_372' title='bbox 1573 4379 1630 4431; x_wconf 89' lang='lat' dir='ltr'>in</span> <span class='ocrx_word' id='word_1_373' title='bbox 1667 4394 1868 4446; x_wconf 66' lang='lat' dir='ltr'>marg„</span> <span class='ocrx_word' id='word_1_374' title='bbox 1918 4378 2244 4433; x_wconf 82' lang='lat' dir='ltr'>Callimachi</span> <span class='ocrx_word' id='word_1_375' title='bbox 2293 4380 2606 4450; x_wconf 74' lang='lat' dir='ltr'>fragmento</span> <span class='ocrx_word' id='word_1_376' title='bbox 2652 4379 2862 4435; x_wconf 79' lang='lat' dir='ltr'>adiecit</span> <span class='ocrx_word' id='word_1_377' title='bbox 2894 4380 3134 4435; x_wconf 79' lang='lat' dir='ltr'><strong>FNaeke</strong></span> <span class='ocrx_word' id='word_1_378' title='bbox 3175 4386 3182 4452; x_wconf 80' lang='grc' dir='ltr'>Ι</span> 
     </span>
     <span class='ocr_line' id='line_1_45' title="bbox 594 4463 3180 4537; baseline 0 -19"><span class='ocrx_word' id='word_1_379' title='bbox 594 4470 646 4522; x_wconf 87' lang='grc'>9.</span> <span class='ocrx_word' id='word_1_380' title='bbox 685 4469 886 4533; x_wconf 91' lang='grc' dir='ltr'>μόριον</span> <span class='ocrx_word' id='word_1_381' title='bbox 925 4465 1053 4520; x_wconf 83' lang='lat' dir='ltr'><strong>add.</strong></span> <span class='ocrx_word' id='word_1_382' title='bbox 1089 4465 1152 4531; x_wconf 85' lang='lat' dir='ltr'>b,</span> <span class='ocrx_word' id='word_1_383' title='bbox 1191 4465 1246 4517; x_wconf 90' lang='lat' dir='ltr'>in</span> <span class='ocrx_word' id='word_1_384' title='bbox 1276 4468 1318 4520; x_wconf 86' lang='grc' dir='ltr'>Α</span> <span class='ocrx_word' id='word_1_385' title='bbox 1345 4463 1562 4516; x_wconf 85' lang='lat' dir='ltr'>nullum</span> <span class='ocrx_word' id='word_1_386' title='bbox 1588 4463 1821 4516; x_wconf 71' lang='lat' dir='ltr'>lacunae</span> <span class='ocrx_word' id='word_1_387' title='bbox 1847 4464 2151 4532; x_wconf 74' lang='lat' dir='ltr'>vestigium</span> <span class='ocrx_word' id='word_1_388' title='bbox 2182 4469 2191 4532; x_wconf 87' lang='grc' dir='ltr'>Ι</span> <span class='ocrx_word' id='word_1_389' title='bbox 2224 4471 2302 4519; x_wconf 88' lang='grc'>10.</span> <span class='ocrx_word' id='word_1_390' title='bbox 2327 4467 2511 4530; x_wconf 83' lang='grc' dir='ltr'>αὐτὴν</span> <span class='ocrx_word' id='word_1_391' title='bbox 2535 4465 2740 4535; x_wconf 63' lang='lat' dir='ltr'>(Exci).</span> <span class='ocrx_word' id='word_1_392' title='bbox 2777 4465 3135 4519; x_wconf 77' lang='lat' dir='ltr'>RSchneidm·</span> <span class='ocrx_word' id='word_1_393' title='bbox 3173 4470 3180 4537; x_wconf 71' lang='grc' dir='ltr'>Ι</span> 
     </span>
     <span class='ocr_line' id='line_1_46' title="bbox 603 4569 3186 4690; baseline 0.002 -21"><span class='ocrx_word' id='word_1_394' title='bbox 603 4624 813 4675; x_wconf 77' lang='lat'>15—-16,</span> <span class='ocrx_word' id='word_1_395' title='bbox 835 4618 1216 4685; x_wconf 76' lang='grc' dir='ltr'>ἠλλοτρίωται</span> <span class='ocrx_word' id='word_1_396' title='bbox 1240 4617 1276 4670; x_wconf 93' lang='lat' dir='ltr'>b</span> <span class='ocrx_word' id='word_1_397' title='bbox 1303 4617 1360 4669; x_wconf 88' lang='lat' dir='ltr'>in</span> <span class='ocrx_word' id='word_1_398' title='bbox 1387 4633 1500 4670; x_wconf 77' lang='lat' dir='ltr'><strong>var.</strong></span> <span class='ocrx_word' id='word_1_399' title='bbox 1530 4616 1678 4682; x_wconf 67' lang='lat' dir='ltr'>lect„</span> <span class='ocrx_word' id='word_1_400' title='bbox 1704 4619 2099 4685; x_wconf 86' lang='grc' dir='ltr'>ηλλοτριουται</span> <span class='ocrx_word' id='word_1_401' title='bbox 2126 4620 2255 4684; x_wconf 87' lang='lat' dir='ltr'>(non</span> <span class='ocrx_word' id='word_1_402' title='bbox 2272 4663 2283 4680; x_wconf 83' lang='lat'><strong>,</strong></span> <span class='ocrx_word' id='word_1_403' title='bbox 2309 4616 2459 4685; x_wconf 86' lang='lat' dir='ltr'>quod</span> <span class='ocrx_word' id='word_1_404' title='bbox 2483 4618 2520 4671; x_wconf 85' lang='lat' dir='ltr'>b</span> <span class='ocrx_word' id='word_1_405' title='bbox 2545 4617 2737 4682; x_wconf 55' lang='lat' dir='ltr'>iradit,</span> <span class='ocrx_word' id='word_1_406' title='bbox 2764 4569 3186 4690; x_wconf 56' lang='grc' dir='ltr'>ἒλλοτριουται)</span> 
     </span>
     <span class='ocr_line' id='line_1_47' title="bbox 597 4699 3184 4773; baseline 0.002 -20"><span class='ocrx_word' id='word_1_407' title='bbox 597 4701 669 4763; x_wconf 87' lang='grc' dir='ltr'>Α,</span> <span class='ocrx_word' id='word_1_408' title='bbox 709 4702 1109 4769; x_wconf 80' lang='grc' dir='ltr'>ἀλλοτριοῦται</span> <span class='ocrx_word' id='word_1_409' title='bbox 1143 4702 1181 4755; x_wconf 90' lang='lat' dir='ltr'>b</span> <span class='ocrx_word' id='word_1_410' title='bbox 1206 4703 1264 4754; x_wconf 86' lang='lat' dir='ltr'>in</span> <span class='ocrx_word' id='word_1_411' title='bbox 1290 4703 1450 4755; x_wconf 77' lang='lat' dir='ltr'>textu</span> <span class='ocrx_word' id='word_1_412' title='bbox 1481 4702 1490 4767; x_wconf 86' lang='grc' dir='ltr'>Ι</span> <span class='ocrx_word' id='word_1_413' title='bbox 1525 4708 1601 4758; x_wconf 85' lang='lat'>18.</span> <span class='ocrx_word' id='word_1_414' title='bbox 1629 4702 1762 4755; x_wconf 73' lang='lat' dir='ltr'>ante</span> <span class='ocrx_word' id='word_1_415' title='bbox 1787 4705 1916 4769; x_wconf 86' lang='grc' dir='ltr'>φῶς</span> <span class='ocrx_word' id='word_1_416' title='bbox 1941 4702 2047 4770; x_wconf 84' lang='grc' dir='ltr'>γάρ</span> <span class='ocrx_word' id='word_1_417' title='bbox 2072 4703 2219 4756; x_wconf 78' lang='grc' dir='ltr'>ἐςτιν</span> <span class='ocrx_word' id='word_1_418' title='bbox 2244 4699 2591 4755; x_wconf 76' lang='lat' dir='ltr'>intercidisse</span> <span class='ocrx_word' id='word_1_419' title='bbox 2616 4703 2705 4772; x_wconf 83' lang='grc' dir='ltr'>&lt;εἰ</span> <span class='ocrx_word' id='word_1_420' title='bbox 2729 4706 2885 4758; x_wconf 84' lang='grc' dir='ltr'>οὕτω</span> <span class='ocrx_word' id='word_1_421' title='bbox 2912 4706 3184 4773; x_wconf 74' lang='grc' dir='ltr'>φαίημεν·</span> 
     </span>
     <span class='ocr_line' id='line_1_48' title="bbox 597 4786 3182 4861; baseline 0.002 -22"><span class='ocrx_word' id='word_1_422' title='bbox 597 4787 775 4852; x_wconf 87' lang='grc' dir='ltr'>ἡμέρα</span> <span class='ocrx_word' id='word_1_423' title='bbox 811 4786 1019 4856; x_wconf 81' lang='grc' dir='ltr'>ἐςτίν,&gt;</span> <span class='ocrx_word' id='word_1_424' title='bbox 1055 4789 1248 4841; x_wconf 76' lang='lat' dir='ltr'>censet</span> <span class='ocrx_word' id='word_1_425' title='bbox 1280 4786 1639 4840; x_wconf 78' lang='lat' dir='ltr'>RSchneider</span> <span class='ocrx_word' id='word_1_426' title='bbox 1667 4788 1677 4855; x_wconf 92' lang='grc'>1</span> <span class='ocrx_word' id='word_1_427' title='bbox 1720 4792 1797 4840; x_wconf 85' lang='grc'>19.</span> <span class='ocrx_word' id='word_1_428' title='bbox 1823 4788 2047 4850; x_wconf 84' lang='grc' dir='ltr'>γένοιτο</span> <span class='ocrx_word' id='word_1_429' title='bbox 2082 4787 2177 4842; x_wconf 81' lang='lat' dir='ltr'>fol.</span> <span class='ocrx_word' id='word_1_430' title='bbox 2214 4792 2306 4841; x_wconf 82' lang='lat'>106</span> <span class='ocrx_word' id='word_1_431' title='bbox 2330 4806 2372 4839; x_wconf 84' lang='lat' dir='ltr'>r.</span> <span class='ocrx_word' id='word_1_432' title='bbox 2405 4790 2415 4855; x_wconf 92' lang='grc' dir='ltr'>Ι</span> <span class='ocrx_word' id='word_1_433' title='bbox 2445 4792 2526 4842; x_wconf 87' lang='grc'>20.</span> <span class='ocrx_word' id='word_1_434' title='bbox 2552 4794 2633 4841; x_wconf 79' lang='grc'>22.</span> <span class='ocrx_word' id='word_1_435' title='bbox 2668 4788 3082 4859; x_wconf 77' lang='lat' dir='ltr'>lacunamexpl.</span> <span class='ocrx_word' id='word_1_436' title='bbox 3107 4791 3145 4843; x_wconf 90' lang='lat' dir='ltr'>b</span> <span class='ocrx_word' id='word_1_437' title='bbox 3176 4794 3182 4861; x_wconf 74' lang='grc' dir='ltr'>Ι</span> 
     </span>
     <span class='ocr_line' id='line_1_49' title="bbox 597 4870 3186 4947; baseline 0.003 -26"><span class='ocrx_word' id='word_1_438' title='bbox 597 4876 663 4922; x_wconf 80' lang='grc'>24</span> <span class='ocrx_word' id='word_1_439' title='bbox 667 4908 850 4925; x_wconf 92' lang='grc'><strong>.....</strong></span> <span class='ocrx_word' id='word_1_440' title='bbox 878 4889 1116 4927; x_wconf 87' lang='grc' dir='ltr'>ειωςατο</span> <span class='ocrx_word' id='word_1_441' title='bbox 1136 4876 1198 4939; x_wconf 86' lang='grc' dir='ltr'>Α,</span> <span class='ocrx_word' id='word_1_442' title='bbox 1225 4874 1722 4940; x_wconf 83' lang='grc' dir='ltr'>παρεςημειώςατο</span> <span class='ocrx_word' id='word_1_443' title='bbox 1739 4870 1985 4937; x_wconf 74' lang='lat' dir='ltr'><strong>KLehrs,</strong></span> <span class='ocrx_word' id='word_1_444' title='bbox 2013 4873 2347 4940; x_wconf 85' lang='grc' dir='ltr'>παρεώςατο</span> <span class='ocrx_word' id='word_1_445' title='bbox 2372 4873 2427 4937; x_wconf 92' lang='lat' dir='ltr'>b,</span> <span class='ocrx_word' id='word_1_446' title='bbox 2455 4873 2616 4941; x_wconf 76' lang='lat' dir='ltr'>quasi</span> <span class='ocrx_word' id='word_1_447' title='bbox 2641 4873 2780 4947; x_wconf 61' lang='lat' dir='ltr'>liaeo</span> <span class='ocrx_word' id='word_1_448' title='bbox 2806 4878 2956 4929; x_wconf 73' lang='lat' dir='ltr'>esset</span> <span class='ocrx_word' id='word_1_449' title='bbox 2978 4875 3186 4929; x_wconf 78' lang='lat' dir='ltr'>codicis</span> 
     </span>
     <span class='ocr_line' id='line_1_50' title="bbox 597 4954 3184 5026; baseline 0.004 -21"><span class='ocrx_word' id='word_1_450' title='bbox 597 4954 875 5023; x_wconf 77' lang='lat' dir='ltr'>scriptura</span> <span class='ocrx_word' id='word_1_451' title='bbox 904 4958 914 5023; x_wconf 85' lang='grc' dir='ltr'>Ι</span> <span class='ocrx_word' id='word_1_452' title='bbox 943 4963 1028 5011; x_wconf 86' lang='grc'>26.</span> <span class='ocrx_word' id='word_1_453' title='bbox 1063 4958 1195 5026; x_wconf 81' lang='grc' dir='ltr'>γάρ]</span> <span class='ocrx_word' id='word_1_454' title='bbox 1233 4961 1302 5025; x_wconf 86' lang='grc' dir='ltr'>δή</span> <span class='ocrx_word' id='word_1_455' title='bbox 1327 4957 1605 5010; x_wconf 77' lang='lat' dir='ltr'><strong>Homerus</strong></span> <span class='ocrx_word' id='word_1_456' title='bbox 1643 4956 1793 5025; x_wconf 85' lang='lat' dir='ltr'>vulg.</span> <span class='ocrx_word' id='word_1_457' title='bbox 1828 4958 1838 5025; x_wconf 90' lang='grc'>1</span> <span class='ocrx_word' id='word_1_458' title='bbox 1869 4962 1954 5010; x_wconf 87' lang='grc'>27.</span> <span class='ocrx_word' id='word_1_459' title='bbox 1988 4961 2092 5011; x_wconf 80' lang='grc' dir='ltr'>νῦν</span> <span class='ocrx_word' id='word_1_460' title='bbox 2128 4957 2191 5024; x_wconf 89' lang='lat' dir='ltr'>b,</span> <span class='ocrx_word' id='word_1_461' title='bbox 2228 4956 2446 5011; x_wconf 89' lang='lat' dir='ltr'>nullum</span> <span class='ocrx_word' id='word_1_462' title='bbox 2482 4957 2716 5013; x_wconf 78' lang='lat' dir='ltr'>lacunae</span> <span class='ocrx_word' id='word_1_463' title='bbox 2752 4960 3020 5015; x_wconf 78' lang='lat' dir='ltr'>indicium</span> <span class='ocrx_word' id='word_1_464' title='bbox 3058 4961 3113 5013; x_wconf 85' lang='lat' dir='ltr'>in</span> <span class='ocrx_word' id='word_1_465' title='bbox 3140 4963 3184 5015; x_wconf 94' lang='grc' dir='ltr'>Α</span> 
     </span>
    </p>
   </div>
   <div class='ocr_carea' id='block_1_23' title="bbox 3222 2616 3287 2663">
    <p class='ocr_par' dir='ltr' id='par_1_26' title="bbox 3222 2616 3287 2663">
     <span class='ocr_line' id='line_1_51' title="bbox 3222 2616 3287 2663; baseline -0.015 0"><span class='ocrx_word' id='word_1_466' title='bbox 3222 2616 3287 2663; x_wconf 74' lang='lat'>20</span> 
     </span>
    </p>
   </div>
  </div>
 </body>
</html>
