3738 5530
1208 425 1762 494 [ADVERmonM
1800 424 2353 484 comm-avemo]
2946 419 3073 484 209

402 649 430 688 ⁵
738 631 1038 712 (χεδόθεν
1085 634 1156 697 δέ
1201 631 1263 696 οἱ
1308 629 1499 708 ἦλθεν
1546 631 1776 709 Ἀθήνη
1821 627 1886 715 (β
1934 629 2107 712 267).

484 733 565 797 οὐ
609 735 732 813 γὰρ
777 734 846 798 ἐκ
891 739 1007 799 τοῦ
1055 735 1360 810 (ύνεγγυε
1404 734 1632 816 τόπου,
1679 731 1841 810 ὅπερ
1886 733 2178 809 γέλοιον·
2225 734 2300 796 τὸ
2343 733 2468 810 γὰρ
2508 732 2802 811 μέγιετον
2834 730 3073 809 ἔξαλμα

484 837 766 915 οὐρανὸ(
821 837 923 900 καὶ
975 839 1074 913 γῆ.
1151 836 1220 900 ἐν
1279 833 1393 921 ἴεῳ
1450 834 1568 900 οὖν
1627 836 1753 899 ἑετι
1810 841 1902 919 τῷ
1962 835 2211 914 (χεδόν.
2286 835 2358 900 ἐν
2412 841 2504 918 τῷ
2561 836 2706 912 περὶ
2759 833 2957 897 Ἰάδοε
2999 833 3075 896 τὸ

483 941 785 1003 τοιοῦτον
832 938 1267 1016 ἀπεδείξαμεν.

656 1039 749 1103 Οὐ
796 1041 914 1118 χρὴ
962 1043 1178 1123 νοεῖν,
1236 1039 1333 1103 ὅτι
1380 1040 1540 1118 παρ’
1597 1039 1908 1119 ἐπίρρημα
1950 1041 2026 1104 τὸ
2072 1039 2202 1104 ἐκεῖ
2245 1040 2334 1130 τὸ,
2376 1038 2685 1103 ἐκεῖθεν
2733 1039 2990 1115 ἐγένετο
3038 1038 3075 1115 ἦ
3114 1064 3145 1110 5

387 1158 436 1195 ¹0
487 1143 562 1205 τὸ
610 1145 763 1205 κεῖθι
812 1141 1100 1224 [ἐγένετο
1147 1141 1279 1205 ἀπὸ
1325 1141 1540 1224 κεῑθι],
1589 1145 1850 1220 πρῶτον
1898 1142 1996 1205 ὅτι
2041 1141 2361 1218 ἐνέμεινεν
2406 1141 2444 1218 ἡ
2491 1142 2846 1221 δίφθογγο(
2890 1138 3076 1224 (πρό-

487 1264 682 1308 κειται
737 1245 860 1323 γάρ
921 1243 1010 1307 ὡ(
1064 1245 1102 1321 ἡ
1161 1245 1422 1322 τοιαύτη
1479 1245 1835 1322 παραγωγὴ
1895 1244 2258 1321 ὑποετολὴν
2316 1245 2586 1307 ποιεῖται
2642 1243 2798 1324 το<ὓ
2858 1241 2928 1305 ἐν
2985 1247 3076 1322 τῷ

487 1348 655 1411 τέλει
701 1346 1152 1430 φωνήεντοε>,
1206 1348 1578 1426 τηλόθεν,
1639 1344 2042 1430 ἀγχόθεν),
2098 1345 2402 1422 δεύτερον
2458 1344 2556 1409 ὅτι
2612 1346 2858 1424 μᾶλλον
2914 1342 3077 1407 ἀπο-

489 1451 657 1526 κοπή
715 1448 839 1513 ἐετι
898 1450 1014 1533 <τὸ
1063 1449 1231 1532 ἐκεῖ>
1284 1454 1402 1513 τοῦ
1459 1450 1761 1513 ἑκεινόθι“
1821 1448 1901 1512 οὐ
1956 1448 2078 1527 γὰρ
2124 1451 2241 1512 τοῦ
2287 1448 2559 1530 ἐκεῖθεν,
2620 1447 2755 1513 ἐπεὶ
2799 1447 2915 1512 κᾶν
2961 1447 3076 1524 τὴν

387 1564 437 1603 1⁵
489 1551 558 1614 ἐκ
602 1551 809 1615 τόπου
855 1552 1058 1629 (χέειν
1118 1551 1470 1629 εεήμαινεν.
1521 1587 1594 1596 -
1656 1551 1821 1615 ἔετιν
1880 1549 1998 1613 οὖν
2045 1549 2192 1614 κατ’
2247 1551 2574 1615 ἑντέλειαν
2629 1552 2702 1615 τὸ
2757 1548 3078 1614 ἐκεινόθεν
3122 1570 3182 1618 ιο

487 1653 664 1730 παρὰ
707 1653 783 1716 τὸ
829 1653 1094 1729 ἐκεῖνοε,
1142 1651 1271 1733 ἀφ’
1317 1651 1395 1717 οὗ
1440 1654 1599 1716 κατὰ
1637 1654 1961 1730 (υγκοπήν
2007 1652 2082 1716 τὸ
2124 1652 2385 1729 ἐκεῖθεν,
2434 1652 2702 1718 ἐκεινόθι
2734 1653 2833 1715 καὶ
2864 1653 3075 1734 ἐκεῖθι,

490 1753 762 1819 ἐκεινόεε
810 1754 899 1819 ὼε
944 1755 1235 1831 κυκλόεε,
1280 1755 1385 1834 καὶ,
1425 1754 1515 1819 ἔτι
1561 1755 1789 1836 ἐκεῑεε,

746 1859 905 1921 κεῑεε
952 1856 1022 1920 δ>
1066 1857 1145 1920 ἂν
1192 1856 1310 1920 οὐκ
1357 1857 1435 1920 ἂν
1483 1857 1634 1940 ἐῷμι
1679 1855 1754 1940 (π
1799 1855 1928 1936 85).

382 1972 437 2010 ²0
491 1957 621 2022 ἀπὸ
669 1960 746 2037 δὴ
791 1961 908 2022 τοῦ
955 1959 1143 2023 ἐκεῖθι
1188 1960 1289 2023 καὶ
1333 1960 1528 2023 ἑκεῖεε
1572 1959 1692 2037 χρὴ
1738 1962 1918 2023 νοεῖν
1965 1957 2309 2037 ἀποκοπὴν
2355 1962 2731 2054 γεγενῆεθαι
2774 1960 2891 2037 τὴν
2928 1957 3077 2039 ἐκεῖ,

489 2061 627 2125 ἐπεὶ
680 2061 781 2125 καὶ
833 2061 908 2124 τὸ
970 2060 1041 2125 ἐν
1097 2060 1280 2143 τόπῳ
1341 2061 1653 2139 (ημαίνει,
1713 2060 1883 2124 ἐκεῖ
1937 2061 2159 2143 μένε,
2227 2062 2329 2125 καὶ
2371 2062 2446 2125 τὸ
2494 2061 2580 2125 εἰ(
2623 2060 2864 2144 τόπον,
2920 2062 3086 2125 ἐκεῖ
3126 2080 3187 2128 15

401 2191 410 2204 ¹
490 2161 972 2241 ἀπέρχομαι·
1042 2161 1121 2226 οὐ
1175 2165 1297 2241 μὴν
1353 2163 1429 2226 τὸ
1489 2163 1556 2226 ἐκ
1610 2162 1851 2240 τόπου,
1910 2163 2009 2226 διὸ
2067 2162 2221 2227 οὐδὲ
2279 2165 2397 2227 τοῦ
2455 2163 2691 2227 ἐκεῖθεν
2737 2161 3081 2239 ἀποκοπὴν

491 2263 736 2344 ἔφαμεν
793 2268 1184 2342 γεγενῆεθαι.
1270 2264 1595 2343 πρόκειται
1656 2264 1780 2342 γὰρ
1843 2264 1940 2328 ὅτι
1997 2270 2130 2329 τῶν
2194 2268 2442 2345 φωνῶν
2501 2264 2579 2327 τὰ
2633 2263 2801 2341 πάθη
2859 2263 2957 2326 καὶ
3003 2262 3083 2327 οὐ

493 2369 625 2429 τῶν
672 2366 1112 2445 δηλουμένων.

385 2475 439 2514 2⁵
661 2467 750 2530 Τὸ
796 2468 924 2551 ᾗχι
967 2469 1233 2532 τοπικὸν
1280 2466 1359 2530 οὐ
1404 2469 1509 2532 διὰ
1551 2469 1666 2545 τὴν
1713 2467 1814 2531 ἐπὶ
1858 2469 2087 2531 τέλου(
2133 2468 2525 2546 παραγωγὴν
2582 2468 2697 2545 τὴν
2744 2466 2830 2531 εἰ(
2874 2468 3080 2532 τόπον

492 2569 697 2649 (χέειν
744 2569 1058 2647 εημαίνει·
1108 2570 1233 2634 ἔετι
1279 2570 1402 2648 γάρ
1449 2569 1740 2648 παρολκὴ
1788 2568 1981 2646 ὁμοία
2023 2576 2115 2653 τῷ
2161 2569 2346 2647 ναίχι,
2396 2567 2474 2632 οὔ
2521 2569 2619 2631 καὶ
2652 2567 2811 2646 οὐχί.
2880 2569 3079 2648 (αφὲε
3117 2588 3185 2635 20

489 2673 561 2734 δὲ
617 2670 717 2735 καὶ
773 2671 839 2737 ἐξ
896 2671 1088 2749 αὐτῆ(
1146 2675 1258 2748 τῆ(
1317 2675 1576 2750 φωνῆ(’
1641 2671 1679 2748 ἡ
1737 2671 1862 2749 γὰρ
1921 2672 2147 2750 φυεικὴ
2203 2669 2502 2749 πρόταξιε
2557 2674 2674 2734 τοῦ
2735 2674 2772 2749 ἦ
2831 2669 2949 2734 οὐκ
3004 2669 3084 2735 ἂν

490 2772 868 2856 ἐδαεύνετο,
915 2776 1072 2838 καθὸ
1120 2774 1439 2838 οὐδέποτε
1483 2774 1562 2837 τὰ
1607 2774 1956 2853 φωνήεντα
2000 2774 2129 2852 πρὸ
2175 2778 2291 2837 τοῦ
2338 2777 2376 2852 χ
2412 2773 2777 2837 «δαεύνεται.
2848 2774 2928 2839 ὃν
2963 2773 3083 2838 οὖν

385 2886 440 2924 ³0
493 2876 738 2953 τρόπον
800 2876 925 2957 ἰδίᾳ
981 2874 1177 2955 ῥητόν
1236 2876 1361 2939 ε’(τι
1407 2877 1482 2940 τὸ
1538 2876 1675 2955 ναί,
1733 2874 1812 2939 οὐ
1858 2875 2120 2941 πάντω(
2181 2875 2516 2954 ἐπιζητοῦν
2563 2876 2637 2938 τὸ
2684 2880 2789 2959 χῖ,
2844 2875 3084 2953 ὁμοίω(

492 2979 567 3041 τὸ
615 2976 727 3055 οὔ,
784 2982 1020 3041 τοῦτον
1063 2978 1180 3042 τὸν
1224 2978 1472 3056 τρόπον
1519 2978 1618 3042 καὶ
1662 2977 1736 3040 τὸ
1782 2978 1855 3060 ᾗ,
1917 2980 2223 3056 (ημαῑνον
2278 2980 2394 3056 τὴν
2453 2975 2539 3040 εἰ(
2597 2978 2803 3042 τόπον
2860 2978 3082 3057 (χέειν,

492 3078 742 3143 ἑντελέ(
800 3078 939 3143 ἐετι.
997 3117 1078 3124 —-—
1142 3081 1341 3159 (αφὲε
1397 3080 1466 3144 ἐκ
1521 3083 1654 3144 τῶν
1719 3078 2368 3160 ἀνταποδιδομένων,
2437 3076 2537 3143 οἷ(
2606 3079 2816 3143 οὐκέτι
2883 3100 3082 3157 παρα·
3120 3097 3186 3143 25

345 3179 456 3227 625
494 3182 796 3244 κολουθεῑ
852 3180 928 3245 τὸ
986 3181 1477 3257 ἑπεκτείνεεθαι,
1540 3181 1711 3257 λέγω
1767 3181 1844 3244 τὸ
1901 3186 1977 3265 τῇ
2026 3183 2125 3246 καὶ
2168 3186 2516 3246 πευετικῶ(
2561 3182 2636 3245 τὸ
2689 3188 2777 3265 πῇ
2834 3183 2936 3245 καὶ
2995 3181 3087 3246 ἔτι

492 3282 568 3346 τὸ
637 3282 1046 3360 ἀοριετωδῷ(
1111 3282 1270 3366 ὅπῃ,
1337 3283 1836 3363 προετιθεμένου
1891 3287 2008 3348 τοῦ
2073 3286 2126 3360 i,
2192 3272 2409 3347 ’καθὼε
2463 3283 2565 3347 καὶ
2630 3282 2668 3360 ἡ
2736 3283 3084 3361 παράδοει(

495 3382 833 3461 ὁμολογεῖ,
888 3387 990 3449 καὶ
1035 3383 1124 3449 ὡ(
1179 3386 1423 3462 μᾶλλον
1466 3384 1547 3449 τὰ
1589 3388 1856 3449 τοιαῦτα
1906 3386 2287 3464 (υμφέρεται
2346 3391 2539 3469 φωνῇ
2587 3384 2717 3469 [τῇ]
2764 3387 2927 3463 πρὸ(
2972 3386 3085 3449 τὰ(

412 3494 439 3531 ⁵
495 3486 779 3558 δοτικὰε,
847 3485 937 3549 ὡ(
983 3486 1111 3564 ἔχει
1156 3488 1258 3551 καὶ
1301 3489 1376 3551 τὸ
1430 3486 1666 3568 ταύτῃ
1724 3489 2264 3566 πορευθῶμεν.
2340 3488 2416 3551 τὸ
2473 3487 2689 3566 μέντοι
2735 3489 2843 3550 πεῖ
2885 3487 2984 3550 καὶ
3030 3485 3089 3550 εἷ

493 3590 669 3666 παρὰ
722 3589 1044 3666 Δωριεῦει
1097 3590 1214 3667 χρὴ
1270 3592 1480 3671 νοεῖν,
1539 3588 1636 3652 ὅτι
1692 3589 1771 3652 οὐ
1831 3588 2203 3667 παράκειται
2258 3595 2351 3672 τῷ
2410 3595 2498 3672 πῇ
2556 3590 2657 3652 καὶ
2713 3588 2806 3652 ἔτι
2861 3596 2953 3674 τῷ
3008 3595 3083 3671 τῇ
3122 3607 3190 3655 3ο

495 3688 1013 3773 ἀνταποδοτικῷ,
1061 3691 1216 3753 καθὸ
1262 3690 1377 3768 τὴν
1424 3690 1494 3755 ἐν
1539 3690 1721 3773 τόπῳ
1769 3690 1976 3767 (χέειν
2026 3693 2349 3768 δηλοῦντα
2393 3683 2486 3770 τῷ
2533 3694 2662 3753 ποῦ
2707 3689 2951 3767 μᾶλλον
2984 3688 3084 3752 καὶ

629 3907 845 3961 Anava.
916 3915 947 3961 5
993 3907 1120 3961 Non
1165 3908 1236 3961 ab
1282 3909 1398 3963 ἐκεῖ
1444 3907 1756 3961 derivatum
1795 3909 1882 3961 est
1927 3909 2142 3961 ἐκεῖθεν
2187 3909 2286 3961 aut
2322 3913 2487 3963 κεῖθιε
2538 3938 2598 3947 -
2648 3914 2703 3960 11
2754 3908 2925 3960 immo
2972 3908 3086 3961 ἐκεῖ

495 3992 850 4046 decurtabum
888 3994 975 4046 est
1009 4008 1077 4046 ex
1114 3994 1298 4047 ἐκεῖθι.

630 4195 810 4249 stcn.
850 4213 1041 4252 scmp‘r.
1099 4203 1148 4252 2.
1174 4195 1406 4266 ἔξαλμα]
1436 4197 1752 4263 ἑξάλλαγμα
1779 4196 1871 4249 vel
1894 4199 2165 4264 διά(τηυα
2191 4194 2603 4249 CWachsmuth
2644 4200 2653 4260 Ι
2692 4201 2740 4247 4.
2768 4195 2927 4249 verbi
2950 4197 3084 4250 ἀπε-

495 4279 750 4345 δείξαμεν
787 4279 1005 4348 syllaba
1028 4298 1077 4335 ει
1102 4283 1160 4334 et
1179 4280 1372 4334 littera
1397 4300 1428 4334 ν
1453 4282 1511 4334 in
1537 4298 1729 4334 rasura.
1751 4282 1808 4333 in
1839 4283 1881 4334 Α
1914 4284 1921 4349 Ι
1953 4288 1997 4334 5.
2026 4284 2117 4335 ὅτι
2147 4280 2310 4349 παρ’]
2350 4280 2441 4333 fol.
2473 4287 2565 4333 183
2594 4298 2642 4332 v.
2676 4284 2684 4347 Ι
2715 4286 2762 4336 6.
2788 4297 2890 4349 pro
2916 4282 3084 4335 ἐκεῖθι

501 4365 708 4418 conicit
741 4368 885 4418 κεῖθι
919 4363 1278 4419 RSchneider
1308 4368 1315 4431 Ι
1347 4367 1574 4431 ἐγένετο
1610 4367 1725 4419 ἀπὸ
1761 4370 1901 4419 κεῖθι
1936 4365 2148 4418 delevit
2172 4364 2536 4419 RSkrzeezka
2566 4368 2573 4430 Ι
2606 4371 2750 4419 7-8,
2779 4369 2883 4418 τοῦ
2912 4367 2970 4418 ἐν
2997 4372 3082 4434 τῷ
3166 4365 3180 4372 ‘

494 4451 645 4503 τέλει
678 4450 1016 4516 φωνήεντο(
1042 4449 1400 4504 RSchneider
1434 4450 1535 4503 col.
1565 4457 1684 4513 188,
1712 4456 1767 4516 6,
1804 4467 1873 4504 το
1902 4453 1973 4517 Α,
2010 4454 2113 4504 τοῦ
2140 4450 2200 4514 b,
2238 4451 2381 4517 το<ῡ
2411 4454 2483 4517 U>
2509 4448 2731 4519 GUhlig
2762 4451 2771 4518 Ι
2801 4456 2847 4506 9.
2872 4451 2941 4503 τὸ
2970 4451 3083 4504 ἐκεῖ

493 4532 853 4587 inseruerunt
874 4532 1097 4587 KLehrs
1135 4535 1194 4588 et
1219 4532 1665 4587 GFSchoemann
1696 4537 1705 4602 Ι
1745 4542 1815 4588 13.
1845 4541 1988 4589 κεῑεε
2026 4536 2148 4588 δ’ἂν
2182 4536 2249 4587 οὔ
2277 4552 2368 4600 μιν
2395 4538 2573 4599 ἔγωγε
2600 4537 2739 4599 μετὰ
2764 4540 3080 4603 μνηετῆραε

495 4619 635 4684 ἐῷμι
662 4617 940 4672 Homerus
977 4622 985 4687 Ι
1010 4625 1091 4671 22.
1119 4635 1215 4673 (υν
1239 4618 1463 4672 litterae
1491 4619 1641 4672 vocis
1667 4623 1965 4674 εδαευνετο
1992 4636 2163 4687 supra
2187 4618 2280 4672 lin.
2306 4619 2548 4687 scriptae
2576 4619 2646 4671 ab
2669 4621 2732 4672 Αι
2767 4624 2775 4682 1
2806 4637 2872 4672 ov
2892 4637 2994 4674 ουν
3015 4622 3078 4685 Α,

495 4704 577 4755 ἔτι
614 4703 681 4757 δν
716 4702 754 4756 b
785 4706 794 4770 Ι
825 4709 907 4757 24.
941 4705 1012 4757 τὸ
1049 4705 1116 4757 οὔ
1156 4703 1298 4771 A'b,
1336 4720 1421 4756 τω
1460 4720 1526 4757 ου
1565 4705 1633 4757 Α2
1663 4704 1672 4770 1
1702 4710 1782 4757 28.
1814 4709 1891 4779 ,τῇ
1931 4703 2146 4757 delevit
2181 4702 2405 4772 GUhlig
2435 4708 2443 4769 Ι
2474 4709 2555 4757 ⁶29.
2593 4705 2683 4756 καὶ
2720 4703 2772 4757 εἶ
2806 4704 2869 4770 b,
2909 4722 2998 4759 και
3035 4721 3083 4759 ει

1368 4790 1396 4851 l

494 4854 666 4906 supra.
697 4837 797 4891 lin.
824 4838 886 4891 Α1
921 4842 929 4904 Ι
961 4844 1041 4895 30.
1069 4845 1154 4907 τῷ
1180 4839 1272 4907 τῇ]
1296 4828 1491 4906 τω’τη
1530 4840 1593 4893 A¹
1634 4840 1690 4892 et
1726 4838 1783 4892 in
1823 4855 2001 4908 marg.
2041 4856 2088 4894 ει
2125 4855 2215 4892 και
2252 4856 2333 4892 ετι
2368 4855 2454 4892 τω
2483 4839 2574 4905 Αἵ,
2611 4839 2677 4891 ut
2712 4838 2852 4893 haec
2876 4855 3084 4908 ponere

493 4921 674 4991 possis
699 4929 784 4991 τῷ
821 4926 856 4991 ᾖ
894 4927 986 4977 καὶ
1022 4924 1103 4977 ἔτι
1122 4929 1205 4992 τῷ
1233 4929 1302 4994 τῇ
1335 4928 1344 4988 Ι
1374 4929 1455 4980 31.
1477 4928 1587 4977 ποῦ
1608 4926 1823 4990 μᾶλλον
1843 4925 2037 4992 καὶτῷ
2065 4924 2210 4977 ὅπου
2235 4924 2299 4986 b,
2339 4940 2431 4976 πω
2459 4926 2673 4990 μαλλον
2694 4941 2784 4978 και
2799 4940 2886 4977 τω
2907 4942 3018 4979 που
3040 4926 3082 4979 Α

600 5016 877 5066 Apollonius
903 5017 1141 5069 Dyscolufl.
1186 5018 1223 5058 1.
2374 5012 2379 5018 ’
2616 5013 2678 5062 14
