<?xml version="1.0" encoding="UTF-8"?>
<!DOCTYPE html PUBLIC "-//W3C//DTD XHTML 1.0 Transitional//EN"
    "http://www.w3.org/TR/xhtml1/DTD/xhtml1-transitional.dtd">
<html xmlns="http://www.w3.org/1999/xhtml" xml:lang="en" lang="en">
 <head>
  <title>
</title>
<meta http-equiv="Content-Type" content="text/html;charset=utf-8" />
  <meta name='ocr-system' content='tesseract 3.04.00' />
  <meta name='ocr-capabilities' content='ocr_page ocr_carea ocr_par ocr_line ocrx_word'/>
</head>
<body>
  <div class='ocr_page' id='page_1' title='image "./grammaticigraec00unkngoog_0128.png"; bbox 0 0 3738 5530; ppageno 0'>
   <div class='ocr_carea' id='block_1_1' title="bbox 618 330 2352 491">
    <p class='ocr_par' dir='ltr' id='par_1_1' title="bbox 618 330 2352 491">
     <span class='ocr_line' id='line_1_1' title="bbox 618 330 2265 395; baseline -0.001 -10"><span class='ocrx_word' id='word_1_1' title='bbox 618 330 742 395; x_wconf 83' lang='lat'>110</span> <span class='ocrx_word' id='word_1_2' title='bbox 1541 334 1722 385; x_wconf 82' lang='grc' dir='ltr'>ΠΕΡΙ</span> <span class='ocrx_word' id='word_1_3' title='bbox 1761 334 2265 385; x_wconf 74' lang='grc' dir='ltr'>ΔΝΤΩΝΤΜῙΔΣ.</span> 
     </span>
     <span class='ocr_line' id='line_1_2' title="bbox 1463 440 2352 491; baseline -0.002 -11"><span class='ocrx_word' id='word_1_4' title='bbox 1463 451 1504 487; x_wconf 74' lang='lat'>1».</span> <span class='ocrx_word' id='word_1_5' title='bbox 1534 441 1609 481; x_wconf 72' lang='lat'>189</span> <span class='ocrx_word' id='word_1_6' title='bbox 1637 442 1744 491; x_wconf 65' lang='lat'>‹399›</span> <span class='ocrx_word' id='word_1_7' title='bbox 1773 441 1807 482; x_wconf 89' lang='grc' dir='ltr'>ο</span> <span class='ocrx_word' id='word_1_8' title='bbox 1834 442 1860 481; x_wconf 83' lang='lat' dir='ltr'>s</span> <span class='ocrx_word' id='word_1_9' title='bbox 1886 441 2245 491; x_wconf 75' lang='lat' dir='ltr'>-142(402)B</span> <span class='ocrx_word' id='word_1_10' title='bbox 2270 440 2297 478; x_wconf 72' lang='lat' dir='ltr'>s</span> <span class='ocrx_word' id='word_1_11' title='bbox 2323 441 2352 479; x_wconf 84' lang='lat' dir='ltr'><strong>b</strong></span> 
     </span>
    </p>
   </div>
   <div class='ocr_carea' id='block_1_2' title="bbox 499 533 3400 3161">
    <p class='ocr_par' dir='ltr' id='par_1_2' title="bbox 499 533 3400 3161">
     <span class='ocr_line' id='line_1_3' title="bbox 612 533 3204 619; baseline -0 -19"><span class='ocrx_word' id='word_1_12' title='bbox 612 535 713 600; x_wconf 87' lang='grc' dir='ltr'>καὶ</span> <span class='ocrx_word' id='word_1_13' title='bbox 777 535 1084 614; x_wconf 80' lang='grc' dir='ltr'>δευτέρου</span> <span class='ocrx_word' id='word_1_14' title='bbox 1148 535 1552 613; x_wconf 79' lang='grc' dir='ltr'>ταεεόμενον.</span> <span class='ocrx_word' id='word_1_15' title='bbox 1663 533 1805 598; x_wconf 80' lang='grc' dir='ltr'>ἀλλ’</span> <span class='ocrx_word' id='word_1_16' title='bbox 1861 535 2003 599; x_wconf 84' lang='grc' dir='ltr'>οὐδ’</span> <span class='ocrx_word' id='word_1_17' title='bbox 2057 534 2128 599; x_wconf 82' lang='grc' dir='ltr'>ἐν</span> <span class='ocrx_word' id='word_1_18' title='bbox 2183 539 2259 618; x_wconf 86' lang='grc' dir='ltr'>τῇ</span> <span class='ocrx_word' id='word_1_19' title='bbox 2317 535 2476 599; x_wconf 87' lang='grc' dir='ltr'>κατὰ</span> <span class='ocrx_word' id='word_1_20' title='bbox 2531 534 2606 598; x_wconf 83' lang='grc' dir='ltr'>τὸ</span> <span class='ocrx_word' id='word_1_21' title='bbox 2671 535 2886 613; x_wconf 86' lang='grc' dir='ltr'>τρίτον</span> <span class='ocrx_word' id='word_1_22' title='bbox 2953 534 3204 619; x_wconf 81' lang='grc' dir='ltr'>ἐκφορᾷ</span> 
     </span>
     <span class='ocr_line' id='line_1_4' title="bbox 613 636 3202 720; baseline 0 -20"><span class='ocrx_word' id='word_1_23' title='bbox 613 636 817 720; x_wconf 71' lang='grc' dir='ltr'>ὑγιές,</span> <span class='ocrx_word' id='word_1_24' title='bbox 876 636 1006 712; x_wconf 85' lang='grc' dir='ltr'>εἴγε</span> <span class='ocrx_word' id='word_1_25' title='bbox 1064 636 1378 702; x_wconf 86' lang='grc' dir='ltr'>οὐδέποτε</span> <span class='ocrx_word' id='word_1_26' title='bbox 1435 636 1556 700; x_wconf 79' lang='grc' dir='ltr'>ἀπ’</span> <span class='ocrx_word' id='word_1_27' title='bbox 1611 636 2038 714; x_wconf 84' lang='grc' dir='ltr'>ἀντωνυμιῶν</span> <span class='ocrx_word' id='word_1_28' title='bbox 2100 638 2345 718; x_wconf 82' lang='grc' dir='ltr'>ῥήματα</span> <span class='ocrx_word' id='word_1_29' title='bbox 2400 636 2766 715; x_wconf 86' lang='grc' dir='ltr'>παράγεται.</span> <span class='ocrx_word' id='word_1_30' title='bbox 2828 675 2901 684; x_wconf 94' lang='grc'>-</span> <span class='ocrx_word' id='word_1_31' title='bbox 2963 638 3057 703; x_wconf 85' lang='grc' dir='ltr'>Οὐ</span> <span class='ocrx_word' id='word_1_32' title='bbox 3100 653 3202 703; x_wconf 78' lang='grc' dir='ltr'>πι-</span> 
     </span>
     <span class='ocr_line' id='line_1_5' title="bbox 613 737 3400 820; baseline 0 -17"><span class='ocrx_word' id='word_1_33' title='bbox 613 741 815 818; x_wconf 84' lang='grc' dir='ltr'>θανὴν</span> <span class='ocrx_word' id='word_1_34' title='bbox 872 738 1235 814; x_wconf 87' lang='grc' dir='ltr'>ἀπολογίαν</span> <span class='ocrx_word' id='word_1_35' title='bbox 1289 739 1457 803; x_wconf 74' lang='grc' dir='ltr'>τινές</span> <span class='ocrx_word' id='word_1_36' title='bbox 1513 754 1742 817; x_wconf 78' lang='grc' dir='ltr'>φαειν,</span> <span class='ocrx_word' id='word_1_37' title='bbox 1810 737 1900 803; x_wconf 83' lang='lat' dir='ltr'>u‘uc</span> <span class='ocrx_word' id='word_1_38' title='bbox 1960 740 2030 803; x_wconf 84' lang='grc' dir='ltr'>ἐν</span> <span class='ocrx_word' id='word_1_39' title='bbox 2091 739 2315 818; x_wconf 82' lang='grc' dir='ltr'>ῥήμαει</span> <span class='ocrx_word' id='word_1_40' title='bbox 2367 741 2747 818; x_wconf 85' lang='grc' dir='ltr'>παραλλαγὴ</span> <span class='ocrx_word' id='word_1_41' title='bbox 2794 742 3195 820; x_wconf 71' lang='grc' dir='ltr'>προεώπων·</span> <span class='ocrx_word' id='word_1_42' title='bbox 3239 756 3400 806; x_wconf 77' lang='grc' dir='ltr'>14οΑ</span> 
     </span>
     <span class='ocr_line' id='line_1_6' title="bbox 613 839 3202 922; baseline 0.003 -23"><span class='ocrx_word' id='word_1_43' title='bbox 613 841 1037 906; x_wconf 79' lang='grc' dir='ltr'>«διώκετον</span> <span class='ocrx_word' id='word_1_44' title='bbox 1086 840 1165 922; x_wconf 87' lang='grc' dir='ltr'>(Κ</span> <span class='ocrx_word' id='word_1_45' title='bbox 1208 839 1364 922; x_wconf 87' lang='grc'>364)</span> <span class='ocrx_word' id='word_1_46' title='bbox 1405 841 1531 918; x_wconf 86' lang='grc' dir='ltr'>γὰρ</span> <span class='ocrx_word' id='word_1_47' title='bbox 1576 840 1716 905; x_wconf 82' lang='grc' dir='ltr'>ἀντὶ</span> <span class='ocrx_word' id='word_1_48' title='bbox 1759 844 1876 903; x_wconf 83' lang='grc' dir='ltr'>τοῦ</span> <span class='ocrx_word' id='word_1_49' title='bbox 1922 842 2260 919; x_wconf 89' lang='grc' dir='ltr'>διωκέτην·</span> <span class='ocrx_word' id='word_1_50' title='bbox 2306 842 2405 905; x_wconf 87' lang='grc' dir='ltr'>καὶ</span> <span class='ocrx_word' id='word_1_51' title='bbox 2449 842 2520 905; x_wconf 87' lang='grc' dir='ltr'>ἐν</span> <span class='ocrx_word' id='word_1_52' title='bbox 2553 840 2889 921; x_wconf 80' lang='grc' dir='ltr'>ὀνόμαειν·</span> <span class='ocrx_word' id='word_1_53' title='bbox 2933 841 3202 919; x_wconf 71' lang='grc' dir='ltr'>ἠέλιος</span> 
     </span>
     <span class='ocr_line' id='line_1_7' title="bbox 543 941 3202 1035; baseline 0 -28"><span class='ocrx_word' id='word_1_54' title='bbox 543 961 574 1007; x_wconf 82' lang='grc'>5</span> <span class='ocrx_word' id='word_1_55' title='bbox 609 942 679 1026; x_wconf 89' lang='grc' dir='ltr'>(Γ</span> <span class='ocrx_word' id='word_1_56' title='bbox 722 941 879 1024; x_wconf 80' lang='grc'>277)</span> <span class='ocrx_word' id='word_1_57' title='bbox 929 943 1054 1021; x_wconf 90' lang='grc' dir='ltr'>γὰρ</span> <span class='ocrx_word' id='word_1_58' title='bbox 1112 941 1253 1006; x_wconf 85' lang='grc' dir='ltr'>ἀντὶ</span> <span class='ocrx_word' id='word_1_59' title='bbox 1308 945 1425 1006; x_wconf 84' lang='grc' dir='ltr'>τοῦ</span> <span class='ocrx_word' id='word_1_60' title='bbox 1479 942 1644 1020; x_wconf 86' lang='grc' dir='ltr'>ἥλιε·</span> <span class='ocrx_word' id='word_1_61' title='bbox 1705 943 1807 1006; x_wconf 87' lang='grc' dir='ltr'>καὶ</span> <span class='ocrx_word' id='word_1_62' title='bbox 1861 942 1934 1035; x_wconf 75' lang='grc' dir='ltr'>έν</span> <span class='ocrx_word' id='word_1_63' title='bbox 1991 942 2323 1019; x_wconf 81' lang='grc' dir='ltr'>ἐγκλίεεει·</span> <span class='ocrx_word' id='word_1_64' title='bbox 2377 944 2744 1022; x_wconf 77' lang='grc' dir='ltr'>δέχεεθαι</span> <span class='ocrx_word' id='word_1_65' title='bbox 2786 941 2864 1028; x_wconf 88' lang='grc' dir='ltr'>(Α</span> <span class='ocrx_word' id='word_1_66' title='bbox 2907 943 3016 1025; x_wconf 85' lang='grc'>20)</span> <span class='ocrx_word' id='word_1_67' title='bbox 3064 943 3202 1008; x_wconf 89' lang='grc' dir='ltr'>ἀντὶ</span> 
     </span>
     <span class='ocr_line' id='line_1_8' title="bbox 609 1043 3200 1125; baseline 0 -15"><span class='ocrx_word' id='word_1_68' title='bbox 609 1049 727 1110; x_wconf 85' lang='grc' dir='ltr'>τοῦ</span> <span class='ocrx_word' id='word_1_69' title='bbox 770 1045 1059 1124; x_wconf 77' lang='grc' dir='ltr'>δέχεεθε·</span> <span class='ocrx_word' id='word_1_70' title='bbox 1106 1043 1279 1109; x_wconf 86' lang='grc' dir='ltr'>οὕτω</span> <span class='ocrx_word' id='word_1_71' title='bbox 1323 1044 1423 1108; x_wconf 84' lang='grc' dir='ltr'>καὶ</span> <span class='ocrx_word' id='word_1_72' title='bbox 1467 1043 1538 1108; x_wconf 80' lang='grc' dir='ltr'>ἐν</span> <span class='ocrx_word' id='word_1_73' title='bbox 1583 1044 1955 1122; x_wconf 76' lang='grc' dir='ltr'>προεώποιε</span> <span class='ocrx_word' id='word_1_74' title='bbox 2001 1043 2472 1123; x_wconf 79' lang='grc' dir='ltr'>ἀντωνυμιῶν».</span> <span class='ocrx_word' id='word_1_75' title='bbox 2572 1046 2744 1123; x_wconf 88' lang='grc' dir='ltr'>μένει</span> <span class='ocrx_word' id='word_1_76' title='bbox 2788 1046 2912 1124; x_wconf 84' lang='grc' dir='ltr'>γὰρ</span> <span class='ocrx_word' id='word_1_77' title='bbox 2955 1045 2995 1123; x_wconf 89' lang='grc' dir='ltr'>ἡ</span> <span class='ocrx_word' id='word_1_78' title='bbox 3041 1045 3200 1125; x_wconf 73' lang='grc' dir='ltr'>αὑτὴ</span> 
     </span>
     <span class='ocr_line' id='line_1_9' title="bbox 608 1144 3202 1226; baseline 0 -14"><span class='ocrx_word' id='word_1_79' title='bbox 608 1147 990 1226; x_wconf 78' lang='grc' dir='ltr'>παραλογία.</span> <span class='ocrx_word' id='word_1_80' title='bbox 1087 1146 1252 1224; x_wconf 75' lang='grc' dir='ltr'>πρὸ(</span> <span class='ocrx_word' id='word_1_81' title='bbox 1319 1144 1419 1211; x_wconf 78' lang='grc' dir='ltr'>οἷ(</span> <span class='ocrx_word' id='word_1_82' title='bbox 1478 1146 1580 1209; x_wconf 86' lang='grc' dir='ltr'>καὶ</span> <span class='ocrx_word' id='word_1_83' title='bbox 1645 1144 1687 1208; x_wconf 87' lang='grc' dir='ltr'>ἃ</span> <span class='ocrx_word' id='word_1_84' title='bbox 1743 1146 2221 1224; x_wconf 85' lang='grc' dir='ltr'>παρατίθενται,</span> <span class='ocrx_word' id='word_1_85' title='bbox 2289 1145 2469 1226; x_wconf 85' lang='grc' dir='ltr'>ἔθιμα</span> <span class='ocrx_word' id='word_1_86' title='bbox 2530 1147 2901 1214; x_wconf 79' lang='grc' dir='ltr'>διαλέκτων.</span> <span class='ocrx_word' id='word_1_87' title='bbox 2973 1185 3040 1193; x_wconf 82' lang='lat'>-—</span> <span class='ocrx_word' id='word_1_88' title='bbox 3100 1147 3202 1212; x_wconf 78' lang='grc' dir='ltr'>«Αἱ</span> 
     </span>
     <span class='ocr_line' id='line_1_10' title="bbox 608 1246 3200 1330; baseline 0.001 -17"><span class='ocrx_word' id='word_1_89' title='bbox 608 1249 769 1313; x_wconf 88' lang='grc' dir='ltr'>κατὰ</span> <span class='ocrx_word' id='word_1_90' title='bbox 810 1248 887 1312; x_wconf 83' lang='grc' dir='ltr'>τὸ</span> <span class='ocrx_word' id='word_1_91' title='bbox 930 1246 1179 1327; x_wconf 81' lang='grc' dir='ltr'>τρίτον»</span> <span class='ocrx_word' id='word_1_92' title='bbox 1201 1296 1219 1323; x_wconf 87' lang='grc'>,</span> <span class='ocrx_word' id='word_1_93' title='bbox 1274 1249 1498 1328; x_wconf 82' lang='grc' dir='ltr'>φαεὶν,</span> <span class='ocrx_word' id='word_1_94' title='bbox 1559 1247 1678 1314; x_wconf 70' lang='grc' dir='ltr'>«εἰς</span> <span class='ocrx_word' id='word_1_95' title='bbox 1732 1249 1808 1312; x_wconf 88' lang='grc' dir='ltr'>τὸ</span> <span class='ocrx_word' id='word_1_96' title='bbox 1852 1246 2066 1312; x_wconf 74' lang='grc' dir='ltr'>ἴδιον</span> <span class='ocrx_word' id='word_1_97' title='bbox 2112 1248 2735 1330; x_wconf 84' lang='grc' dir='ltr'>μεταλαμβάνονται,</span> <span class='ocrx_word' id='word_1_98' title='bbox 2790 1250 2892 1313; x_wconf 90' lang='grc' dir='ltr'>διὸ</span> <span class='ocrx_word' id='word_1_99' title='bbox 2938 1250 3042 1314; x_wconf 84' lang='grc' dir='ltr'>καὶ</span> <span class='ocrx_word' id='word_1_100' title='bbox 3082 1250 3200 1315; x_wconf 83' lang='grc' dir='ltr'>τὸν</span> 
     </span>
     <span class='ocr_line' id='line_1_11' title="bbox 610 1348 3199 1435; baseline 0 -20"><span class='ocrx_word' id='word_1_101' title='bbox 610 1352 1002 1432; x_wconf 79' lang='grc' dir='ltr'>εφέτερον</span> <span class='ocrx_word' id='word_1_102' title='bbox 1059 1350 1363 1429; x_wconf 84' lang='grc' dir='ltr'>πατέρα</span> <span class='ocrx_word' id='word_1_103' title='bbox 1418 1348 1603 1435; x_wconf 88' lang='lat' dir='ltr'>(Hes.</span> <span class='ocrx_word' id='word_1_104' title='bbox 1664 1348 1740 1414; x_wconf 92' lang='grc' dir='ltr'>Ο.</span> <span class='ocrx_word' id='word_1_105' title='bbox 1802 1350 1887 1413; x_wconf 90' lang='lat' dir='ltr'>D.</span> <span class='ocrx_word' id='word_1_106' title='bbox 1934 1349 1999 1431; x_wconf 80' lang='lat'>2)</span> <span class='ocrx_word' id='word_1_107' title='bbox 2060 1349 2205 1415; x_wconf 88' lang='grc' dir='ltr'>ἀντὶ</span> <span class='ocrx_word' id='word_1_108' title='bbox 2258 1353 2376 1414; x_wconf 82' lang='grc' dir='ltr'>τοῦ</span> <span class='ocrx_word' id='word_1_109' title='bbox 2431 1351 2570 1414; x_wconf 88' lang='grc' dir='ltr'>τὸν</span> <span class='ocrx_word' id='word_1_110' title='bbox 2624 1348 2839 1414; x_wconf 85' lang='grc' dir='ltr'>ἴδιόν</span> <span class='ocrx_word' id='word_1_111' title='bbox 2884 1371 3052 1415; x_wconf 81' lang='grc' dir='ltr'>τινε(</span> <span class='ocrx_word' id='word_1_112' title='bbox 3097 1353 3199 1417; x_wconf 77' lang='grc' dir='ltr'>δέ·</span> 
     </span>
     <span class='ocr_line' id='line_1_12' title="bbox 509 1451 3276 1533; baseline 0 -18"><span class='ocrx_word' id='word_1_113' title='bbox 509 1467 573 1517; x_wconf 88' lang='grc' dir='ltr'>ιο</span> <span class='ocrx_word' id='word_1_114' title='bbox 608 1472 883 1531; x_wconf 78' lang='grc' dir='ltr'>χονται».</span> <span class='ocrx_word' id='word_1_115' title='bbox 971 1451 1045 1517; x_wconf 80' lang='grc' dir='ltr'>Τί</span> <span class='ocrx_word' id='word_1_116' title='bbox 1089 1453 1161 1516; x_wconf 90' lang='grc' dir='ltr'>δέ</span> <span class='ocrx_word' id='word_1_117' title='bbox 1175 1473 1190 1528; x_wconf 88' lang='grc'><strong>;</strong></span> <span class='ocrx_word' id='word_1_118' title='bbox 1237 1451 1379 1531; x_wconf 85' lang='grc' dir='ltr'>οὐχὶ</span> <span class='ocrx_word' id='word_1_119' title='bbox 1427 1453 1528 1516; x_wconf 85' lang='grc' dir='ltr'>καὶ</span> <span class='ocrx_word' id='word_1_120' title='bbox 1570 1452 1632 1516; x_wconf 84' lang='grc' dir='ltr'>αἱ</span> <span class='ocrx_word' id='word_1_121' title='bbox 1675 1453 1835 1517; x_wconf 85' lang='grc' dir='ltr'>κατὰ</span> <span class='ocrx_word' id='word_1_122' title='bbox 1878 1452 1957 1533; x_wconf 74' lang='grc' dir='ltr'>τὸ</span> <span class='ocrx_word' id='word_1_123' title='bbox 2000 1456 2267 1531; x_wconf 89' lang='grc' dir='ltr'>πρῶτον</span> <span class='ocrx_word' id='word_1_124' title='bbox 2311 1453 2414 1516; x_wconf 87' lang='grc' dir='ltr'>καὶ</span> <span class='ocrx_word' id='word_1_125' title='bbox 2455 1452 2762 1531; x_wconf 85' lang='grc' dir='ltr'>δεύτερον</span> <span class='ocrx_word' id='word_1_126' title='bbox 2808 1454 3081 1531; x_wconf 81' lang='grc' dir='ltr'>κτητικαὶ</span> <span class='ocrx_word' id='word_1_127' title='bbox 3119 1456 3196 1519; x_wconf 88' lang='grc' dir='ltr'>τὸ</span> <span class='ocrx_word' id='word_1_128' title='bbox 3232 1463 3276 1516; x_wconf 93' lang='grc' dir='ltr'><strong>Β</strong></span> 
     </span>
     <span class='ocr_line' id='line_1_13' title="bbox 609 1553 2805 1633; baseline 0.001 -16"><span class='ocrx_word' id='word_1_129' title='bbox 609 1554 777 1619; x_wconf 90' lang='grc' dir='ltr'>ἴδιόν</span> <span class='ocrx_word' id='word_1_130' title='bbox 820 1574 996 1619; x_wconf 71' lang='grc' dir='ltr'>τινος</span> <span class='ocrx_word' id='word_1_131' title='bbox 1042 1553 1435 1633; x_wconf 77' lang='grc' dir='ltr'>εημαίνουει;</span> <span class='ocrx_word' id='word_1_132' title='bbox 1481 1558 1621 1619; x_wconf 73' lang='grc' dir='ltr'>πῶς</span> <span class='ocrx_word' id='word_1_133' title='bbox 1665 1557 1789 1632; x_wconf 87' lang='grc' dir='ltr'>γὰρ</span> <span class='ocrx_word' id='word_1_134' title='bbox 1834 1554 2182 1633; x_wconf 82' lang='grc' dir='ltr'>ἀλλότριον</span> <span class='ocrx_word' id='word_1_135' title='bbox 2227 1554 2306 1618; x_wconf 84' lang='grc' dir='ltr'>ὂν</span> <span class='ocrx_word' id='word_1_136' title='bbox 2351 1553 2554 1633; x_wconf 87' lang='grc' dir='ltr'>κτῆμά</span> <span class='ocrx_word' id='word_1_137' title='bbox 2599 1574 2805 1633; x_wconf 74' lang='grc' dir='ltr'>τινοες</span> 
     </span>
     <span class='ocr_line' id='line_1_14' title="bbox 776 1654 2526 1736; baseline 0.001 -16"><span class='ocrx_word' id='word_1_138' title='bbox 776 1656 878 1720; x_wconf 84' lang='grc' dir='ltr'>Ἐν</span> <span class='ocrx_word' id='word_1_139' title='bbox 924 1659 1062 1720; x_wconf 69' lang='grc' dir='ltr'>ταῖς</span> <span class='ocrx_word' id='word_1_140' title='bbox 1107 1654 1560 1733; x_wconf 77' lang='grc' dir='ltr'>Ζηνοδοτείοιε</span> <span class='ocrx_word' id='word_1_141' title='bbox 1605 1657 1969 1736; x_wconf 77' lang='grc' dir='ltr'>διορθώεεει</span> <span class='ocrx_word' id='word_1_142' title='bbox 2013 1657 2160 1734; x_wconf 87' lang='grc' dir='ltr'>δίχα</span> <span class='ocrx_word' id='word_1_143' title='bbox 2203 1658 2323 1719; x_wconf 84' lang='grc' dir='ltr'>τοῦ</span> <span class='ocrx_word' id='word_1_144' title='bbox 2368 1658 2406 1719; x_wconf 69' lang='grc' dir='ltr'>ν</span> <span class='ocrx_word' id='word_1_145' title='bbox 2450 1656 2526 1721; x_wconf 89' lang='grc' dir='ltr'>τὸ</span> 
     </span>
     <span class='ocr_line' id='line_1_15' title="bbox 860 1756 1992 1843; baseline -0.002 -21"><span class='ocrx_word' id='word_1_146' title='bbox 860 1758 1024 1823; x_wconf 81' lang='grc' dir='ltr'>Ζεὺε</span> <span class='ocrx_word' id='word_1_147' title='bbox 1069 1759 1141 1821; x_wconf 82' lang='grc' dir='ltr'>δὲ</span> <span class='ocrx_word' id='word_1_148' title='bbox 1185 1758 1350 1836; x_wconf 72' lang='grc' dir='ltr'>πρὸ(</span> <span class='ocrx_word' id='word_1_149' title='bbox 1395 1758 1433 1821; x_wconf 87' lang='grc' dir='ltr'><strong><em>ὃ</em></strong></span> <span class='ocrx_word' id='word_1_150' title='bbox 1480 1758 1670 1836; x_wconf 73' lang='grc' dir='ltr'>λέχος</span> <span class='ocrx_word' id='word_1_151' title='bbox 1715 1756 1793 1843; x_wconf 89' lang='grc' dir='ltr'>(Α</span> <span class='ocrx_word' id='word_1_152' title='bbox 1835 1756 1992 1837; x_wconf 88' lang='grc'>609)</span> 
     </span>
     <span class='ocr_line' id='line_1_16' title="bbox 607 1857 3199 1941; baseline 0 -16"><span class='ocrx_word' id='word_1_153' title='bbox 607 1859 967 1940; x_wconf 78' lang='grc' dir='ltr'>ἐγράφετο,</span> <span class='ocrx_word' id='word_1_154' title='bbox 1013 1859 1116 1924; x_wconf 87' lang='grc' dir='ltr'>καὶ</span> <span class='ocrx_word' id='word_1_155' title='bbox 1157 1859 1197 1938; x_wconf 86' lang='grc' dir='ltr'>ἡ</span> <span class='ocrx_word' id='word_1_156' title='bbox 1244 1857 1508 1938; x_wconf 84' lang='grc' dir='ltr'>ἀφορμὴ</span> <span class='ocrx_word' id='word_1_157' title='bbox 1555 1859 1622 1923; x_wconf 80' lang='grc' dir='ltr'>ἐκ</span> <span class='ocrx_word' id='word_1_158' title='bbox 1667 1864 1797 1925; x_wconf 85' lang='grc' dir='ltr'>τῶν</span> <span class='ocrx_word' id='word_1_159' title='bbox 1845 1858 2291 1924; x_wconf 87' lang='grc' dir='ltr'>ὑποτακτικῶν</span> <span class='ocrx_word' id='word_1_160' title='bbox 2323 1858 2612 1937; x_wconf 78' lang='grc' dir='ltr'>ἄρθρων,</span> <span class='ocrx_word' id='word_1_161' title='bbox 2659 1860 2823 1939; x_wconf 88' lang='grc' dir='ltr'>ἅπερ</span> <span class='ocrx_word' id='word_1_162' title='bbox 2855 1860 3199 1941; x_wconf 85' lang='grc' dir='ltr'>ὁμοφωνεῖ</span> 
     </span>
     <span class='ocr_line' id='line_1_17' title="bbox 504 1961 3197 2046; baseline 0.003 -25"><span class='ocrx_word' id='word_1_163' title='bbox 504 1975 573 2046; x_wconf 29' lang='lat'>‚15</span> <span class='ocrx_word' id='word_1_164' title='bbox 605 1965 749 2027; x_wconf 72' lang='grc' dir='ltr'>ταῖς</span> <span class='ocrx_word' id='word_1_165' title='bbox 813 1964 1128 2040; x_wconf 80' lang='grc' dir='ltr'>κτητικαῖε</span> <span class='ocrx_word' id='word_1_166' title='bbox 1185 1962 1343 2026; x_wconf 87' lang='grc' dir='ltr'>κατὰ</span> <span class='ocrx_word' id='word_1_167' title='bbox 1394 1962 1471 2025; x_wconf 89' lang='grc' dir='ltr'>τὸ</span> <span class='ocrx_word' id='word_1_168' title='bbox 1527 1961 1758 2039; x_wconf 88' lang='grc' dir='ltr'>τρίτον.</span> <span class='ocrx_word' id='word_1_169' title='bbox 1858 1963 1976 2026; x_wconf 71' lang='grc' dir='ltr'>,ατο</span> <span class='ocrx_word' id='word_1_170' title='bbox 2032 1963 2157 2041; x_wconf 87' lang='grc' dir='ltr'>γὰρ</span> <span class='ocrx_word' id='word_1_171' title='bbox 2213 1961 2288 2026; x_wconf 78' lang='grc' dir='ltr'>ὅ(</span> <span class='ocrx_word' id='word_1_172' title='bbox 2342 1962 2770 2028; x_wconf 85' lang='grc' dir='ltr'>ὑποτακτικὸν</span> <span class='ocrx_word' id='word_1_173' title='bbox 2834 1962 3197 2044; x_wconf 87' lang='grc' dir='ltr'>ὁμόφωνον</span> 
     </span>
     <span class='ocr_line' id='line_1_18' title="bbox 605 2061 3275 2146; baseline -0 -19"><span class='ocrx_word' id='word_1_174' title='bbox 605 2069 697 2146; x_wconf 85' lang='grc' dir='ltr'>τῷ</span> <span class='ocrx_word' id='word_1_175' title='bbox 741 2062 874 2128; x_wconf 87' lang='grc' dir='ltr'>ἀπὸ</span> <span class='ocrx_word' id='word_1_176' title='bbox 918 2066 1035 2128; x_wconf 84' lang='grc' dir='ltr'>τοῦ</span> <span class='ocrx_word' id='word_1_177' title='bbox 1079 2062 1230 2141; x_wconf 70' lang='grc' dir='ltr'>ἐμός</span> <span class='ocrx_word' id='word_1_178' title='bbox 1285 2063 1392 2128; x_wconf 80' lang='lat' dir='ltr'>coc</span> <span class='ocrx_word' id='word_1_179' title='bbox 1437 2061 1542 2139; x_wconf 80' lang='lat' dir='ltr'>6c,</span> <span class='ocrx_word' id='word_1_180' title='bbox 1600 2063 1701 2126; x_wconf 88' lang='grc' dir='ltr'>καὶ</span> <span class='ocrx_word' id='word_1_181' title='bbox 1755 2062 1860 2127; x_wconf 79' lang='grc' dir='ltr'>ἐπὶ</span> <span class='ocrx_word' id='word_1_182' title='bbox 1920 2063 2184 2128; x_wconf 91' lang='grc' dir='ltr'>πάντων</span> <span class='ocrx_word' id='word_1_183' title='bbox 2241 2062 2493 2128; x_wconf 85' lang='grc' dir='ltr'>ταύτόν.</span> <span class='ocrx_word' id='word_1_184' title='bbox 2594 2062 2810 2130; x_wconf 75' lang='grc' dir='ltr'>ἄλλως</span> <span class='ocrx_word' id='word_1_185' title='bbox 2852 2084 2921 2130; x_wconf 91' lang='grc' dir='ltr'>τε</span> <span class='ocrx_word' id='word_1_186' title='bbox 2965 2065 3020 2130; x_wconf 88' lang='grc' dir='ltr'>εἰ</span> <span class='ocrx_word' id='word_1_187' title='bbox 3065 2064 3197 2131; x_wconf 83' lang='grc' dir='ltr'>ἀπὸ</span> <span class='ocrx_word' id='word_1_188' title='bbox 3234 2072 3275 2126; x_wconf 86' lang='lat' dir='ltr'>c</span> 
     </span>
     <span class='ocr_line' id='line_1_19' title="bbox 604 2162 3198 2248; baseline 0.002 -20"><span class='ocrx_word' id='word_1_189' title='bbox 604 2168 722 2230; x_wconf 84' lang='grc' dir='ltr'>τοῦ</span> <span class='ocrx_word' id='word_1_190' title='bbox 766 2164 990 2247; x_wconf 72' lang='grc' dir='ltr'>αὐτός,</span> <span class='ocrx_word' id='word_1_191' title='bbox 1037 2165 1312 2241; x_wconf 72' lang='grc' dir='ltr'>ἐκεῖνος,</span> <span class='ocrx_word' id='word_1_192' title='bbox 1360 2162 1551 2229; x_wconf 74' lang='grc' dir='ltr'>οὗτος</span> <span class='ocrx_word' id='word_1_193' title='bbox 1595 2165 1677 2228; x_wconf 87' lang='grc' dir='ltr'>τὰ</span> <span class='ocrx_word' id='word_1_194' title='bbox 1722 2163 2033 2244; x_wconf 87' lang='grc' dir='ltr'>οὐδέτερα</span> <span class='ocrx_word' id='word_1_195' title='bbox 2076 2163 2163 2229; x_wconf 80' lang='grc' dir='ltr'>εἰ(</span> <span class='ocrx_word' id='word_1_196' title='bbox 2209 2169 2251 2228; x_wconf 87' lang='grc' dir='ltr'>ὄ</span> <span class='ocrx_word' id='word_1_197' title='bbox 2292 2164 2549 2248; x_wconf 84' lang='grc' dir='ltr'>ἔληξεν,</span> <span class='ocrx_word' id='word_1_198' title='bbox 2595 2164 2712 2229; x_wconf 85' lang='grc' dir='ltr'>οὐκ</span> <span class='ocrx_word' id='word_1_199' title='bbox 2741 2163 3060 2232; x_wconf 86' lang='grc' dir='ltr'>ἀπίθανον</span> <span class='ocrx_word' id='word_1_200' title='bbox 3093 2166 3198 2232; x_wconf 84' lang='grc' dir='ltr'>ἐπὶ</span> 
     </span>
     <span class='ocr_line' id='line_1_20' title="bbox 602 2264 3197 2347; baseline 0.001 -15"><span class='ocrx_word' id='word_1_201' title='bbox 602 2269 721 2332; x_wconf 85' lang='grc' dir='ltr'>τοῦ</span> <span class='ocrx_word' id='word_1_202' title='bbox 779 2265 855 2332; x_wconf 81' lang='grc' dir='ltr'>δε</span> <span class='ocrx_word' id='word_1_203' title='bbox 910 2266 1352 2344; x_wconf 85' lang='grc' dir='ltr'>ἀντωνυμικοῦ</span> <span class='ocrx_word' id='word_1_204' title='bbox 1406 2266 1483 2330; x_wconf 83' lang='grc' dir='ltr'>τὸ</span> <span class='ocrx_word' id='word_1_205' title='bbox 1539 2264 1888 2345; x_wconf 86' lang='grc' dir='ltr'>οὐδέτερον</span> <span class='ocrx_word' id='word_1_206' title='bbox 1946 2265 2035 2331; x_wconf 72' lang='grc' dir='ltr'>εἰ(</span> <span class='ocrx_word' id='word_1_207' title='bbox 2079 2268 2119 2330; x_wconf 82' lang='grc' dir='ltr'><strong><em>ὃ</em></strong></span> <span class='ocrx_word' id='word_1_208' title='bbox 2163 2268 2433 2347; x_wconf 79' lang='grc' dir='ltr'>λήγειν.»</span> <span class='ocrx_word' id='word_1_209' title='bbox 2480 2303 2563 2314; x_wconf 88' lang='lat'>-—</span> <span class='ocrx_word' id='word_1_210' title='bbox 2607 2267 2871 2347; x_wconf 86' lang='grc' dir='ltr'>Ῥητέον</span> <span class='ocrx_word' id='word_1_211' title='bbox 2917 2270 2988 2333; x_wconf 76' lang='grc' dir='ltr'>δὲ</span> <span class='ocrx_word' id='word_1_212' title='bbox 3032 2270 3197 2347; x_wconf 76' lang='grc' dir='ltr'>πρὸ(</span> 
     </span>
     <span class='ocr_line' id='line_1_21' title="bbox 603 2367 3195 2450; baseline 0 -17"><span class='ocrx_word' id='word_1_213' title='bbox 603 2371 718 2448; x_wconf 80' lang='grc' dir='ltr'>μὲν</span> <span class='ocrx_word' id='word_1_214' title='bbox 775 2370 851 2433; x_wconf 90' lang='grc' dir='ltr'>τὸ</span> <span class='ocrx_word' id='word_1_215' title='bbox 906 2374 1204 2450; x_wconf 88' lang='grc' dir='ltr'>πρῶτον,</span> <span class='ocrx_word' id='word_1_216' title='bbox 1264 2369 1354 2433; x_wconf 73' lang='grc' dir='ltr'>ὡς</span> <span class='ocrx_word' id='word_1_217' title='bbox 1411 2367 1493 2430; x_wconf 80' lang='grc' dir='ltr'>οὐ</span> <span class='ocrx_word' id='word_1_218' title='bbox 1546 2369 1792 2446; x_wconf 87' lang='grc' dir='ltr'>μᾶλλον</span> <span class='ocrx_word' id='word_1_219' title='bbox 1836 2369 1877 2448; x_wconf 86' lang='grc' dir='ltr'>ἡ</span> <span class='ocrx_word' id='word_1_220' title='bbox 1924 2368 2292 2446; x_wconf 87' lang='grc' dir='ltr'>ἀντωνυμία</span> <span class='ocrx_word' id='word_1_221' title='bbox 2335 2369 2712 2448; x_wconf 73' lang='grc' dir='ltr'>παράλογος</span> <span class='ocrx_word' id='word_1_222' title='bbox 2756 2370 2919 2449; x_wconf 84' lang='grc' dir='ltr'>ἤπερ</span> <span class='ocrx_word' id='word_1_223' title='bbox 2963 2372 3038 2435; x_wconf 88' lang='grc' dir='ltr'>τὸ</span> <span class='ocrx_word' id='word_1_224' title='bbox 3084 2369 3195 2449; x_wconf 85' lang='grc' dir='ltr'>ἄρ-</span> 
     </span>
     <span class='ocr_line' id='line_1_22' title="bbox 500 2469 3193 2553; baseline 0.003 -23"><span class='ocrx_word' id='word_1_225' title='bbox 500 2482 567 2532; x_wconf 83' lang='lat'>20</span> <span class='ocrx_word' id='word_1_226' title='bbox 602 2475 795 2553; x_wconf 91' lang='grc' dir='ltr'>θρον,</span> <span class='ocrx_word' id='word_1_227' title='bbox 839 2472 998 2535; x_wconf 88' lang='grc' dir='ltr'>καθὸ</span> <span class='ocrx_word' id='word_1_228' title='bbox 1044 2469 1131 2535; x_wconf 74' lang='grc' dir='ltr'>εἰ(</span> <span class='ocrx_word' id='word_1_229' title='bbox 1176 2475 1214 2534; x_wconf 70' lang='grc' dir='ltr'>ν</span> <span class='ocrx_word' id='word_1_230' title='bbox 1261 2470 1380 2535; x_wconf 83' lang='grc' dir='ltr'>οὐκ</span> <span class='ocrx_word' id='word_1_231' title='bbox 1423 2469 1670 2549; x_wconf 87' lang='grc' dir='ltr'>ἔληξεν.</span> <span class='ocrx_word' id='word_1_232' title='bbox 1725 2506 1807 2517; x_wconf 89' lang='grc'>-</span> <span class='ocrx_word' id='word_1_233' title='bbox 1867 2470 2086 2534; x_wconf 90' lang='grc' dir='ltr'>ἔπειτα</span> <span class='ocrx_word' id='word_1_234' title='bbox 2140 2471 2220 2534; x_wconf 86' lang='grc' dir='ltr'>τὰ</span> <span class='ocrx_word' id='word_1_235' title='bbox 2276 2472 2436 2535; x_wconf 89' lang='grc' dir='ltr'>κατὰ</span> <span class='ocrx_word' id='word_1_236' title='bbox 2478 2473 2555 2538; x_wconf 89' lang='grc' dir='ltr'>τὸ</span> <span class='ocrx_word' id='word_1_237' title='bbox 2600 2477 2863 2551; x_wconf 88' lang='grc' dir='ltr'>πρῶτον</span> <span class='ocrx_word' id='word_1_238' title='bbox 2906 2472 3008 2537; x_wconf 88' lang='grc' dir='ltr'>καὶ</span> <span class='ocrx_word' id='word_1_239' title='bbox 3052 2472 3193 2537; x_wconf 85' lang='grc' dir='ltr'>δεύ-</span> 
     </span>
     <span class='ocr_line' id='line_1_23' title="bbox 599 2571 3197 2657; baseline 0.001 -22"><span class='ocrx_word' id='word_1_240' title='bbox 599 2592 791 2651; x_wconf 87' lang='grc' dir='ltr'>τερον</span> <span class='ocrx_word' id='word_1_241' title='bbox 849 2571 1398 2651; x_wconf 88' lang='grc' dir='ltr'>ὁμοιοκατάληκτα</span> <span class='ocrx_word' id='word_1_242' title='bbox 1452 2573 1555 2636; x_wconf 82' lang='grc' dir='ltr'>καὶ</span> <span class='ocrx_word' id='word_1_243' title='bbox 1608 2573 1768 2636; x_wconf 89' lang='grc' dir='ltr'>κατὰ</span> <span class='ocrx_word' id='word_1_244' title='bbox 1790 2640 1797 2649; x_wconf 61' lang='lat'>,</span> <span class='ocrx_word' id='word_1_245' title='bbox 1821 2572 1897 2635; x_wconf 88' lang='grc' dir='ltr'>τὸ</span> <span class='ocrx_word' id='word_1_246' title='bbox 1953 2571 2196 2651; x_wconf 82' lang='grc' dir='ltr'>τρίτον·</span> <span class='ocrx_word' id='word_1_247' title='bbox 2259 2571 2410 2637; x_wconf 86' lang='grc' dir='ltr'>ὅθεν</span> <span class='ocrx_word' id='word_1_248' title='bbox 2457 2571 2510 2636; x_wconf 85' lang='grc' dir='ltr'>εἰ</span> <span class='ocrx_word' id='word_1_249' title='bbox 2556 2573 2712 2653; x_wconf 82' lang='grc' dir='ltr'>ἐμόν</span> <span class='ocrx_word' id='word_1_250' title='bbox 2758 2574 2862 2639; x_wconf 84' lang='grc' dir='ltr'>καὶ</span> <span class='ocrx_word' id='word_1_251' title='bbox 2903 2573 3048 2657; x_wconf 77' lang='grc' dir='ltr'>εόν,</span> <span class='ocrx_word' id='word_1_252' title='bbox 3093 2575 3197 2638; x_wconf 87' lang='grc' dir='ltr'>καὶ</span> 
     </span>
     <span class='ocr_line' id='line_1_24' title="bbox 601 2671 3394 2753; baseline -0.001 -14"><span class='ocrx_word' id='word_1_253' title='bbox 601 2672 698 2739; x_wconf 84' lang='grc' dir='ltr'>δν.</span> <span class='ocrx_word' id='word_1_254' title='bbox 752 2709 836 2720; x_wconf 89' lang='grc'>-</span> <span class='ocrx_word' id='word_1_255' title='bbox 889 2675 1054 2751; x_wconf 74' lang='grc' dir='ltr'>πρὸ(</span> <span class='ocrx_word' id='word_1_256' title='bbox 1112 2671 1212 2738; x_wconf 77' lang='grc' dir='ltr'>οῖ(</span> <span class='ocrx_word' id='word_1_257' title='bbox 1266 2671 1420 2737; x_wconf 82' lang='grc' dir='ltr'>οὐδὲ</span> <span class='ocrx_word' id='word_1_258' title='bbox 1477 2673 1757 2738; x_wconf 89' lang='grc' dir='ltr'>πάντοτε</span> <span class='ocrx_word' id='word_1_259' title='bbox 1815 2672 2178 2753; x_wconf 83' lang='grc' dir='ltr'>ὸμοφωνεῖ·</span> <span class='ocrx_word' id='word_1_260' title='bbox 2232 2672 2373 2737; x_wconf 86' lang='grc' dir='ltr'>ἰδοὺ</span> <span class='ocrx_word' id='word_1_261' title='bbox 2417 2675 2543 2751; x_wconf 90' lang='grc' dir='ltr'>γὰρ</span> <span class='ocrx_word' id='word_1_262' title='bbox 2587 2674 2695 2739; x_wconf 80' lang='grc' dir='ltr'>ἑόε</span> <span class='ocrx_word' id='word_1_263' title='bbox 2737 2675 2853 2752; x_wconf 81' lang='grc' dir='ltr'>μὲν</span> <span class='ocrx_word' id='word_1_264' title='bbox 2897 2674 2935 2753; x_wconf 88' lang='grc' dir='ltr'>ἡ</span> <span class='ocrx_word' id='word_1_265' title='bbox 2982 2675 3190 2740; x_wconf 88' lang='grc' dir='ltr'>άντω-</span> <span class='ocrx_word' id='word_1_266' title='bbox 3228 2691 3322 2744; x_wconf 81' lang='lat'>141</span> <span class='ocrx_word' id='word_1_267' title='bbox 3347 2687 3394 2737; x_wconf 85' lang='lat' dir='ltr'>A</span> 
     </span>
     <span class='ocr_line' id='line_1_25' title="bbox 599 2774 3195 2858; baseline 0 -18"><span class='ocrx_word' id='word_1_268' title='bbox 599 2775 820 2858; x_wconf 79' lang='grc' dir='ltr'>νυμία,</span> <span class='ocrx_word' id='word_1_269' title='bbox 866 2774 1076 2840; x_wconf 86' lang='grc' dir='ltr'>οὐκέτι</span> <span class='ocrx_word' id='word_1_270' title='bbox 1122 2777 1193 2840; x_wconf 76' lang='grc' dir='ltr'>δὲ</span> <span class='ocrx_word' id='word_1_271' title='bbox 1237 2777 1314 2840; x_wconf 89' lang='grc' dir='ltr'>τὸ</span> <span class='ocrx_word' id='word_1_272' title='bbox 1359 2774 1622 2854; x_wconf 85' lang='grc' dir='ltr'>ἄρθρον.</span> <span class='ocrx_word' id='word_1_273' title='bbox 1677 2812 1742 2822; x_wconf 92' lang='lat'>-—</span> <span class='ocrx_word' id='word_1_274' title='bbox 1795 2777 1961 2854; x_wconf 78' lang='grc' dir='ltr'>πρὸ(</span> <span class='ocrx_word' id='word_1_275' title='bbox 2005 2776 2077 2839; x_wconf 76' lang='grc' dir='ltr'>δὲ</span> <span class='ocrx_word' id='word_1_276' title='bbox 2118 2776 2195 2839; x_wconf 88' lang='grc' dir='ltr'>τὸ</span> <span class='ocrx_word' id='word_1_277' title='bbox 2242 2774 2580 2854; x_wconf 87' lang='grc' dir='ltr'>δεύτερον,</span> <span class='ocrx_word' id='word_1_278' title='bbox 2628 2776 2724 2841; x_wconf 86' lang='grc' dir='ltr'>ὅτι</span> <span class='ocrx_word' id='word_1_279' title='bbox 2769 2778 2807 2855; x_wconf 86' lang='grc' dir='ltr'>ἡ</span> <span class='ocrx_word' id='word_1_280' title='bbox 2838 2779 2954 2856; x_wconf 82' lang='grc' dir='ltr'>μὲν</span> <span class='ocrx_word' id='word_1_281' title='bbox 2984 2778 3195 2842; x_wconf 85' lang='grc' dir='ltr'>ἐκεῖνο</span> 
     </span>
     <span class='ocr_line' id='line_1_26' title="bbox 599 2876 3193 2960; baseline 0.001 -19"><span class='ocrx_word' id='word_1_282' title='bbox 599 2877 705 2941; x_wconf 88' lang='grc' dir='ltr'>καὶ</span> <span class='ocrx_word' id='word_1_283' title='bbox 766 2879 964 2941; x_wconf 86' lang='grc' dir='ltr'>τοῦτο</span> <span class='ocrx_word' id='word_1_284' title='bbox 1030 2876 1569 2960; x_wconf 77' lang='grc' dir='ltr'>μονοπρόεωποι,</span> <span class='ocrx_word' id='word_1_285' title='bbox 1634 2877 1710 2942; x_wconf 87' lang='grc' dir='ltr'>τὸ</span> <span class='ocrx_word' id='word_1_286' title='bbox 1765 2878 1837 2941; x_wconf 82' lang='grc' dir='ltr'>δὲ</span> <span class='ocrx_word' id='word_1_287' title='bbox 1893 2877 2332 2954; x_wconf 77' lang='grc' dir='ltr'>διπρόεωπον.</span> <span class='ocrx_word' id='word_1_288' title='bbox 2401 2913 2484 2924; x_wconf 91' lang='lat'>—-</span> <span class='ocrx_word' id='word_1_289' title='bbox 2548 2876 2763 2942; x_wconf 73' lang='grc' dir='ltr'>ἄλλως</span> <span class='ocrx_word' id='word_1_290' title='bbox 2814 2897 2883 2941; x_wconf 88' lang='grc' dir='ltr'>τε</span> <span class='ocrx_word' id='word_1_291' title='bbox 2949 2885 3193 2957; x_wconf 85' lang='grc' dir='ltr'>θεματι·</span> 
     </span>
     <span class='ocr_line' id='line_1_27' title="bbox 499 2976 3192 3058; baseline 0.001 -19"><span class='ocrx_word' id='word_1_292' title='bbox 499 2991 566 3040; x_wconf 79' lang='lat'>25</span> <span class='ocrx_word' id='word_1_293' title='bbox 601 2979 871 3057; x_wconf 87' lang='grc' dir='ltr'>κώτεραι</span> <span class='ocrx_word' id='word_1_294' title='bbox 914 2976 980 3041; x_wconf 82' lang='grc' dir='ltr'>αἱ</span> <span class='ocrx_word' id='word_1_295' title='bbox 1022 2977 1438 3057; x_wconf 88' lang='grc' dir='ltr'>πρωτότυποι</span> <span class='ocrx_word' id='word_1_296' title='bbox 1482 2979 1583 3044; x_wconf 88' lang='grc' dir='ltr'>καὶ</span> <span class='ocrx_word' id='word_1_297' title='bbox 1628 2978 1699 3043; x_wconf 83' lang='grc' dir='ltr'>ἐν</span> <span class='ocrx_word' id='word_1_298' title='bbox 1743 2981 1882 3043; x_wconf 71' lang='grc' dir='ltr'>τοῖς</span> <span class='ocrx_word' id='word_1_299' title='bbox 1925 2978 2195 3052; x_wconf 80' lang='grc' dir='ltr'>γένεειν·</span> <span class='ocrx_word' id='word_1_300' title='bbox 2269 2978 2402 3042; x_wconf 87' lang='grc' dir='ltr'>ἀπὸ</span> <span class='ocrx_word' id='word_1_301' title='bbox 2444 2980 2569 3057; x_wconf 89' lang='grc' dir='ltr'>γὰρ</span> <span class='ocrx_word' id='word_1_302' title='bbox 2613 2981 2731 3042; x_wconf 82' lang='grc' dir='ltr'>τοῦ</span> <span class='ocrx_word' id='word_1_303' title='bbox 2777 2977 2969 3044; x_wconf 73' lang='grc' dir='ltr'>οὗτος</span> <span class='ocrx_word' id='word_1_304' title='bbox 3014 2978 3192 3058; x_wconf 85' lang='grc' dir='ltr'>αὕτη,</span> 
     </span>
     <span class='ocr_line' id='line_1_28' title="bbox 598 3079 3192 3161; baseline 0 -17"><span class='ocrx_word' id='word_1_305' title='bbox 598 3081 702 3145; x_wconf 87' lang='grc' dir='ltr'>καὶ</span> <span class='ocrx_word' id='word_1_306' title='bbox 743 3080 837 3145; x_wconf 85' lang='grc' dir='ltr'>ἔτι</span> <span class='ocrx_word' id='word_1_307' title='bbox 880 3082 1109 3157; x_wconf 84' lang='grc' dir='ltr'>τοῦτο,</span> <span class='ocrx_word' id='word_1_308' title='bbox 1164 3084 1283 3145; x_wconf 85' lang='grc' dir='ltr'>τοῦ</span> <span class='ocrx_word' id='word_1_309' title='bbox 1328 3080 1663 3160; x_wconf 81' lang='grc' dir='ltr'>ἀρεενικοῦ</span> <span class='ocrx_word' id='word_1_310' title='bbox 1708 3080 1827 3146; x_wconf 86' lang='grc' dir='ltr'>οὐκ</span> <span class='ocrx_word' id='word_1_311' title='bbox 1872 3081 2004 3145; x_wconf 90' lang='grc' dir='ltr'>ἀπὸ</span> <span class='ocrx_word' id='word_1_312' title='bbox 2049 3083 2167 3144; x_wconf 87' lang='grc' dir='ltr'>τοῦ</span> <span class='ocrx_word' id='word_1_313' title='bbox 2211 3083 2248 3144; x_wconf 82' lang='grc' dir='ltr'>ῖ·</span> <span class='ocrx_word' id='word_1_314' title='bbox 2290 3079 2631 3161; x_wconf 82' lang='grc' dir='ltr'>ἠργμένου.</span> <span class='ocrx_word' id='word_1_315' title='bbox 2679 3115 2762 3127; x_wconf 86' lang='lat'><em>—</em></span> <span class='ocrx_word' id='word_1_316' title='bbox 2807 3079 2900 3144; x_wconf 82' lang='grc' dir='ltr'>ἔτι</span> <span class='ocrx_word' id='word_1_317' title='bbox 2942 3080 3008 3145; x_wconf 80' lang='grc' dir='ltr'>αἱ</span> <span class='ocrx_word' id='word_1_318' title='bbox 3049 3101 3192 3159; x_wconf 86' lang='grc' dir='ltr'>κτη-</span> 
     </span>
    </p>
   </div>
   <div class='ocr_carea' id='block_1_3' title="bbox 597 3237 1004 3246">
    <p class='ocr_par' dir='ltr' id='par_1_3' title="bbox 597 3237 1004 3246">
     <span class='ocr_line' id='line_1_29' title="bbox 597 3237 1004 3246; baseline 0 2284"><span class='ocrx_word' id='word_1_319' title='bbox 597 3237 1004 3246; x_wconf 95' lang='lat' dir='ltr'> </span> 
     </span>
    </p>
   </div>
   <div class='ocr_carea' id='block_1_4' title="bbox 592 3331 3188 4162">
    <p class='ocr_par' dir='ltr' id='par_1_4' title="bbox 592 3331 3188 4162">
     <span class='ocr_line' id='line_1_30' title="bbox 732 3331 3187 3403; baseline 0 -18"><span class='ocrx_word' id='word_1_320' title='bbox 732 3333 950 3387; x_wconf 65' lang='lat' dir='ltr'>Anava.</span> <span class='ocrx_word' id='word_1_321' title='bbox 1029 3340 1060 3387; x_wconf 80' lang='grc'>2</span> <span class='ocrx_word' id='word_1_322' title='bbox 1096 3332 1297 3401; x_wconf 81' lang='lat' dir='ltr'>Neque</span> <span class='ocrx_word' id='word_1_323' title='bbox 1333 3348 1700 3400; x_wconf 85' lang='lat' dir='ltr'>personarum</span> <span class='ocrx_word' id='word_1_324' title='bbox 1735 3331 2069 3403; x_wconf 83' lang='lat' dir='ltr'>parallagen</span> <span class='ocrx_word' id='word_1_325' title='bbox 2105 3334 2352 3386; x_wconf 73' lang='lat' dir='ltr'><strong>statuere</strong></span> <span class='ocrx_word' id='word_1_326' title='bbox 2389 3332 2619 3401; x_wconf 84' lang='lat' dir='ltr'>poteris,</span> <span class='ocrx_word' id='word_1_327' title='bbox 2637 3361 2718 3370; x_wconf 92' lang='lat'>·—</span> <span class='ocrx_word' id='word_1_328' title='bbox 2756 3336 2787 3385; x_wconf 76' lang='lat'>&#39;2</span> <span class='ocrx_word' id='word_1_329' title='bbox 2821 3347 3008 3400; x_wconf 90' lang='lat' dir='ltr'>neque</span> <span class='ocrx_word' id='word_1_330' title='bbox 3044 3331 3187 3386; x_wconf 84' lang='lat' dir='ltr'>illud</span> 
     </span>
     <span class='ocr_line' id='line_1_31' title="bbox 598 3415 3186 3489; baseline -0 -18"><span class='ocrx_word' id='word_1_331' title='bbox 598 3417 813 3483; x_wconf 86' lang='lat' dir='ltr'>dicere,</span> <span class='ocrx_word' id='word_1_332' title='bbox 859 3417 1185 3489; x_wconf 72' lang='lat' dir='ltr'>possessivis</span> <span class='ocrx_word' id='word_1_333' title='bbox 1228 3417 1431 3471; x_wconf 85' lang='lat' dir='ltr'>tertiae</span> <span class='ocrx_word' id='word_1_334' title='bbox 1478 3433 1750 3486; x_wconf 82' lang='lat' dir='ltr'>personae</span> <span class='ocrx_word' id='word_1_335' title='bbox 1794 3417 2085 3471; x_wconf 87' lang='lat' dir='ltr'>notionem</span> <span class='ocrx_word' id='word_1_336' title='bbox 2122 3416 2424 3487; x_wconf 85' lang='lat' dir='ltr'>‘proprius’</span> <span class='ocrx_word' id='word_1_337' title='bbox 2463 3415 2666 3470; x_wconf 84' lang='lat' dir='ltr'>subici:</span> <span class='ocrx_word' id='word_1_338' title='bbox 2716 3431 2786 3470; x_wconf 86' lang='lat' dir='ltr'>ea</span> <span class='ocrx_word' id='word_1_339' title='bbox 2825 3415 2977 3470; x_wconf 88' lang='lat' dir='ltr'>enim</span> <span class='ocrx_word' id='word_1_340' title='bbox 3014 3416 3186 3470; x_wconf 85' lang='lat' dir='ltr'>etiam</span> 
     </span>
     <span class='ocr_line' id='line_1_32' title="bbox 595 3499 3187 3572; baseline 0 -17"><span class='ocrx_word' id='word_1_341' title='bbox 595 3502 812 3572; x_wconf 87' lang='lat' dir='ltr'>primae</span> <span class='ocrx_word' id='word_1_342' title='bbox 849 3502 1237 3571; x_wconf 84' lang='lat' dir='ltr'>secundaeque</span> <span class='ocrx_word' id='word_1_343' title='bbox 1273 3502 1596 3570; x_wconf 81' lang='lat' dir='ltr'>possessivis</span> <span class='ocrx_word' id='word_1_344' title='bbox 1633 3501 1923 3556; x_wconf 79' lang='lat' dir='ltr'>subicitur.</span> <span class='ocrx_word' id='word_1_345' title='bbox 1968 3532 2032 3541; x_wconf 92' lang='lat'>—</span> <span class='ocrx_word' id='word_1_346' title='bbox 2084 3508 2146 3556; x_wconf 82' lang='lat'>12</span> <span class='ocrx_word' id='word_1_347' title='bbox 2182 3501 2546 3556; x_wconf 85' lang='lat' dir='ltr'>Accusativus</span> <span class='ocrx_word' id='word_1_348' title='bbox 2580 3499 2893 3569; x_wconf 80' lang='lat' dir='ltr'>singularis.</span> <span class='ocrx_word' id='word_1_349' title='bbox 2957 3501 3021 3554; x_wconf 92' lang='lat' dir='ltr'>In</span> <span class='ocrx_word' id='word_1_350' title='bbox 3069 3501 3187 3555; x_wconf 88' lang='lat' dir='ltr'>edi-</span> 
     </span>
     <span class='ocr_line' id='line_1_33' title="bbox 594 3585 3188 3656; baseline 0 -16"><span class='ocrx_word' id='word_1_351' title='bbox 594 3586 844 3641; x_wconf 73' lang='lat' dir='ltr'>tionibus</span> <span class='ocrx_word' id='word_1_352' title='bbox 877 3586 1211 3641; x_wconf 86' lang='lat' dir='ltr'>Zenodoteis</span> <span class='ocrx_word' id='word_1_353' title='bbox 1244 3587 1507 3641; x_wconf 84' lang='lat' dir='ltr'>neutrum</span> <span class='ocrx_word' id='word_1_354' title='bbox 1542 3585 1837 3656; x_wconf 79' lang='lat' dir='ltr'>possessivi</span> <span class='ocrx_word' id='word_1_355' title='bbox 1873 3588 1936 3641; x_wconf 83' lang='grc' dir='ltr'>δε</span> <span class='ocrx_word' id='word_1_356' title='bbox 1973 3587 2058 3641; x_wconf 86' lang='lat' dir='ltr'>est</span> <span class='ocrx_word' id='word_1_357' title='bbox 2093 3589 2153 3648; x_wconf 87' lang='grc' dir='ltr'>ὅ,</span> <span class='ocrx_word' id='word_1_358' title='bbox 2201 3588 2436 3655; x_wconf 86' lang='lat' dir='ltr'>propter</span> <span class='ocrx_word' id='word_1_359' title='bbox 2469 3585 2790 3655; x_wconf 78' lang='lat' dir='ltr'>analogiam</span> <span class='ocrx_word' id='word_1_360' title='bbox 2833 3585 3188 3655; x_wconf 83' lang='lat' dir='ltr'>postpositivi</span> 
     </span>
     <span class='ocr_line' id='line_1_34' title="bbox 597 3669 3186 3742; baseline 0 -18"><span class='ocrx_word' id='word_1_361' title='bbox 597 3670 824 3724; x_wconf 73' lang='lat' dir='ltr'>articuli</span> <span class='ocrx_word' id='word_1_362' title='bbox 868 3672 928 3724; x_wconf 78' lang='lat' dir='ltr'>et</span> <span class='ocrx_word' id='word_1_363' title='bbox 970 3671 1211 3725; x_wconf 87' lang='lat' dir='ltr'>aliorum</span> <span class='ocrx_word' id='word_1_364' title='bbox 1255 3672 1668 3742; x_wconf 79' lang='lat' dir='ltr'>pronominum.</span> <span class='ocrx_word' id='word_1_365' title='bbox 1714 3701 1778 3711; x_wconf 91' lang='lat'>—</span> <span class='ocrx_word' id='word_1_366' title='bbox 1827 3676 1892 3725; x_wconf 83' lang='lat'>18</span> <span class='ocrx_word' id='word_1_367' title='bbox 1928 3672 2005 3724; x_wconf 86' lang='lat' dir='ltr'>At</span> <span class='ocrx_word' id='word_1_368' title='bbox 2048 3669 2317 3726; x_wconf 73' lang='lat' dir='ltr'>articulus</span> <span class='ocrx_word' id='word_1_369' title='bbox 2359 3671 2550 3740; x_wconf 83' lang='lat' dir='ltr'>potius</span> <span class='ocrx_word' id='word_1_370' title='bbox 2595 3686 2722 3723; x_wconf 89' lang='lat' dir='ltr'>cum</span> <span class='ocrx_word' id='word_1_371' title='bbox 2767 3669 2897 3740; x_wconf 79' lang='lat' dir='ltr'>lege</span> <span class='ocrx_word' id='word_1_372' title='bbox 2939 3672 3186 3742; x_wconf 61' lang='lat' dir='ltr'>pugnam</span> 
     </span>
     <span class='ocr_line' id='line_1_35' title="bbox 596 3753 3186 3826; baseline 0 -18"><span class='ocrx_word' id='word_1_373' title='bbox 596 3755 964 3825; x_wconf 83' lang='lat' dir='ltr'>coniugorum</span> <span class='ocrx_word' id='word_1_374' title='bbox 1000 3756 1138 3822; x_wconf 84' lang='grc' dir='ltr'>ἐμόν</span> <span class='ocrx_word' id='word_1_375' title='bbox 1174 3757 1274 3811; x_wconf 76' lang='grc' dir='ltr'>(όν</span> <span class='ocrx_word' id='word_1_376' title='bbox 1310 3755 1572 3824; x_wconf 83' lang='lat' dir='ltr'>analogia</span> <span class='ocrx_word' id='word_1_377' title='bbox 1607 3755 1829 3826; x_wconf 80' lang='lat' dir='ltr'>flagitat</span> <span class='ocrx_word' id='word_1_378' title='bbox 1872 3757 1965 3817; x_wconf 80' lang='grc' dir='ltr'>ὅν;</span> <span class='ocrx_word' id='word_1_379' title='bbox 2013 3772 2085 3810; x_wconf 89' lang='lat' dir='ltr'>ne</span> <span class='ocrx_word' id='word_1_380' title='bbox 2123 3754 2390 3810; x_wconf 88' lang='lat' dir='ltr'>convenit</span> <span class='ocrx_word' id='word_1_381' title='bbox 2432 3753 2663 3823; x_wconf 87' lang='lat' dir='ltr'>quidem</span> <span class='ocrx_word' id='word_1_382' title='bbox 2698 3768 2836 3809; x_wconf 87' lang='lat' dir='ltr'>voce</span> <span class='ocrx_word' id='word_1_383' title='bbox 2875 3772 3003 3808; x_wconf 89' lang='lat' dir='ltr'>cum</span> <span class='ocrx_word' id='word_1_384' title='bbox 3036 3758 3186 3825; x_wconf 81' lang='lat' dir='ltr'>post—</span> 
     </span>
     <span class='ocr_line' id='line_1_36' title="bbox 596 3836 3187 3910; baseline 0 -17"><span class='ocrx_word' id='word_1_385' title='bbox 596 3838 869 3907; x_wconf 66' lang='lat' dir='ltr'>positivoz</span> <span class='ocrx_word' id='word_1_386' title='bbox 909 3840 1225 3908; x_wconf 85' lang='lat' dir='ltr'>comparari</span> <span class='ocrx_word' id='word_1_387' title='bbox 1258 3855 1369 3893; x_wconf 89' lang='lat' dir='ltr'>non</span> <span class='ocrx_word' id='word_1_388' title='bbox 1405 3841 1599 3910; x_wconf 84' lang='lat' dir='ltr'>potest</span> <span class='ocrx_word' id='word_1_389' title='bbox 1631 3857 1760 3894; x_wconf 90' lang='lat' dir='ltr'>cum</span> <span class='ocrx_word' id='word_1_390' title='bbox 1796 3840 1987 3894; x_wconf 80' lang='grc' dir='ltr'>ἐκεῖνο</span> <span class='ocrx_word' id='word_1_391' title='bbox 2021 3843 2230 3905; x_wconf 81' lang='grc' dir='ltr'>τοῦτο,</span> <span class='ocrx_word' id='word_1_392' title='bbox 2273 3854 2407 3892; x_wconf 82' lang='lat' dir='ltr'>nam</span> <span class='ocrx_word' id='word_1_393' title='bbox 2442 3837 2500 3892; x_wconf 90' lang='lat' dir='ltr'>in</span> <span class='ocrx_word' id='word_1_394' title='bbox 2535 3838 2623 3891; x_wconf 85' lang='lat' dir='ltr'>his</span> <span class='ocrx_word' id='word_1_395' title='bbox 2658 3841 2799 3904; x_wconf 82' lang='lat' dir='ltr'>un‘a,</span> <span class='ocrx_word' id='word_1_396' title='bbox 2843 3838 2901 3891; x_wconf 92' lang='lat' dir='ltr'>in</span> <span class='ocrx_word' id='word_1_397' title='bbox 2939 3840 3002 3893; x_wconf 82' lang='grc' dir='ltr'>δε</span> <span class='ocrx_word' id='word_1_398' title='bbox 3040 3836 3187 3893; x_wconf 85' lang='lat' dir='ltr'>duae</span> 
     </span>
     <span class='ocr_line' id='line_1_37' title="bbox 593 3922 3187 3993; baseline -0 -17"><span class='ocrx_word' id='word_1_399' title='bbox 593 3924 726 3977; x_wconf 86' lang='lat' dir='ltr'>sunt</span> <span class='ocrx_word' id='word_1_400' title='bbox 766 3939 1060 3993; x_wconf 59' lang='lat' dir='ltr'>personam</span> <span class='ocrx_word' id='word_1_401' title='bbox 1114 3925 1173 3977; x_wconf 91' lang='lat' dir='ltr'>in</span> <span class='ocrx_word' id='word_1_402' title='bbox 1220 3923 1521 3993; x_wconf 72' lang='lat' dir='ltr'>primitivis</span> <span class='ocrx_word' id='word_1_403' title='bbox 1568 3923 1795 3978; x_wconf 88' lang='lat' dir='ltr'>omnino</span> <span class='ocrx_word' id='word_1_404' title='bbox 1846 3922 2179 3976; x_wconf 86' lang='lat' dir='ltr'>femininum</span> <span class='ocrx_word' id='word_1_405' title='bbox 2225 3926 2284 3977; x_wconf 88' lang='lat' dir='ltr'>et</span> <span class='ocrx_word' id='word_1_406' title='bbox 2326 3925 2588 3978; x_wconf 86' lang='lat' dir='ltr'>neutrum</span> <span class='ocrx_word' id='word_1_407' title='bbox 2640 3939 2676 3976; x_wconf 87' lang='lat' dir='ltr'>a</span> <span class='ocrx_word' id='word_1_408' title='bbox 2719 3922 3028 3976; x_wconf 87' lang='lat' dir='ltr'>masculino</span> <span class='ocrx_word' id='word_1_409' title='bbox 3072 3937 3187 3975; x_wconf 94' lang='lat' dir='ltr'>non</span> 
     </span>
     <span class='ocr_line' id='line_1_38' title="bbox 595 4006 3185 4075; baseline -0 -15"><span class='ocrx_word' id='word_1_410' title='bbox 595 4006 911 4074; x_wconf 78' lang='lat' dir='ltr'>derivatur;</span> <span class='ocrx_word' id='word_1_411' title='bbox 955 4008 1271 4075; x_wconf 85' lang='lat' dir='ltr'>possessiva</span> <span class='ocrx_word' id='word_1_412' title='bbox 1314 4024 1442 4061; x_wconf 86' lang='lat' dir='ltr'>cum</span> <span class='ocrx_word' id='word_1_413' title='bbox 1488 4007 1784 4062; x_wconf 85' lang='lat' dir='ltr'>adiectivis</span> <span class='ocrx_word' id='word_1_414' title='bbox 1826 4007 1887 4062; x_wconf 91' lang='lat' dir='ltr'>in</span> <span class='ocrx_word' id='word_1_415' title='bbox 1933 4012 1996 4062; x_wconf 66' lang='grc' dir='ltr'>δ’(</span> <span class='ocrx_word' id='word_1_416' title='bbox 2040 4006 2338 4062; x_wconf 87' lang='lat' dir='ltr'>convenire</span> <span class='ocrx_word' id='word_1_417' title='bbox 2382 4006 2592 4072; x_wconf 84' lang='lat' dir='ltr'>solent,</span> <span class='ocrx_word' id='word_1_418' title='bbox 2640 4022 2879 4074; x_wconf 90' lang='lat' dir='ltr'>quorum</span> <span class='ocrx_word' id='word_1_419' title='bbox 2922 4008 3185 4061; x_wconf 86' lang='lat' dir='ltr'>neutrum</span> 
     </span>
     <span class='ocr_line' id='line_1_39' title="bbox 592 4090 2446 4162; baseline 0.001 -17"><span class='ocrx_word' id='word_1_420' title='bbox 592 4091 651 4145; x_wconf 92' lang='lat' dir='ltr'>in</span> <span class='ocrx_word' id='word_1_421' title='bbox 686 4099 754 4146; x_wconf 60' lang='grc' dir='ltr'>ον</span> <span class='ocrx_word' id='word_1_422' title='bbox 790 4091 933 4159; x_wconf 87' lang='lat' dir='ltr'>exit;</span> <span class='ocrx_word' id='word_1_423' title='bbox 979 4091 1381 4161; x_wconf 84' lang='lat' dir='ltr'>postpositivus</span> <span class='ocrx_word' id='word_1_424' title='bbox 1417 4094 1450 4147; x_wconf 84' lang='grc' dir='ltr'>ὅ</span> <span class='ocrx_word' id='word_1_425' title='bbox 1486 4109 1613 4148; x_wconf 91' lang='lat' dir='ltr'>cum</span> <span class='ocrx_word' id='word_1_426' title='bbox 1647 4093 2032 4162; x_wconf 81' lang='lat' dir='ltr'>praepositive</span> <span class='ocrx_word' id='word_1_427' title='bbox 2068 4094 2137 4148; x_wconf 89' lang='grc' dir='ltr'>τό</span> <span class='ocrx_word' id='word_1_428' title='bbox 2173 4090 2446 4162; x_wconf 79' lang='lat' dir='ltr'>congruit.</span> 
     </span>
    </p>
   </div>
   <div class='ocr_carea' id='block_1_5' title="bbox 592 4232 997 4242">
    <p class='ocr_par' dir='ltr' id='par_1_5' title="bbox 592 4232 997 4242">
     <span class='ocr_line' id='line_1_40' title="bbox 592 4232 997 4242; baseline 0 1288"><span class='ocrx_word' id='word_1_429' title='bbox 592 4232 997 4242; x_wconf 95' lang='lat' dir='ltr'> </span> 
     </span>
    </p>
   </div>
   <div class='ocr_carea' id='block_1_6' title="bbox 590 4312 3184 4888">
    <p class='ocr_par' dir='ltr' id='par_1_6' title="bbox 590 4312 3184 4888">
     <span class='ocr_line' id='line_1_41' title="bbox 729 4312 3184 4383; baseline -0.001 -17"><span class='ocrx_word' id='word_1_430' title='bbox 729 4312 916 4367; x_wconf 67' lang='lat' dir='ltr'>Discit.</span> <span class='ocrx_word' id='word_1_431' title='bbox 952 4330 1150 4367; x_wconf 71' lang='lat' dir='ltr'>soum.</span> <span class='ocrx_word' id='word_1_432' title='bbox 1208 4318 1256 4368; x_wconf 76' lang='lat'>2.</span> <span class='ocrx_word' id='word_1_433' title='bbox 1293 4312 1448 4381; x_wconf 86' lang='lat' dir='ltr'>prior</span> <span class='ocrx_word' id='word_1_434' title='bbox 1481 4330 1518 4367; x_wconf 86' lang='grc' dir='ltr'>α</span> <span class='ocrx_word' id='word_1_435' title='bbox 1553 4312 1611 4368; x_wconf 90' lang='lat' dir='ltr'>in</span> <span class='ocrx_word' id='word_1_436' title='bbox 1644 4331 1869 4382; x_wconf 85' lang='grc' dir='ltr'>ρηματα</span> <span class='ocrx_word' id='word_1_437' title='bbox 1903 4315 1976 4369; x_wconf 85' lang='lat' dir='ltr'>ab</span> <span class='ocrx_word' id='word_1_438' title='bbox 2010 4316 2088 4369; x_wconf 67' lang='lat' dir='ltr'>Ax</span> <span class='ocrx_word' id='word_1_439' title='bbox 2119 4318 2129 4383; x_wconf 96' lang='grc' dir='ltr'>Ι</span> <span class='ocrx_word' id='word_1_440' title='bbox 2158 4320 2207 4373; x_wconf 82' lang='lat'>5.</span> <span class='ocrx_word' id='word_1_441' title='bbox 2233 4315 2535 4379; x_wconf 78' lang='grc' dir='ltr'>εγκλιεεειν</span> <span class='ocrx_word' id='word_1_442' title='bbox 2561 4314 2603 4368; x_wconf 88' lang='grc' dir='ltr'><strong>Α</strong></span> <span class='ocrx_word' id='word_1_443' title='bbox 2635 4313 2645 4379; x_wconf 91' lang='grc' dir='ltr'>Ι</span> <span class='ocrx_word' id='word_1_444' title='bbox 2675 4316 2825 4369; x_wconf 81' lang='grc'>5-6.</span> <span class='ocrx_word' id='word_1_445' title='bbox 2857 4314 3048 4378; x_wconf 88' lang='grc' dir='ltr'>δεχθαι</span> <span class='ocrx_word' id='word_1_446' title='bbox 3079 4326 3184 4381; x_wconf 86' lang='lat' dir='ltr'>pro</span> 
     </span>
     <span class='ocr_line' id='line_1_42' title="bbox 591 4388 3183 4467; baseline -0.001 -17"><span class='ocrx_word' id='word_1_447' title='bbox 591 4388 845 4463; x_wconf 61' lang='grc' dir='ltr'>δέχεεθαι</span> <span class='ocrx_word' id='word_1_448' title='bbox 869 4398 929 4451; x_wconf 84' lang='lat' dir='ltr'>et</span> <span class='ocrx_word' id='word_1_449' title='bbox 950 4399 1201 4465; x_wconf 79' lang='grc' dir='ltr'>δεχεεθαι</span> <span class='ocrx_word' id='word_1_450' title='bbox 1232 4412 1336 4465; x_wconf 84' lang='lat' dir='ltr'>pro</span> <span class='ocrx_word' id='word_1_451' title='bbox 1364 4398 1588 4465; x_wconf 79' lang='grc' dir='ltr'>δέχεεθε</span> <span class='ocrx_word' id='word_1_452' title='bbox 1613 4400 1657 4454; x_wconf 91' lang='grc' dir='ltr'>Α</span> <span class='ocrx_word' id='word_1_453' title='bbox 1690 4401 1699 4467; x_wconf 93' lang='grc' dir='ltr'>Ι</span> <span class='ocrx_word' id='word_1_454' title='bbox 1729 4406 1880 4455; x_wconf 82' lang='grc'>8-9.</span> <span class='ocrx_word' id='word_1_455' title='bbox 1905 4415 2011 4453; x_wconf 88' lang='grc' dir='ltr'>τον</span> <span class='ocrx_word' id='word_1_456' title='bbox 2035 4415 2313 4467; x_wconf 79' lang='grc' dir='ltr'>εφετερον</span> <span class='ocrx_word' id='word_1_457' title='bbox 2338 4400 2400 4460; x_wconf 91' lang='grc' dir='ltr'>Α,</span> <span class='ocrx_word' id='word_1_458' title='bbox 2427 4398 2498 4451; x_wconf 90' lang='grc' dir='ltr'>τὸ</span> <span class='ocrx_word' id='word_1_459' title='bbox 2523 4397 2801 4465; x_wconf 82' lang='grc' dir='ltr'>εφέτερον</span> <span class='ocrx_word' id='word_1_460' title='bbox 2823 4394 2861 4448; x_wconf 90' lang='lat' dir='ltr'><strong>b</strong></span> <span class='ocrx_word' id='word_1_461' title='bbox 2893 4397 2903 4462; x_wconf 89' lang='grc' dir='ltr'>Ι</span> <span class='ocrx_word' id='word_1_462' title='bbox 2941 4401 3014 4449; x_wconf 83' lang='lat'>13.</span> <span class='ocrx_word' id='word_1_463' title='bbox 3043 4411 3183 4463; x_wconf 72' lang='grc' dir='ltr'>προ(</span> 
     </span>
     <span class='ocr_line' id='line_1_43' title="bbox 591 4480 3180 4551; baseline 0 -16"><span class='ocrx_word' id='word_1_464' title='bbox 591 4499 623 4535; x_wconf 96' lang='grc' dir='ltr'>ο</span> <span class='ocrx_word' id='word_1_465' title='bbox 660 4483 733 4544; x_wconf 88' lang='grc' dir='ltr'>Α,</span> <span class='ocrx_word' id='word_1_466' title='bbox 783 4483 927 4550; x_wconf 75' lang='grc' dir='ltr'>πρὸ(</span> <span class='ocrx_word' id='word_1_467' title='bbox 961 4482 1030 4536; x_wconf 88' lang='grc' dir='ltr'>ὃν</span> <span class='ocrx_word' id='word_1_468' title='bbox 1068 4482 1104 4535; x_wconf 83' lang='grc' dir='ltr'>δ</span> <span class='ocrx_word' id='word_1_469' title='bbox 1169 4485 1178 4546; x_wconf 92' lang='grc' dir='ltr'>Ι</span> <span class='ocrx_word' id='word_1_470' title='bbox 1248 4486 1323 4536; x_wconf 79' lang='grc'>17.</span> <span class='ocrx_word' id='word_1_471' title='bbox 1372 4482 1452 4538; x_wconf 74' lang='grc' dir='ltr'>εἰ(</span> <span class='ocrx_word' id='word_1_472' title='bbox 1485 4488 1521 4536; x_wconf 79' lang='grc' dir='ltr'><strong><em>ὃ</em></strong></span> <span class='ocrx_word' id='word_1_473' title='bbox 1555 4483 1618 4547; x_wconf 88' lang='lat' dir='ltr'>b,</span> <span class='ocrx_word' id='word_1_474' title='bbox 1661 4499 1738 4538; x_wconf 79' lang='grc' dir='ltr'>ει(</span> <span class='ocrx_word' id='word_1_475' title='bbox 1778 4501 1846 4537; x_wconf 89' lang='grc' dir='ltr'>ου</span> <span class='ocrx_word' id='word_1_476' title='bbox 1883 4487 1955 4551; x_wconf 90' lang='grc' dir='ltr'>Α,</span> <span class='ocrx_word' id='word_1_477' title='bbox 2002 4483 2247 4551; x_wconf 87' lang='lat' dir='ltr'>indeque</span> <span class='ocrx_word' id='word_1_478' title='bbox 2284 4481 2378 4535; x_wconf 85' lang='lat' dir='ltr'>fol.</span> <span class='ocrx_word' id='word_1_479' title='bbox 2430 4488 2526 4536; x_wconf 76' lang='lat'>192</span> <span class='ocrx_word' id='word_1_480' title='bbox 2552 4498 2602 4535; x_wconf 85' lang='lat' dir='ltr'>v.</span> <span class='ocrx_word' id='word_1_481' title='bbox 2669 4481 2679 4547; x_wconf 96' lang='grc' dir='ltr'>Ι</span> <span class='ocrx_word' id='word_1_482' title='bbox 2741 4484 3050 4534; x_wconf 83' lang='grc' dir='ltr'>απειθανον</span> <span class='ocrx_word' id='word_1_483' title='bbox 3086 4481 3130 4535; x_wconf 91' lang='grc' dir='ltr'>Α</span> <span class='ocrx_word' id='word_1_484' title='bbox 3171 4480 3180 4549; x_wconf 95' lang='grc' dir='ltr'>Ι</span> 
     </span>
     <span class='ocr_line' id='line_1_44' title="bbox 593 4563 3182 4635; baseline -0 -16"><span class='ocrx_word' id='word_1_485' title='bbox 593 4571 672 4620; x_wconf 84' lang='grc'>18.</span> <span class='ocrx_word' id='word_1_486' title='bbox 708 4565 935 4622; x_wconf 82' lang='lat' dir='ltr'>litterae</span> <span class='ocrx_word' id='word_1_487' title='bbox 971 4583 1075 4633; x_wconf 87' lang='grc' dir='ltr'>ρον</span> <span class='ocrx_word' id='word_1_488' title='bbox 1110 4564 1261 4620; x_wconf 85' lang='lat' dir='ltr'>vocis</span> <span class='ocrx_word' id='word_1_489' title='bbox 1296 4567 1600 4635; x_wconf 86' lang='grc' dir='ltr'>ουδετερον</span> <span class='ocrx_word' id='word_1_490' title='bbox 1637 4582 1797 4620; x_wconf 81' lang='lat' dir='ltr'>evan.</span> <span class='ocrx_word' id='word_1_491' title='bbox 1853 4569 1863 4634; x_wconf 89' lang='grc' dir='ltr'>Ι</span> <span class='ocrx_word' id='word_1_492' title='bbox 1921 4573 1998 4621; x_wconf 84' lang='grc'>19.</span> <span class='ocrx_word' id='word_1_493' title='bbox 2036 4569 2071 4631; x_wconf 86' lang='grc' dir='ltr'>ἡ</span> <span class='ocrx_word' id='word_1_494' title='bbox 2110 4566 2433 4633; x_wconf 75' lang='grc' dir='ltr'>ἀντωνυμία</span> <span class='ocrx_word' id='word_1_495' title='bbox 2468 4566 2790 4633; x_wconf 70' lang='grc' dir='ltr'>παράλογος</span> <span class='ocrx_word' id='word_1_496' title='bbox 2825 4563 2891 4632; x_wconf 88' lang='lat' dir='ltr'>b,</span> <span class='ocrx_word' id='word_1_497' title='bbox 2928 4582 2964 4633; x_wconf 85' lang='grc' dir='ltr'>η</span> <span class='ocrx_word' id='word_1_498' title='bbox 3000 4580 3182 4618; x_wconf 85' lang='grc' dir='ltr'>αντω-</span> 
     </span>
     <span class='ocr_line' id='line_1_45' title="bbox 590 4648 3179 4719; baseline 0 -16"><span class='ocrx_word' id='word_1_499' title='bbox 590 4667 758 4717; x_wconf 84' lang='grc' dir='ltr'>νυμια</span> <span class='ocrx_word' id='word_1_500' title='bbox 793 4667 1132 4719; x_wconf 80' lang='grc' dir='ltr'>παραγωγοε</span> <span class='ocrx_word' id='word_1_501' title='bbox 1169 4651 1240 4716; x_wconf 89' lang='grc' dir='ltr'>Α,</span> <span class='ocrx_word' id='word_1_502' title='bbox 1279 4648 1433 4704; x_wconf 80' lang='lat' dir='ltr'>‘vide</span> <span class='ocrx_word' id='word_1_503' title='bbox 1469 4667 1540 4705; x_wconf 90' lang='lat' dir='ltr'>ne</span> <span class='ocrx_word' id='word_1_504' title='bbox 1575 4650 1884 4719; x_wconf 83' lang='lat' dir='ltr'>legendum</span> <span class='ocrx_word' id='word_1_505' title='bbox 1920 4651 1995 4704; x_wconf 86' lang='lat' dir='ltr'>sit</span> <span class='ocrx_word' id='word_1_506' title='bbox 2028 4654 2064 4719; x_wconf 81' lang='grc' dir='ltr'>ἡ</span> <span class='ocrx_word' id='word_1_507' title='bbox 2100 4654 2440 4719; x_wconf 80' lang='grc' dir='ltr'>παράγωγοε</span> <span class='ocrx_word' id='word_1_508' title='bbox 2474 4650 2800 4715; x_wconf 82' lang='grc' dir='ltr'>ἀντωνυμία</span> <span class='ocrx_word' id='word_1_509' title='bbox 2835 4650 3179 4717; x_wconf 81' lang='grc' dir='ltr'>παράλογοε’</span> 
     </span>
     <span class='ocr_line' id='line_1_46' title="bbox 590 4733 3181 4806; baseline 0 -20"><span class='ocrx_word' id='word_1_510' title='bbox 590 4733 955 4789; x_wconf 81' lang='lat' dir='ltr'>RSkrzeczka</span> <span class='ocrx_word' id='word_1_511' title='bbox 992 4739 1003 4805; x_wconf 90' lang='grc' dir='ltr'>Ι</span> <span class='ocrx_word' id='word_1_512' title='bbox 1040 4742 1122 4790; x_wconf 78' lang='lat'>25.</span> <span class='ocrx_word' id='word_1_513' title='bbox 1156 4738 1287 4806; x_wconf 79' lang='lat' dir='ltr'>post</span> <span class='ocrx_word' id='word_1_514' title='bbox 1321 4738 1380 4791; x_wconf 77' lang='grc' dir='ltr'>αἱ</span> <span class='ocrx_word' id='word_1_515' title='bbox 1414 4736 1529 4790; x_wconf 76' lang='lat' dir='ltr'>tres</span> <span class='ocrx_word' id='word_1_516' title='bbox 1564 4736 1877 4805; x_wconf 72' lang='lat' dir='ltr'>quatuorve</span> <span class='ocrx_word' id='word_1_517' title='bbox 1913 4735 2135 4790; x_wconf 75' lang='lat' dir='ltr'>litterae</span> <span class='ocrx_word' id='word_1_518' title='bbox 2173 4751 2368 4790; x_wconf 80' lang='lat' dir='ltr'>erasae</span> <span class='ocrx_word' id='word_1_519' title='bbox 2405 4735 2465 4788; x_wconf 89' lang='lat' dir='ltr'>in</span> <span class='ocrx_word' id='word_1_520' title='bbox 2502 4734 2612 4789; x_wconf 88' lang='lat' dir='ltr'>fine</span> <span class='ocrx_word' id='word_1_521' title='bbox 2648 4751 2867 4800; x_wconf 87' lang='lat' dir='ltr'>versus,</span> <span class='ocrx_word' id='word_1_522' title='bbox 2902 4734 2961 4786; x_wconf 92' lang='lat' dir='ltr'>in</span> <span class='ocrx_word' id='word_1_523' title='bbox 2997 4749 3181 4801; x_wconf 81' lang='lat' dir='ltr'>versu,</span> 
     </span>
     <span class='ocr_line' id='line_1_47' title="bbox 590 4819 2586 4888; baseline 0.001 -17"><span class='ocrx_word' id='word_1_524' title='bbox 590 4819 689 4887; x_wconf 87' lang='lat' dir='ltr'>qui</span> <span class='ocrx_word' id='word_1_525' title='bbox 723 4820 992 4888; x_wconf 85' lang='lat' dir='ltr'>sequitur,</span> <span class='ocrx_word' id='word_1_526' title='bbox 1030 4821 1256 4874; x_wconf 77' lang='lat' dir='ltr'>litterae</span> <span class='ocrx_word' id='word_1_527' title='bbox 1296 4838 1585 4875; x_wconf 84' lang='grc' dir='ltr'>ωτοτυποι</span> <span class='ocrx_word' id='word_1_528' title='bbox 1626 4819 1776 4874; x_wconf 88' lang='lat' dir='ltr'>vocis</span> <span class='ocrx_word' id='word_1_529' title='bbox 1813 4837 2180 4888; x_wconf 82' lang='grc' dir='ltr'>πρωτοτυποι</span> <span class='ocrx_word' id='word_1_530' title='bbox 2218 4820 2276 4873; x_wconf 91' lang='lat' dir='ltr'>in</span> <span class='ocrx_word' id='word_1_531' title='bbox 2313 4835 2508 4873; x_wconf 81' lang='lat' dir='ltr'>rasura</span> <span class='ocrx_word' id='word_1_532' title='bbox 2544 4821 2586 4873; x_wconf 90' lang='grc' dir='ltr'>Α</span> 
     </span>
    </p>
   </div>
  </div>
 </body>
</html>
