3738 5530
624 266 1067 325 Commentarius
1095 266 1324 324 criticus
1351 270 1411 324 et
1436 268 1758 340 exegeticus
1784 268 1847 324 in
1874 266 2163 339 Apollonii
2189 266 2418 339 Dyscoli
2447 266 2659 340 scripta
2684 268 2917 326 minora.
3005 268 3089 334 97

474 440 889 509 novwinativus,
934 440 1103 498 cuius
1142 442 1441 514 yenctivus
1481 456 1603 498 non
1637 441 1827 514 possit
1871 442 2126 499 construi
2163 458 2292 499 cum
2329 440 2522 500 codem
2556 440 2727 499 verbo
2775 432 2840 522 (i.
2870 459 2916 499 e.
2957 459 3091 499 cum

470 530 747 607 genetivo
792 530 1096 608 participii
1140 528 1403 589 eiusdem
1439 520 1659 611 verbi):
1704 530 1860 589 idem
1895 530 1967 589 dc
2013 524 2160 601 ἐγὼ
2209 523 2439 590 αὐτός
2475 561 2564 572 -
2601 523 2937 604 ἐμαυτοῦ
2975 532 3092 590 dici

468 636 589 678 non
622 622 815 693 potest
862 621 963 695 71,
985 619 1219 679 8—19.

651 709 988 782 71,8—19
1052 702 1165 769 ‘De
1219 710 1586 769 nominativo
1640 708 2055 768 reflexivorum
2098 722 2211 786 Ap.
2260 710 2385 787 egit
2432 709 2936 785 69,18—71,8:
3002 726 3088 769 se·

469 799 674 874 quitur
717 796 927 858 deinde
974 796 1307 876 disputatio
1353 798 1426 858 de
1460 797 1793 876 pluralibus
1837 793 2088 859 ἑαυτῶν
2126 792 2399 858 ἑαυτούς
2442 819 2500 875 p.
2544 800 2645 874 71,
2670 800 2950 875 20-72,
2974 800 3091 858 31:

468 889 768 964 postremo
813 885 1051 947 disserit
1094 886 1168 947 de
1213 890 1423 947 neutro
1469 890 1619 966 sing.
1665 890 1913 947 numeri.
2007 885 2159 956 Quid
2208 890 2300 947 est
2342 888 2549 966 igitur,
2596 905 2701 946 cur
2744 906 2948 948 rursus
2995 907 3085 947 re-

469 978 670 1054 lapsus
717 978 798 1037 sit
842 976 918 1035 ad
957 978 1364 1054 quaestionem
1400 976 1473 1036 de
1519 979 1908 1052 nominativo,
1953 978 2306 1054 praesertim
2344 995 2477 1036 cum
2515 980 2636 1036 iam
2669 979 2770 1054 70,
2794 981 2831 1037 9
2872 978 3091 1038 dixerit

467 1062 762 1142 περιςςὸν
808 1059 928 1127 οὖν
975 1060 1103 1126 ἑςτὶ
1149 1065 1359 1141 ζητεῖν
1406 1061 1660 1128 εὐθεῖαν
1706 1064 1840 1126 τῶν
1887 1062 2327 1141 προκειμένων
2363 1062 2720 1127 πτῶςεωνῖ
2809 1067 3088 1128 Fortasse

469 1175 621 1234 quae
665 1155 722 1214 h.
761 1156 799 1214 1.
849 1147 914 1237 (1.
954 1174 1001 1213 e.
1054 1156 1456 1232 73‚18—74,
1481 1147 1548 1238 2)
1612 1156 1896 1234 leguntur
1945 1157 2105 1231 71,ss
2164 1159 2304 1216 sunt
2347 1149 2685 1216 inserenda?
2745 1155 2867 1216 ska
2911 1157 2943 1216 Ι
2985 1159 3085 1217 18.

649 1247 808 1321 71,9
858 1244 1068 1318 ζητεῖν
1114 1244 1190 1305 ab
1233 1245 1289 1304 h.
1329 1245 1367 1303 1.
1407 1245 1669 1305 alienum
1715 1247 1830 1321 est,
1895 1245 2148 1306 fortasse
2193 1265 2263 1305 ex
2313 1247 2415 1322 70,
2438 1249 2474 1305 9
2531 1245 2648 1305 huc
2702 1247 3083 1307 translatum.

468 1333 919 1414 Exspectaveris
966 1330 1177 1406 λέγειν
1222 1334 1318 1395 vel
1365 1335 1594 1411 aliquid
1641 1336 1766 1395 eius
1811 1333 1990 1394 modi.

649 1426 749 1500 71,
773 1427 848 1483 11
885 1417 1053 1487 ἅπαξ
1081 1419 1206 1499 γὰρ
1235 1418 1516 1504 ἐδείχθη]
1551 1425 1654 1499 67,
1677 1425 1957 1500 25-68,
1981 1426 2035 1484 9.
2100 1418 2325 1497 Ἅπαξ,
2359 1417 2589 1484 ‘semel'
2620 1416 2921 1506 (Merguet
2947 1424 3085 1486 Lex.

469 1513 612 1574 Red.
654 1512 770 1573 Cic.
812 1532 855 1574 s.
895 1504 1008 1594 v.),
1064 1507 1185 1573 ‘ein
1231 1514 1330 1573 fiir
1375 1508 1658 1589 allemal',
1705 1508 1844 1574 ‘une
1889 1514 2004 1573 fois
2050 1533 2203 1591 pour
2244 1508 2466 1574 toutes'
2478 1536 2494 1590 ;
2553 1514 2624 1573 cf.
2673 1534 2838 1593 pron.
2880 1516 2982 1591 67,
3005 1517 3088 1576 32

470 1598 608 1664 ἐπεὶ
655 1598 778 1678 γὰρ
843 1596 1012 1665 ἅπαξ
1058 1621 1104 1663 c.
1153 1603 1287 1663 adn.
1334 1602 1412 1663 ib.
1457 1603 1602 1680 115,
1626 1604 1707 1663 13
1766 1599 1905 1664 ἐπεὶ
1962 1597 2146 1663 ἅπαξ.
2230 1608 2274 1678 μ’
2312 1604 2442 1663 350
2489 1597 2659 1666 ἅπαξ
2715 1600 2878 1679 πρὸς
2925 1603 3092 1678 κῦμα

467 1687 689 1768 χανών
745 1684 871 1776 (ein
916 1693 1015 1751 fflr
1060 1692 1299 1753 allemal
1346 1692 1461 1753 den
1506 1692 1691 1753 Mund
1738 1693 1863 1753 voll
1909 1691 2151 1753 Wasser
2195 1684 2493 1774 nehmen).
2576 1693 2717 1752 Eur.
2759 1692 2917 1771 Cycl.
2960 1695 3089 1755 600

468 1775 910 1857 duakkdxflnfl'
958 1775 1127 1844 ἅπαξ
1174 1776 1386 1842 ‘libera
1430 1784 1492 1843 te
1537 1801 1656 1843 uno
1700 1776 1850 1842 ictu’
1895 1781 2141 1858 Matth.;
2200 1781 2442 1843 Lucian.
2483 1781 2695 1842 Timon
2746 1786 2826 1843 19
2878 1777 2966 1845 εἰς
3012 1780 3088 1844 τὸ

468 1865 637 1934 ἅπαξ
686 1865 1242 1947 ἀναπεπταμένον,
1288 1872 1466 1933 schol.
1507 1866 1651 1932 ἀντὶ
1696 1869 1813 1932 τοῦ
1859 1868 2103 1932 διόλου.

650 1963 752 2037 71,
776 1963 857 2021 12
907 1960 1030 2021 Ska
1073 1962 1105 2021 I
1146 1964 1246 2038 19,
1292 1961 1588 2040 pluralem
1635 1954 2054 2022 αὐτοπάθειαι
2102 1963 2284 2020 etiam
2329 1980 2495 2045 pron.
2550 1964 2694 2037 114,
2717 1964 2753 2020 7
2802 1962 2923 2042 legi
2964 1982 3090 2024 mo-

468 2069 630 2112 nens.
723 2049 1054 2128 Guttentag
1108 2050 1186 2110 ad
1242 2046 1632 2113 αὐτοπαθῶν
1690 2049 1848 2129 quod
1905 2052 2169 2111 servavit
2213 2047 2580 2126 προςώπων
2627 2052 2894 2129 suppleri
2939 2053 3086 2113 vult

652 2142 753 2217 71,
778 2141 857 2199 16
926 2137 1410 2201 GWachsmuthii
1473 2141 1872 2200 coniecturam
1936 2159 2056 2200 non
2120 2139 2340 2218 probo3
2402 2141 2515 2218 Ap.
2579 2140 2692 2201 hoc
2755 2142 3089 2219 exemplum

468 2230 641 2290 affert
655 2275 671 2305 ,
715 2233 790 2290 ut
833 2229 1223 2308 demonstret,
1286 2230 1437 2290 nihil
1491 2231 1773 2291 interesse
1820 2232 2024 2289 utrum
2079 2223 2209 2301 ἐγὼ
2265 2225 2463 2291 αὐτός
2509 2230 2838 2291 subiectum
2884 2234 2965 2292 sit
3010 2252 3088 2291 an

469 2319 778 2396 quodlibet
823 2338 1052 2380 nomen.

650 2411 752 2485 71,
777 2411 856 2467 17
906 2405 987 2483 μὴ
1035 2404 1297 2489 ἔχουςα]
1347 2403 1501 2488 ‘Ego
1545 2428 1655 2486 pro
1700 2404 1740 2481 ἡ
1788 2404 2026 2483 ἔχουςα
2070 2408 2205 2487 lego
2254 2405 2335 2483 μὴ
2384 2403 2620 2484 ἔχουςα
2664 2413 2702 2468 1.
2742 2429 2790 2470 e.
2840 2404 3090 2471 non”est

345 2502 352 2513 '
465 2500 895 2573 nominativus,
959 2500 1126 2559 cuius
1190 2501 1500 2578 genetivus
1564 2517 1683 2558 non
1737 2499 1931 2575 possit
1984 2500 2260 2575 componi
2314 2515 2449 2557 cum
2506 2499 2709 2558 eodem
2756 2499 2964 2560 verbo:
3024 2500 3087 2560 id

468 2607 607 2648 vero
663 2586 735 2647 de
765 2588 1107 2665 'participio
1163 2587 1570 2666 accipiendum
1624 2604 1750 2647 esse
1805 2586 2076 2664 exempla
2132 2586 2345 2663 quibus
2399 2605 2541 2647 usus
2597 2591 2688 2649 est
2747 2588 3085 2650 ostendunt.

467 2677 532 2737 Si
576 2678 764 2756 igitui-
808 2671 938 2749 ἐγὼ
985 2673 1182 2739 αὐτός
1226 2679 1629 2738 nominativus
1668 2678 1821 2738 esset
1856 2678 2118 2755 genetivi
2158 2672 2455 2751 ἐμαυτοῦ,
2504 2676 2620 2737 dici
2660 2679 2843 2738 etiam
2879 2679 3089 2739 liceret

466 2761 745 2843 ἐμαυτοῦ
810 2761 1203 2829 ἀκούςαντος
1222 2815 1237 2841 ,
1302 2768 1461 2846 quod
1524 2788 1697 2828 nemo
1762 2787 2026 2844 unquam
2090 2767 2256 2827 dixit.
2375 2765 2716 2829 Priscianus
2783 2772 2888 2845 qui
2939 2769 3005 2828 Τ.
3053 2769 3086 2828 Ι

463 2878 519 2935 p.
562 2858 688 2918 575
739 2849 915 2940 (xm
955 2860 1034 2918 26
1083 2879 1139 2937 p.
1183 2860 1284 2934 17,
1307 2859 1586 2934 27-18,
1612 2848 1721 2939 11)
1768 2857 1952 2918 verba.
1986 2856 2296 2934 Apollonii
2329 2859 2590 2935 respexit
2625 2860 3086 2937 grammaticum

465 2966 583 3008 non
629 2941 950 3008 intellexit'
998 2947 1122 3007 Ska
1163 2948 1196 3007 Ι
1238 2949 1336 3007 16.

645 3039 852 3112 71,18
900 3031 1138 3100 ἔξωθέν
1184 3053 1329 3099 τινα
1371 3032 1606 3113 φωνήν
1651 3036 1774 3096 soil.
1820 3032 2086 3111 ἤκουςα;
2135 3034 2211 3094 ad
2261 3038 2317 3111 7,
2341 3037 2440 3095 28.

639 3121 994 3188 Ἑαυτούς
1048 3122 1344 3188 ἑαυτῶν
1389 3124 1538 3186 κτλ.
1592 3125 1865 3199 pluralia
1928 3127 2232 3200 quaeritur
2292 3129 2514 3185 rectene
2576 3143 2617 3184 a
2678 3128 3085 3202 sinytdaribus

464 3215 835 3284 declinatam,
881 3233 1013 3276 cwm
1044 3218 1250 3292 prima
1278 3220 1331 3276 et
1353 3216 1612 3277 secunda
1645 3215 1935 3275 sirnibibus
1969 3216 2177 3288 formis
2213 3219 2464 3274 careant.
2548 3216 2634 3274 Et
2666 3214 3087 3278 Aristarchum

464 3306 695 3379 quidem
754 3306 979 3378 foma-s
1036 3305 1201 3376 illas,
1265 3305 1510 3365 Homeri
1559 3307 1759 3364 nisum
1811 3307 2175 3373 auctoritate,
2235 3306 2568 3379 vituperare
2615 3308 2873 3366 tradam.
2967 3305 3085 3368 Oui

461 3396 549 3454 ita
600 3396 991 3455 adversantur
1040 3399 1109 3455 ut
1159 3396 1385 3456 dicant:
1447 3390 1540 3469 ἀ)
1585 3395 1812 3454 Eodem
1863 3395 2034 3454 modo
2079 3412 2109 3453 c
2153 3395 2479 3468 compositis
2521 3395 2951 3471 ewulm-ibus,
3017 3401 3087 3457 ut

466 3479 900 3556 ἑνδέκατος,
946 3486 1100 3557 fiunt
1132 3484 1420 3561 pluralia,
1465 3487 1534 3543 ut
1576 3479 1994 3545 ἑνδέκατοι.
2087 3482 2148 3557 b)
2200 3482 2449 3543 Ormino
2485 3501 2635 3558 quac
2669 3489 2809 3545 sunt
2841 3487 3085 3561 reyulac

462 3576 529 3632 in
561 3575 768 3649 prima
809 3576 1133 3635 secundave
1165 3591 1344 3649 pers„
1390 3575 1471 3633 ad
1512 3574 1743 3633 casdem
1777 3576 1948 3633 tertia
1981 3588 2102 3633 mm
2137 3567 2452 3648 diriyibur’.
2497 3606 2574 3615 —
2624 3571 2710 3633 At
2734 3572 3083 3636 Aristarcho

463 3665 894 3724 assentiendmn
929 3668 1024 3724 est.
1097 3663 1260 3723 Nam
1295 3655 1401 3745 (ad
1435 3653 1504 3744 b)
1541 3662 1821 3737 pluribus
1858 3662 2129 3737 exemptis
2161 3679 2373 3721 norma
2408 3665 2747 3740 continetur,
2782 3666 2866 3724 ad
2902 3682 3082 3739 quam

455 3755 749 3827 pauciora
781 3754 1091 3829 diriqenda
1124 3757 1275 3814 sunt.
1311 3785 1385 3795 —
1427 3751 1522 3811 Ad
1552 3744 1634 3834 a).
1708 3753 1791 3811 In
1823 3752 1917 3811 his
1954 3747 2352 3812 ἑνδέκατοι
2401 3746 2893 3828 ἀνδροφόνοι
2929 3756 3085 3814 duae

456 3843 3082 3919 personacsunt:isqwinccawetisqudnccat;isquidccinmsestctisqui

465 3933 752 3993 decim
795 3934 1033 4008 emim,-
1077 3949 1331 4008 quarum
1362 3946 1759 4007 personarum
1801 3931 1991 3991 altera
2030 3932 2317 3990 commode
2350 3933 2418 3990 in
2442 3932 2742 4006 pluralem
2776 3950 3087 3993 numerum

467 4024 722 4083 transire
763 4025 981 4098 potest:
1039 4024 1107 4087 in
1169 4015 1448 4083 ἑαυτοῦ
1501 4038 1628 4081 una
1684 4024 1767 4080 est
1807 4036 2084 4095 persona.
2179 4020 2374 4097 Quare
2417 4038 2539 4080 non
2580 4023 2709 4082 sine
2749 4024 2978 4083 racione
3019 4026 3088 4083 in

455 4115 660 4186 prima
722 4113 1088 4186 secundaque
1138 4126 1399 4187 persona
1461 4110 1606 4171 tales
1664 4112 1892 4184 formae
1954 4110 2156 4186 quales
2211 4114 2350 4170 sunt
2407 4103 2734 4172 ἑαυτούς
2788 4107 3086 4173 ἑαυτῶν

464 4217 816 4277 mammeae
865 4205 1006 4261 sum
1050 4201 1579 4277 71,2o-72,31.
1673 4198 1760 4259 cf.
1803 4218 1970 4278 pron.
2013 4201 2552 4276 78,14-80,23;
2616 4203 2770 4277 synt„
2816 4203 2962 4277 139,
2985 4204 3083 4261 24.

472 4292 615 4368 180,
638 4292 723 4351 20
751 4282 911 4373 μμ)
1001 4290 1187 4351 Lem
1232 4311 1289 4368 q.
1328 4310 1374 4351 ε.
1419 4292 1561 4349 114.

646 4496 696 4569 ἦ
742 4511 889 4566 quae
926 4499 1070 4566 synt.
1113 4501 1426 4566 185,9-11
1466 4494 1755 4566 leguntur,
1803 4498 1906 4551 aut
1949 4495 2031 4551 sic
2076 4495 2393 4567 supplenda
2437 4498 2571 4552 sunt
2603 4499 2672 4568 (v.
2711 4496 2750 4552 1.
2782 4501 3009 4570 11—14)
3046 4502 3085 4568 ἢ

469 4571 702 4638 πρώτου
741 4573 831 4624 καὶ
867 4571 1134 4637 δευτέρου
1172 4568 1307 4642 (καὶ
1342 4569 1550 4637 τρίτου,
1588 4571 1625 4636 ἢ
1662 4570 1894 4638 πρώτου
1932 4572 2021 4624 καὶ
2059 4568 2385 4643 δευτέρου),
2423 4572 2459 4637 ἢ
2495 4572 2726 4638 πρώτου
2755 4573 2844 4625 καὶ
2877 4571 3087 4639 τρίτου,

474 4643 509 4708 ἢ
547 4643 707 4696 δευτέ
744 4657 813 4696 ου
851 4644 940 4696 καὶ
975 4643 1183 4709 τρίτου,
1222 4642 1339 4709 aut,
1415 4639 1643 4694 uoniam
1679 4639 1739 4695 in
1767 4639 1816 4694 A
1855 4640 2075 4706 desunt,
2114 4639 2371 4695 eiciendo.
2408 4640 2502 4710 (ad
2536 4657 2693 4711 pron.
2725 4646 2809 4708 53,
2835 4644 2937 4713 10).
2988 4641 3086 4697 Vi-

474 4710 676 4765 dentur
742 4729 814 4767 uc
840 4711 1119 4767 translata
1147 4728 1268 4767 esse
1296 4728 1364 4766 ex
1417 4754 1427 4765 .
1462 4715 1689 4779 18—19,
1725 4711 1825 4765 ubi
1852 4711 2105 4781 profecto
2134 4711 2525 4782 corrigendum
2559 4715 2646 4767 est
2672 4714 2734 4769 ἐκ
2762 4716 3086 4782 ςυλλήψεως

470 4784 741 4850 γενόμενα
766 4786 997 4853 πρώτου
1044 4783 1084 4858 <
1089 4787 1178 4840 καὶ
1224 4785 1490 4852 δευτέρου
1529 4786 1618 4839 καὶ
1652 4784 1868 4853 τρίτου,
1914 4786 1951 4851 ἢ
1989 4786 2219 4852 πρώτου
2265 4787 2356 4839 καὶ
2392 4786 2684 4854 δευτέρου,
2735 4787 2772 4852 ἢ
2809 4785 3085 4859 πρώτου)

472 4857 563 4908 καὶ
596 4856 786 4923 τρίτου
823 4859 860 4924 ἢ
899 4858 1164 4925 δευτέρου
1210 4858 1300 4911 καὶ
1344 4855 1560 4923 τρίτους
1605 4857 1672 4910 τό
1718 4872 1782 4921 γε
1829 4858 1941 4923 μὴν
1984 4856 2172 4923 τρίτον
2215 4856 2543 4924 πρόςωπον,
2591 4856 2950 4924 ἀπεωςμένον
2983 4862 3088 4925 τῆς

470 4929 875 4996 προειρημένης
909 4930 1194 4997 τηρήςεως
1230 4926 1414 4998 (scrib.
1446 4928 1737 4998 χρήςεως)
1776 4929 1890 4982 κτλ.
1935 4958 1996 4966 -
2035 4926 2114 4981 Π).
2148 4930 2268 4994 186,
2288 4930 2323 4979 4
2359 4929 2448 4981 καὶ
2484 4925 2783 4981 delendum
2823 4930 2923 4984 est.

574 5023 852 5076 Apolloniu-
880 5025 1117 5079 Dytoolus.
1157 5027 1195 5068 1.
1222 5036 1277 5069 11.
2625 5021 2655 5071 7
