3738 5530
691 321 777 385 62
864 318 1307 375 Commentarius
1338 318 1563 374 criticus
1593 320 1652 373 et
1678 319 1997 388 exegeticus
2025 318 2086 373 in
2113 316 2401 387 Apollonii
2428 316 2657 386 Dyscoli
2684 319 2895 389 scripte.
2920 318 3153 374 minora..

683 494 750 550 ut
775 507 1100 565 pronomen
1133 491 1211 549 sit
1256 489 1659 564 34,19-21.
1704 520 1779 529 -
1830 485 1917 547 At
1949 487 2270 562 falluntur3
2314 505 2455 546 nam
2500 487 2568 562 a)
2586 490 3038 562 pronominibus
3063 492 3300 564 primae

674 597 969 654 personae
1024 582 1196 639 etiam
1238 580 1593 653 pronomina
1647 579 1936 637 semmdae
1992 581 2044 636 et
2088 579 2287 636 tertiae
2321 581 2561 651 praesto
2605 582 2775 650 sunt;
2839 574 2893 638 ὤ
2905 595 3029 654 μοι
3073 580 3301 653 formae

680 674 893 729 neutra
927 673 1165 744 praesto
1211 671 1294 728 est
1338 668 1740 742 34,21—22.
1779 698 1867 708 -
1915 667 1975 740 b)
2018 666 2086 725 St
2132 682 2607 740 uctpronomen
2644 671 2802 737 esset,
2851 663 2906 727 ὦ
2943 670 3299 743 quodprae-

683 760 833 818 cedit
876 760 1306 831 circumflexum
1348 760 1636 816 servasset
1681 757 1785 831 34,
1808 757 2087 816 23—25.
2141 787 2216 797 -
2268 756 2324 830 c)
2371 756 2510 815 Non
2554 774 2594 815 a
2628 759 3078 831 pronominibus
3122 760 3300 818 verba

683 849 1045 917 derivantur,
1091 848 1193 908 sed
1227 847 1303 908 ab
1339 847 1667 918 adverbiis;
1711 848 1812 921 qui
1838 849 2031 920 potest
2074 839 2427 918 οἰμώζειν
2474 863 2515 904 a
2538 849 2887 920 pronomine
2921 848 3300 907 descendere?

683 935 954 1012 Apparet
1012 937 1163 996 ilbud
1223 937 1567 996 adverbium
1630 953 1750 995 csse
1815 936 2243 1009 34,25-27.
2365 933 2450 994 Of.
2517 935 2649 995 adv.
2701 937 2847 1010 126,
2869 938 3300 1013 28-128,9;

686 1028 1053 1102 125,4—5;
1098 1025 1215 1084 EM
1262 1026 1409 1100 822,
1431 1026 1544 1100 333
1588 1025 1766 1085 schol.
1813 1024 1994 1084 Marc.
2044 1024 2120 1084 ad
2165 1024 2222 1082 A
2262 1025 2406 1083 149.

861 1117 965 1190 34,
986 1118 1069 1176 20
1124 1109 1205 1194 <ἣ
1262 1109 1476 1194 οἴμοι>
1531 1113 1864 1174 addendum
1921 1116 2038 1188 eet,
2094 1116 2163 1172 ut
2218 1112 2458 1173 additur
2517 1114 2649 1174 adv.
2701 1117 2846 1190 126,
2868 1117 2950 1174 28
3001 1110 3096 1176 Οὔ
3143 1132 3296 1191 φαςι

680 1202 756 1265 τὸ
805 1199 1010 1280 οἴμοι
1055 1200 1095 1278 ἢ
1143 1198 1304 1278 ὤμοι
1351 1200 1424 1264 ἓν
1472 1197 1632 1264 εἶναι
1680 1203 1836 1274 κτλ.;
1883 1206 2194 1281 praeterea.
2237 1203 2277 1261 l.
2319 1204 2399 1262 26
2450 1202 2524 1262 ab
2571 1198 2865 1279 οἰμώζειν
2901 1204 3082 1265 verbo
3119 1223 3295 1284 ergu-

687 1297 956 1354 mentum
1008 1295 1236 1372 petitur
1249 1338 1265 1369 ,
1330 1293 1489 1369 quod
1543 1293 1672 1352 fieri
1725 1313 1845 1353 non
1900 1296 2127 1370 posset,
2190 1295 2242 1351 si
2296 1286 2467 1366 οἴμοι
2523 1293 2745 1352 formae
2790 1296 3013 1354 mentio
3060 1297 3299 1358 omnino

677 1402 796 1444 non
851 1385 1005 1444 esset
1056 1385 1289 1442 iniecta..
1404 1381 1675 1443 Ceterum
1730 1381 1752 1442 ῐ
1805 1385 1989 1442 etiam
2042 1384 2105 1441 in
2169 1381 2415 1442 Homeri
2473 1382 2770 1443 codicibus
2827 1402 2881 1444 ω
2937 1384 3173 1444 litterae
3226 1386 3291 1444 in

680 1468 842 1549 ὤμοι
889 1473 1163 1548 adicitur,
1210 1491 1331 1549 qua
1375 1472 1448 1532 de
1492 1491 1556 1532 re
1593 1474 1718 1550 egit
1743 1470 1833 1532 La
1850 1471 2050 1532 Roche
2087 1474 2150 1530 in
2178 1471 2329 1530 Ann
2361 1470 2572 1548 Gymn.
2600 1473 2802 1533 Austr.
2839 1474 3008 1533 1865
3046 1494 3104 1550 p.
3138 1475 3293 1550 1033

680 1579 759 1623 ωι
804 1582 914 1640 pro
959 1557 1014 1622 ὦ
1059 1564 1123 1621 in
1167 1562 1223 1622 A
1269 1564 1360 1622 est
1402 1580 1570 1639 pron.
1620 1563 1827 1637 57,18
1877 1554 2191 1644 (omissum
2237 1563 2300 1619 in
2346 1560 2535 1621 Discr.
2584 1554 2845 1645 Βοιίρίῑη)
2892 1561 3003 1623 ςῶι
3049 1583 3158 1640 pro
3206 1563 3294 1623 ςῶ

681 1652 760 1711 ib.
812 1654 958 1728 109,
978 1654 1048 1727 43
1094 1667 1278 1726 ωιμοι
1327 1651 1458 1711 adv.
1511 1653 1658 1726 127,
1680 1653 1778 1711 27.

859 1743 963 1816 34,
986 1743 1064 1800 21
1115 1738 1219 1800 καὶ
1247 1736 1325 1801 οὐ
1356 1735 1551 1819 ῥῆμα]
1600 1757 1651 1801 κ.
1691 1737 1808 1801 οὐκ
1845 1736 2163 1816 ἐπίρρημα
2190 1739 2470 1818 Egenolff
2508 1740 2539 1799 I
2576 1741 2724 1814 840,
2770 1741 2839 1800 cl.
2880 1741 3012 1803 adv.
3057 1743 3180 1802 126
3209 1760 3294 1818 sq.

683 1831 902 1891 Fateor
946 1851 1040 1890 me
1085 1849 1207 1890 non
1251 1829 1624 1908 intellegere,
1687 1830 1833 1906 quid
1880 1825 2196 1905 ἐπίρρημα
2241 1830 2298 1889 h.
2337 1830 2375 1889 l.
2424 1829 2537 1889 sibi
2582 1830 2756 1906 velit3
2815 1833 3154 1891 statuerunt
3207 1833 3299 1891 illi

683 1920 992 1994 dilemma,
1056 1922 1163 1979 aut
1216 1938 1539 1996 pronomen
1594 1938 1719 1980 esse
1775 1914 1937 1995 ὤμοι
1999 1922 2106 1979 aut
2157 1918 2432 1995 verbum3
2496 1921 2665 1996 atqui
2718 1919 2963 1980 verbum
3009 1939 3134 1982 esse
3177 1940 3299 1982 non

681 2027 879 2086 posse3
925 2028 1065 2087 ergo
1111 2027 1436 2086 pronomen
1483 2027 1623 2069 esse.
1716 2009 1806 2068 Ex
1853 2008 2293 2086 epirrhemetici
2337 2009 2467 2069 loco
2512 2009 2665 2068 nihil
2709 2009 2914 2088 colligi
2958 2012 3173 2087 potest.

860 2100 963 2174 34,
987 2101 1063 2157 21
1126 2097 1399 2159 Profecto
1445 2100 1553 2158 eut
1598 2095 1838 2173 λήξεως
1886 2098 2300 2176 corrigendum
2346 2101 2460 2172 est,
2513 2101 2584 2157 ut
2627 2101 2881 2159 correxit
2925 2099 2966 2157 J
2968 2098 3300 2178 Guttenteg

680 2181 1032 2270 (assentitur
1068 2187 1349 2266 Egenolff
1379 2188 1410 2247 I
1444 2180 1621 2270 839),
1666 2190 1773 2248 aut
1809 2188 2092 2264 exemplis
2130 2187 2649 2264 comprobandum,
2686 2184 2856 2249 λέξιν
2893 2191 3076 2250 etiam
3113 2183 3298 2249 ‘vocis

679 2272 929 2354 sonum’,
973 2271 1349 2338 ‘Wortform'
1379 2304 1463 2326 =
1494 2274 1726 2353 φωνήν
1764 2295 1915 2353 esse3
1961 2297 2139 2353 quem
2175 2277 2252 2336 ad
2288 2276 2465 2337 finem
2501 2279 2739 2358 praeter
2771 2277 2827 2336 h.
2866 2279 2904 2337 l.
2943 2281 3166 2354 poteris
3208 2279 3296 2337 ef·

679 2368 833 2427 ferre
879 2324 1010 2427 a’dv.
1063 2369 1210 2441 147,
1233 2369 1268 2425 7
1336 2364 1453 2442 τὴν
1517 2363 1820 2441 τοιαύτην
1888 2361 2007 2428 οὖν
2063 2362 2409 2442 παράθεςιν
2466 2362 2555 2427 εἰς
2609 2363 3001 2442 κατόρθωςιν
3056 2364 3295 2430 λέξεων

682 2452 1131 2532 παραιτητέον,
1181 2412 1320 2516 ἐπεὶ
1365 2452 1580 2517 πολλὰ
1627 2453 1782 2531 μέρη
1822 2452 2044 2528 λόγου,
2092 2451 2378 2532 διάφορα
2414 2449 2576 2516 ὄντα
2621 2448 2725 2539 (sc.
2765 2476 2993 2535 genere,
3038 2459 3295 2531 notione,

679 2537 985 2627 merismo)
1025 2541 1148 2607 ἔςθ’
1188 2541 1299 2606 ὅτε
1335 2545 1472 2606 ταῖς
1511 2542 1751 2607 λέξεςι
1782 2541 2274 2625 ςυνῳκείωνταιε
2312 2545 2418 2604 ubi
2441 2565 2517 2604 ne
2554 2548 2775 2623 poteris
2813 2546 3054 2622 quidem
3091 2542 3296 2621 λήξεςι

681 2636 960 2711 scribere,
1022 2654 1164 2694 nam
1207 2635 1290 2695 de
1334 2637 1570 2714 integre.
1613 2635 1807 2695 forme.
1853 2652 2044 2694 sermo
2091 2638 2207 2709 est,
2265 2653 2385 2694 non
2431 2635 2502 2695 de
2548 2637 2993 2711 terminatione,
3056 2639 3118 2697 et
3163 2636 3294 2696 adv.

685 2726 934 2802 163,17
984 2721 1055 2786 ἐν
1111 2721 1465 2787 διαλέκτοις
1519 2721 1596 2786 τὸ
1653 2721 1877 2800 χαρίης
1929 2720 2033 2785 καὶ
2093 2719 2173 2785 τὰ
2219 2722 2486 2785 τοιαῦτα
2531 2720 2611 2786 οὐ
2656 2724 2733 2805 τῇ
2782 2721 2982 2789 λέξει
3028 2724 3159 2786 τῶν
3206 2720 3296 2786 εἰς

679 2814 753 2890 ἧς
799 2812 1133 2890 ληγόντων
1179 2810 1628 2890 ἠκολούθηςεν,
1676 2816 1752 2895 τῇ
1800 2812 1873 2875 δὲ
1919 2809 2329 2895 πρωτοτύπῳ
2374 2815 2702 2894 προφορᾷ.

860 2906 964 2979 34,
987 2906 1067 2963 25
1136 2898 1244 2964 ἀπ’
1310 2899 1730 2980 ἀντωνυμιῶν
1794 2898 2046 2979 ῥήματα
2110 2900 2188 2965 οὐ
2254 2898 2637 2983 παράγεται]
2703 2905 2775 2964 cf.
2842 2924 3009 2981 pron.
3063 2907 3207 2981 110,
3230 2906 3297 2980 2;

681 2993 812 3053 adv
865 2994 1013 3067 128,
1033 2995 1101 3069 3,
1146 2997 1301 3070 synt.
1355 2995 1500 3068 191,
1523 2995 1578 3052 6.

864 3085 966 3158 34,
988 3085 1069 3142 27
1120 3078 1344 3162 λιάζω]
1412 3039 1571 3143 ‘N’on
1631 3083 1802 3143 video
1848 3082 1994 3160 quid
2040 3101 2175 3143 cum
2221 3078 2364 3143 λίαν
2410 3083 2819 3143 similitudinis
2864 3077 3104 3144 hebeat'
3151 3081 3295 3143 Lob.

680 3172 881 3233 Rhem.
933 3128 1088 3248 216,
1134 3173 1206 3231 cf.
1254 3172 1432 3232 schol.
1480 3173 1724 3250 Dionys
1772 3192 1827 3249 p.
1867 3174 2017 3246 402,
2041 3175 2116 3231 11
2160 3171 2320 3250 Hilg.
2396 3172 2726 3233 Buttmann
2772 3171 2956 3232 Lexil.
3003 3172 3035 3231 I
3074 3175 3173 3232 72.

859 3260 976 3322 Sed
1020 3266 1273 3337 opponat
1315 3263 1566 3336 fortasse
1610 3264 1930 3336 quispiam,
1976 3278 2096 3321 non
2141 3280 2272 3322 oum
2315 3265 2473 3322 omni
2507 3279 2768 3337 persona
2810 3263 2962 3323 ilbud
3006 3264 3296 3337 coniwnqi,

678 3355 746 3410 ut
798 3354 983 3412 cetera
1038 3352 1334 3412 adverbia.
1431 3350 1618 3412 C'wius
1672 3354 1757 3412 rei
1807 3352 1950 3411 haec
2005 3355 2088 3411 est
2138 3354 2319 3411 ratio:
2382 3352 2664 3411 adverbia
2725 3369 2875 3427 quae
2937 3352 3298 3412 lamentandi

680 3457 864 3501 causa
905 3442 1322 3516 proferuntur,
1386 3459 1518 3502 cum
1561 3443 1636 3501 ab
1684 3458 1748 3500 eo
1791 3443 1919 3516 ipso
1966 3442 2299 3501 mittantur
2343 3443 2445 3515 qui
2478 3444 2735 3514 patim,
2799 3443 3125 3502 necessario
3172 3442 3297 3501 eius

680 3533 861 3591 mnus
906 3535 1044 3591 sunt
1075 3548 1368 3605 personae
1411 3548 1562 3606 quae
1605 3532 1782 3590 verba
1825 3531 1972 3603 facit
2015 3522 2081 3613 (i.
2121 3550 2167 3588 e.
2207 3522 2463 3612 primae)
2515 3532 2617 3604 34,
2639 3531 2918 3604 28—35‚
2941 3533 2995 3591 5.

861 3621 966 3696 35,
989 3623 1022 3679 1
1092 3620 1208 3680 τοῦ
1264 3615 1775 3694 ὑποκρινομένου
1832 3615 2212 3699 προςώπου]
2280 3620 2351 3679 cf.
2401 3619 2533 3679 adv.
2586 3622 2732 3693 127,
2755 3623 2833 3679 12
2883 3616 3164 3682 καθόλου
3210 3615 3292 3679 τὰ

679 3709 948 3770 τοιαῦτα
1000 3709 1133 3770 τῶν
1189 3704 1710 3785 ἐπιφθεγμάτων,
1776 3705 1841 3769 ἐξ
1899 3705 2328 3770 αὐτοπαθείας
2389 3703 2918 3784 ἀναπεμπόμενα,
2983 3706 3100 3784 τὴν
3146 3706 3293 3783 περὶ

677 3796 812 3860 τὸν
860 3796 1188 3870 λέγοντα
1235 3795 1437 3873 μόνον
1486 3798 1687 3859 πεῖςιν
1734 3793 2108 3875 ἀφηγεῑται,
2154 3795 2257 3859 καὶ
2304 3793 2489 3859 ἔνθεν
2537 3794 2653 3859 οὐκ
2701 3794 3103 3860 ἐπικοινωνεῖ
3147 3798 3288 3858 δευ-

677 3885 886 3964 τέροις
933 3905 1035 3949 και
1081 3885 1330 3964 τρίτοις.
1425 3887 1616 3949 Schol.
1665 3888 1911 3964 Dionys.
1954 3890 2100 3963 100,
2124 3890 2289 3947 11—
2301 3889 2399 3947 15.
2449 3889 2597 3962 431,
2619 3890 2700 3947 22
2732 3906 2817 3964 sq.
2866 3887 3025 3967 Hilg.

854 3978 933 4038 B.
1007 3979 1101 4037 De
1147 3979 1474 4038 accentibus
1521 3982 1574 4037 et
1615 3978 1822 4050 formis
1847 3980 2266 4052 pronominum
2311 3973 2511 4054 (περὶ
2556 3977 2690 4038 τοῦ
2740 3974 3117 4097 ςχήματος
3161 3975 3291 4050 τῆς

680 4064 972 4144 φωνῆς)
1023 4069 1125 4143 35,
1148 4069 1271 4127 6·-
1284 4068 1549 4142 113,16.

855 4159 909 4218 Ῑ.
983 4157 1079 4217 De
1123 4158 1452 4218 accentibus
1487 4160 1906 4232 pronominum
1951 4158 2056 4232 35,
2078 4159 2200 4216 6-
2210 4158 2316 4230 49,
2339 4158 2373 4214 7

857 4247 1160 4322 Quaedam
1210 4249 1569 4321 pronomina
1613 4251 1763 4307 recto
1809 4252 2000 4307 tenore
2034 4248 2448 4321 proferuntur,
2502 4249 2544 4305 i.
2583 4263 2627 4305 e.
2673 4247 3006 4307 naturalem
3060 4250 3298 4306 servant

677 4341 1001 4406 accentum,
1061 4338 1351 4411 quaedam
1403 4337 1779 4397 inclinantur.
1872 4338 2263 4396 Posteriorum
2315 4337 2464 4408 fines
2523 4339 2629 4394 aut
2679 4352 2744 4395 re
2796 4353 2937 4396 vera
2982 4339 3295 4404 acuuntur,

677 4430 808 4496 aut,
872 4430 940 4487 ut
993 4443 1190 4486 eorum
1243 4444 1393 4501 quae
1437 4428 1979 4499 circumflectuntur,
2028 4429 2342 4500 potestate;
2405 4427 2808 4498 circumflexus
2854 4428 3008 4486 enim
3052 4427 3300 4487 contenet

677 4520 930 4576 acutum.
1003 4516 1126 4575 Hic
1170 4520 1437 4576 accentus
1471 4518 1712 4576 ultimae
1758 4517 2148 4575 encliticorwm
2182 4517 2489 4589 impositus
2524 4519 2644 4584 ant,
2690 4517 2746 4575 si
2780 4531 2893 4576 vox
2928 4519 3013 4576 est
3046 4518 3299 4590 quatuor

676 4622 994 4675 morarum,
1040 4608 1106 4664 in
1122 4607 1385 4679 priorem
1411 4607 1699 4679 syllabam
1725 4606 1939 4664 recedit
1982 4597 2191 4685 (ἡμῶν
2227 4636 2316 4646 -
2351 4599 2580 4680 ἤμων),
2627 4608 2749 4673 aut,
2796 4607 2851 4664 si
2884 4607 3082 4665 minus
3117 4621 3297 4679 quam

677 4699 929 4768 quatuor
980 4712 1178 4755 moras
1230 4696 1422 4764 habet,
1490 4696 1881 4755 terminationi
1925 4695 2307 4754 antecedentis
2352 4694 2618 4753 vocabuli
2660 4696 2995 4769 inqponitw,
3032 4698 3299 4768 praeter-

677 4802 857 4857 quam
897 4786 1002 4845 ubi
1038 4786 1162 4845 eius
1197 4787 1352 4845 vocis
1380 4801 1528 4859 quae
1543 4785 1845 4858 praecedit
1871 4787 2139 4844 accentus
2164 4784 2419 4857 inpedit,
2446 4801 2521 4842 ne
2545 4784 2882 4857 imponatur
2929 4784 3032 4859 35,
3053 4784 3176 4842 6-
3187 4786 3291 4843 14.

678 4871 764 4932 Cf.
812 4873 994 4934 Prisc.
1041 4873 1188 4932 XIII
1228 4876 1307 4934 21
1357 4893 1414 4950 p.
1458 4877 1558 4949 14,
1581 4876 1702 4932 7—-
1715 4875 1794 4933 14
1844 4866 1936 4956 (in
1980 4872 2073 4932 his
2109 4872 2222 4949 Ap.
2271 4891 2308 4932 e.
2344 4872 2522 4932 Prisc
2560 4872 2717 4932 male
2752 4872 3124 4934 intellectum
3159 4891 3289 4933 esse

680 4965 884 5023 monet
929 4963 1139 5022 Matth.
1186 4963 1249 5021 II
1289 4954 1474 5043 604),
1519 4962 1628 5023 AG
1668 4965 1815 5038 690,
1838 4964 1936 5021 28.
