<?xml version="1.0" encoding="UTF-8"?>
<!DOCTYPE html PUBLIC "-//W3C//DTD XHTML 1.0 Transitional//EN"
    "http://www.w3.org/TR/xhtml1/DTD/xhtml1-transitional.dtd">
<html xmlns="http://www.w3.org/1999/xhtml" xml:lang="en" lang="en">
 <head>
  <title>
</title>
<meta http-equiv="Content-Type" content="text/html;charset=utf-8" />
  <meta name='ocr-system' content='tesseract 3.04.00' />
  <meta name='ocr-capabilities' content='ocr_page ocr_carea ocr_par ocr_line ocrx_word'/>
</head>
<body>
  <div class='ocr_page' id='page_1' title='image "./grammaticigraec00unkngoog_0046.png"; bbox 0 0 3738 5530; ppageno 0'>
   <div class='ocr_carea' id='block_1_1' title="bbox 703 358 2411 525">
    <p class='ocr_par' dir='ltr' id='par_1_1' title="bbox 703 358 2411 525">
     <span class='ocr_line' id='line_1_1' title="bbox 703 358 2354 423; baseline 0.002 -9"><span class='ocrx_word' id='word_1_1' title='bbox 703 358 786 423; x_wconf 82' lang='lat'>28</span> <span class='ocrx_word' id='word_1_2' title='bbox 1636 367 1813 416; x_wconf 81' lang='grc' dir='ltr'><strong>ΠΕΡΙ</strong></span> <span class='ocrx_word' id='word_1_3' title='bbox 1852 366 2354 418; x_wconf 76' lang='grc' dir='ltr'>ΑΝΤΩΝΤΜΙΑΣ.</span> 
     </span>
     <span class='ocr_line' id='line_1_2' title="bbox 1576 474 2411 525; baseline 0.004 -13"><span class='ocrx_word' id='word_1_4' title='bbox 1576 474 2411 525; x_wconf 72' lang='lat' dir='ltr'><strong>p.34(294)08—36(296)o4b</strong></span> 
     </span>
    </p>
   </div>
   <div class='ocr_carea' id='block_1_2' title="bbox 598 566 3460 2483">
    <p class='ocr_par' dir='ltr' id='par_1_2' title="bbox 695 566 3287 956">
     <span class='ocr_line' id='line_1_3' title="bbox 697 566 3286 654; baseline 0.003 -24"><span class='ocrx_word' id='word_1_5' title='bbox 697 569 918 647; x_wconf 85' lang='grc' dir='ltr'>μέγα,</span> <span class='ocrx_word' id='word_1_6' title='bbox 978 566 1297 646; x_wconf 87' lang='grc' dir='ltr'>εὔχαρις</span> <span class='ocrx_word' id='word_1_7' title='bbox 1353 568 1664 649; x_wconf 85' lang='grc' dir='ltr'>εὔχαρι·</span> <span class='ocrx_word' id='word_1_8' title='bbox 1721 574 2022 634; x_wconf 82' lang='grc' dir='ltr'>τοιοῦτον</span> <span class='ocrx_word' id='word_1_9' title='bbox 2080 570 2200 634; x_wconf 88' lang='grc' dir='ltr'>οὖν</span> <span class='ocrx_word' id='word_1_10' title='bbox 2245 571 2347 634; x_wconf 89' lang='grc' dir='ltr'>καὶ</span> <span class='ocrx_word' id='word_1_11' title='bbox 2391 572 2469 635; x_wconf 92' lang='grc' dir='ltr'>τὸ</span> <span class='ocrx_word' id='word_1_12' title='bbox 2512 570 2588 633; x_wconf 91' lang='grc' dir='ltr'>τί.</span> <span class='ocrx_word' id='word_1_13' title='bbox 2650 610 2724 619; x_wconf 88' lang='grc'><strong>-</strong></span> <span class='ocrx_word' id='word_1_14' title='bbox 2783 571 2856 636; x_wconf 84' lang='grc' dir='ltr'>Αἱ</span> <span class='ocrx_word' id='word_1_15' title='bbox 2900 571 3286 654; x_wconf 87' lang='grc' dir='ltr'>ἀντωνυμίαι</span> 
     </span>
     <span class='ocr_line' id='line_1_4' title="bbox 698 667 3285 756; baseline 0.003 -25"><span class='ocrx_word' id='word_1_16' title='bbox 698 669 849 752; x_wconf 88' lang='grc' dir='ltr'>&lt;αί&gt;</span> <span class='ocrx_word' id='word_1_17' title='bbox 893 667 1442 749; x_wconf 88' lang='grc' dir='ltr'>ὀρθοτονούμεναι</span> <span class='ocrx_word' id='word_1_18' title='bbox 1486 672 1586 735; x_wconf 88' lang='grc' dir='ltr'>καὶ</span> <span class='ocrx_word' id='word_1_19' title='bbox 1632 671 2072 750; x_wconf 85' lang='grc' dir='ltr'>ἐγκλινόμεναι</span> <span class='ocrx_word' id='word_1_20' title='bbox 2131 672 2652 756; x_wconf 87' lang='grc' dir='ltr'>&lt;ἐγκλινόμεναι&gt;</span> <span class='ocrx_word' id='word_1_21' title='bbox 2697 672 2858 738; x_wconf 89' lang='grc' dir='ltr'>αὐτὸ</span> <span class='ocrx_word' id='word_1_22' title='bbox 2903 675 3107 753; x_wconf 91' lang='grc' dir='ltr'>μόνον</span> <span class='ocrx_word' id='word_1_23' title='bbox 3154 680 3285 740; x_wconf 85' lang='grc' dir='ltr'>δια-</span> 
     </span>
     <span class='ocr_line' id='line_1_5' title="bbox 698 771 3287 857; baseline 0.002 -22"><span class='ocrx_word' id='word_1_24' title='bbox 698 771 980 849; x_wconf 90' lang='grc' dir='ltr'>κρίνουςι</span> <span class='ocrx_word' id='word_1_25' title='bbox 1021 771 1101 835; x_wconf 88' lang='grc' dir='ltr'>τὰ</span> <span class='ocrx_word' id='word_1_26' title='bbox 1143 771 1483 849; x_wconf 88' lang='grc' dir='ltr'>πρόςωπα,</span> <span class='ocrx_word' id='word_1_27' title='bbox 1531 772 1686 856; x_wconf 86' lang='grc' dir='ltr'>[καὶ]</span> <span class='ocrx_word' id='word_1_28' title='bbox 1732 772 2281 851; x_wconf 87' lang='grc' dir='ltr'>ὀρθοτονούμεναι</span> <span class='ocrx_word' id='word_1_29' title='bbox 2324 775 2798 854; x_wconf 80' lang='grc' dir='ltr'>(διαςτέλλουςι</span> <span class='ocrx_word' id='word_1_30' title='bbox 2830 775 2972 857; x_wconf 84' lang='grc' dir='ltr'>καὶ&gt;</span> <span class='ocrx_word' id='word_1_31' title='bbox 3014 776 3287 841; x_wconf 87' lang='grc' dir='ltr'>ἀντανα-</span> 
     </span>
     <span class='ocr_line' id='line_1_6' title="bbox 695 873 3285 956; baseline 0.002 -19"><span class='ocrx_word' id='word_1_32' title='bbox 695 876 1002 938; x_wconf 85' lang='grc' dir='ltr'>κλῶνται·</span> <span class='ocrx_word' id='word_1_33' title='bbox 1047 878 1139 956; x_wconf 84' lang='grc' dir='ltr'>τῷ</span> <span class='ocrx_word' id='word_1_34' title='bbox 1185 873 1256 937; x_wconf 82' lang='grc' dir='ltr'>δὲ</span> <span class='ocrx_word' id='word_1_35' title='bbox 1299 874 1390 939; x_wconf 93' lang='grc' dir='ltr'>τίς</span> <span class='ocrx_word' id='word_1_36' title='bbox 1435 873 1515 938; x_wconf 92' lang='grc' dir='ltr'>οὐ</span> <span class='ocrx_word' id='word_1_37' title='bbox 1556 876 1796 939; x_wconf 88' lang='grc' dir='ltr'>ταύτὸν</span> <span class='ocrx_word' id='word_1_38' title='bbox 1841 875 2332 952; x_wconf 87' lang='grc' dir='ltr'>παρηκολούθει.</span> <span class='ocrx_word' id='word_1_39' title='bbox 2422 875 2501 940; x_wconf 93' lang='grc' dir='ltr'>οὐ</span> <span class='ocrx_word' id='word_1_40' title='bbox 2545 878 2671 956; x_wconf 87' lang='grc' dir='ltr'>γὰρ</span> <span class='ocrx_word' id='word_1_41' title='bbox 2718 877 2905 942; x_wconf 87' lang='grc' dir='ltr'>ἕνεκα</span> <span class='ocrx_word' id='word_1_42' title='bbox 2949 881 3285 955; x_wconf 83' lang='grc' dir='ltr'>διαςτολῆς</span> 
     </span>
    </p>

    <p class='ocr_par' dir='ltr' id='par_1_3' title="bbox 629 973 3460 1462">
     <span class='ocr_line' id='line_1_7' title="bbox 629 973 3284 1056; baseline 0.002 -17"><span class='ocrx_word' id='word_1_43' title='bbox 629 994 660 1039; x_wconf 75' lang='grc' dir='ltr'>ο</span> <span class='ocrx_word' id='word_1_44' title='bbox 699 976 775 1039; x_wconf 88' lang='grc' dir='ltr'>τὸ</span> <span class='ocrx_word' id='word_1_45' title='bbox 820 974 911 1039; x_wconf 90' lang='grc' dir='ltr'>τίς</span> <span class='ocrx_word' id='word_1_46' title='bbox 955 973 1276 1045; x_wconf 84' lang='grc' dir='ltr'>ὀξύνεται,</span> <span class='ocrx_word' id='word_1_47' title='bbox 1334 974 1476 1039; x_wconf 77' lang='grc' dir='ltr'>ἀλλ’</span> <span class='ocrx_word' id='word_1_48' title='bbox 1520 977 1709 1041; x_wconf 83' lang='grc' dir='ltr'>ἕνεκα</span> <span class='ocrx_word' id='word_1_49' title='bbox 1752 977 2057 1041; x_wconf 91' lang='grc' dir='ltr'>πεύςεως.</span> <span class='ocrx_word' id='word_1_50' title='bbox 2103 1013 2182 1023; x_wconf 83' lang='lat'>-—</span> <span class='ocrx_word' id='word_1_51' title='bbox 2230 976 2336 1055; x_wconf 83' lang='grc' dir='ltr'>Τῷ</span> <span class='ocrx_word' id='word_1_52' title='bbox 2392 977 2486 1042; x_wconf 97' lang='grc' dir='ltr'>τίς</span> <span class='ocrx_word' id='word_1_53' title='bbox 2539 980 2614 1042; x_wconf 88' lang='grc' dir='ltr'>τὸ</span> <span class='ocrx_word' id='word_1_54' title='bbox 2660 979 2788 1054; x_wconf 86' lang='grc' dir='ltr'>ἐγώ</span> <span class='ocrx_word' id='word_1_55' title='bbox 2834 978 3284 1056; x_wconf 87' lang='grc' dir='ltr'>ἀνθυπάγεται,</span> 
     </span>
     <span class='ocr_line' id='line_1_8' title="bbox 693 1076 3460 1157; baseline 0.003 -17"><span class='ocrx_word' id='word_1_56' title='bbox 693 1077 859 1141; x_wconf 87' lang='grc' dir='ltr'>ἀλλὰ</span> <span class='ocrx_word' id='word_1_57' title='bbox 925 1077 1025 1140; x_wconf 88' lang='grc' dir='ltr'>καὶ</span> <span class='ocrx_word' id='word_1_58' title='bbox 1097 1076 1173 1139; x_wconf 92' lang='grc' dir='ltr'>τὸ</span> <span class='ocrx_word' id='word_1_59' title='bbox 1244 1076 1681 1156; x_wconf 84' lang='grc' dir='ltr'>Ἀρίςταρχος,</span> <span class='ocrx_word' id='word_1_60' title='bbox 1749 1078 1916 1142; x_wconf 86' lang='grc' dir='ltr'>ἄλλα</span> <span class='ocrx_word' id='word_1_61' title='bbox 1982 1078 2169 1157; x_wconf 91' lang='grc' dir='ltr'>μυρία</span> <span class='ocrx_word' id='word_1_62' title='bbox 2234 1079 2602 1156; x_wconf 85' lang='grc' dir='ltr'>προςώπων</span> <span class='ocrx_word' id='word_1_63' title='bbox 2682 1081 2968 1145; x_wconf 83' lang='grc' dir='ltr'>δεικτικά.</span> <span class='ocrx_word' id='word_1_64' title='bbox 3077 1081 3155 1145; x_wconf 87' lang='grc' dir='ltr'>τὰ</span> <span class='ocrx_word' id='word_1_65' title='bbox 3212 1083 3282 1146; x_wconf 78' lang='grc' dir='ltr'>δὲ</span> <span class='ocrx_word' id='word_1_66' title='bbox 3319 1096 3460 1147; x_wconf 79' lang='lat' dir='ltr'>35A</span> 
     </span>
     <span class='ocr_line' id='line_1_9' title="bbox 693 1178 3283 1265; baseline 0.002 -23"><span class='ocrx_word' id='word_1_67' title='bbox 693 1178 982 1257; x_wconf 91' lang='grc' dir='ltr'>πύςματα</span> <span class='ocrx_word' id='word_1_68' title='bbox 1037 1179 1196 1244; x_wconf 88' lang='grc' dir='ltr'>κατὰ</span> <span class='ocrx_word' id='word_1_69' title='bbox 1252 1180 1642 1262; x_wconf 83' lang='grc' dir='ltr'>ποςότητος,</span> <span class='ocrx_word' id='word_1_70' title='bbox 1703 1180 1793 1244; x_wconf 86' lang='grc' dir='ltr'>ὼς</span> <span class='ocrx_word' id='word_1_71' title='bbox 1836 1181 1914 1244; x_wconf 91' lang='grc' dir='ltr'>τὸ</span> <span class='ocrx_word' id='word_1_72' title='bbox 1960 1180 2188 1256; x_wconf 89' lang='grc' dir='ltr'>πόςος,</span> <span class='ocrx_word' id='word_1_73' title='bbox 2235 1181 2337 1244; x_wconf 79' lang='grc' dir='ltr'>καὶ</span> <span class='ocrx_word' id='word_1_74' title='bbox 2383 1182 2756 1265; x_wconf 82' lang='grc' dir='ltr'>ποιότητος,</span> <span class='ocrx_word' id='word_1_75' title='bbox 2816 1182 2905 1247; x_wconf 89' lang='grc' dir='ltr'>ὡς</span> <span class='ocrx_word' id='word_1_76' title='bbox 2947 1183 3024 1246; x_wconf 92' lang='grc' dir='ltr'>τὸ</span> <span class='ocrx_word' id='word_1_77' title='bbox 3068 1186 3283 1261; x_wconf 84' lang='grc' dir='ltr'>ποῖος,</span> 
     </span>
     <span class='ocr_line' id='line_1_10' title="bbox 694 1279 3284 1366; baseline 0.002 -24"><span class='ocrx_word' id='word_1_78' title='bbox 694 1280 795 1343; x_wconf 87' lang='grc' dir='ltr'>καὶ</span> <span class='ocrx_word' id='word_1_79' title='bbox 836 1279 1286 1359; x_wconf 88' lang='grc' dir='ltr'>πηλικότητος,</span> <span class='ocrx_word' id='word_1_80' title='bbox 1348 1279 1438 1345; x_wconf 83' lang='grc' dir='ltr'>ὡς</span> <span class='ocrx_word' id='word_1_81' title='bbox 1481 1281 1556 1344; x_wconf 88' lang='grc' dir='ltr'>τὸ</span> <span class='ocrx_word' id='word_1_82' title='bbox 1600 1280 1896 1358; x_wconf 89' lang='grc' dir='ltr'>πηλίκος,</span> <span class='ocrx_word' id='word_1_83' title='bbox 1954 1283 2056 1346; x_wconf 87' lang='grc' dir='ltr'>καὶ</span> <span class='ocrx_word' id='word_1_84' title='bbox 2100 1282 2244 1345; x_wconf 80' lang='grc' dir='ltr'>κατ’</span> <span class='ocrx_word' id='word_1_85' title='bbox 2298 1281 2545 1366; x_wconf 82' lang='grc' dir='ltr'>οὐςίας,</span> <span class='ocrx_word' id='word_1_86' title='bbox 2603 1282 2691 1346; x_wconf 84' lang='grc' dir='ltr'>ὡς</span> <span class='ocrx_word' id='word_1_87' title='bbox 2733 1285 2810 1348; x_wconf 84' lang='grc' dir='ltr'>τὸ</span> <span class='ocrx_word' id='word_1_88' title='bbox 2857 1283 2967 1349; x_wconf 91' lang='grc' dir='ltr'>τίς.</span> <span class='ocrx_word' id='word_1_89' title='bbox 3057 1285 3157 1347; x_wconf 83' lang='grc' dir='ltr'>καὶ</span> <span class='ocrx_word' id='word_1_90' title='bbox 3203 1284 3284 1347; x_wconf 90' lang='grc' dir='ltr'>οὐ</span> 
     </span>
     <span class='ocr_line' id='line_1_11' title="bbox 696 1380 1471 1462; baseline 0.003 -17"><span class='ocrx_word' id='word_1_91' title='bbox 696 1380 800 1445; x_wconf 84' lang='grc' dir='ltr'>διὰ</span> <span class='ocrx_word' id='word_1_92' title='bbox 843 1384 1042 1446; x_wconf 83' lang='grc' dir='ltr'>τοῦτο</span> <span class='ocrx_word' id='word_1_93' title='bbox 1088 1383 1471 1462; x_wconf 87' lang='grc' dir='ltr'>ἀντωνυμία.</span> 
     </span>
    </p>

    <p class='ocr_par' dir='ltr' id='par_1_4' title="bbox 598 1483 3366 1975">
     <span class='ocr_line' id='line_1_12' title="bbox 598 1483 3286 1567; baseline 0.004 -24"><span class='ocrx_word' id='word_1_94' title='bbox 598 1496 659 1544; x_wconf 86' lang='lat'>10</span> <span class='ocrx_word' id='word_1_95' title='bbox 864 1483 998 1547; x_wconf 90' lang='grc' dir='ltr'>Οὐκ</span> <span class='ocrx_word' id='word_1_96' title='bbox 1050 1484 1217 1550; x_wconf 83' lang='grc' dir='ltr'>ἔςτιν</span> <span class='ocrx_word' id='word_1_97' title='bbox 1274 1485 1551 1560; x_wconf 85' lang='grc' dir='ltr'>εὔλογον</span> <span class='ocrx_word' id='word_1_98' title='bbox 1606 1486 2114 1564; x_wconf 82' lang='grc' dir='ltr'>κατατρέχοντας</span> <span class='ocrx_word' id='word_1_99' title='bbox 2165 1487 2278 1563; x_wconf 87' lang='grc' dir='ltr'>τῆς</span> <span class='ocrx_word' id='word_1_100' title='bbox 2333 1488 2559 1564; x_wconf 85' lang='grc' dir='ltr'>φωνῆς</span> <span class='ocrx_word' id='word_1_101' title='bbox 2616 1486 2818 1564; x_wconf 87' lang='grc' dir='ltr'>φάναι</span> <span class='ocrx_word' id='word_1_102' title='bbox 2876 1486 2965 1552; x_wconf 82' lang='grc' dir='ltr'>ὡς</span> <span class='ocrx_word' id='word_1_103' title='bbox 3021 1487 3286 1567; x_wconf 85' lang='grc' dir='ltr'>οὐδεμία</span> 
     </span>
     <span class='ocr_line' id='line_1_13' title="bbox 696 1583 3284 1668; baseline 0.002 -21"><span class='ocrx_word' id='word_1_104' title='bbox 696 1583 1062 1663; x_wconf 85' lang='grc' dir='ltr'>ἀντωνυμία</span> <span class='ocrx_word' id='word_1_105' title='bbox 1118 1586 1207 1652; x_wconf 86' lang='grc' dir='ltr'>εἰς</span> <span class='ocrx_word' id='word_1_106' title='bbox 1265 1592 1319 1651; x_wconf 79' lang='grc' dir='ltr'>ι“ς“</span> <span class='ocrx_word' id='word_1_107' title='bbox 1372 1588 1411 1665; x_wconf 87' lang='grc' dir='ltr'>ἢ</span> <span class='ocrx_word' id='word_1_108' title='bbox 1471 1587 1558 1652; x_wconf 86' lang='grc' dir='ltr'>εἰς</span> <span class='ocrx_word' id='word_1_109' title='bbox 1615 1591 1729 1652; x_wconf 86' lang='grc' dir='ltr'>νος</span> <span class='ocrx_word' id='word_1_110' title='bbox 1784 1587 1823 1663; x_wconf 87' lang='grc' dir='ltr'>ἢ</span> <span class='ocrx_word' id='word_1_111' title='bbox 1885 1586 1973 1652; x_wconf 87' lang='grc' dir='ltr'>εἰς</span> <span class='ocrx_word' id='word_1_112' title='bbox 2027 1592 2111 1650; x_wconf 72' lang='grc' dir='ltr'>ν-α</span> <span class='ocrx_word' id='word_1_113' title='bbox 2156 1587 2363 1664; x_wconf 85' lang='grc' dir='ltr'>λήγει,</span> <span class='ocrx_word' id='word_1_114' title='bbox 2421 1586 2459 1663; x_wconf 90' lang='grc' dir='ltr'>ἢ</span> <span class='ocrx_word' id='word_1_115' title='bbox 2514 1590 3071 1668; x_wconf 85' lang='grc' dir='ltr'>περιςςοςυλλαβεῖ</span> <span class='ocrx_word' id='word_1_116' title='bbox 3126 1591 3284 1654; x_wconf 85' lang='grc' dir='ltr'>κατὰ</span> 
     </span>
     <span class='ocr_line' id='line_1_14' title="bbox 694 1686 3282 1769; baseline 0.002 -23"><span class='ocrx_word' id='word_1_117' title='bbox 694 1686 987 1762; x_wconf 86' lang='grc' dir='ltr'>γενικήν,</span> <span class='ocrx_word' id='word_1_118' title='bbox 1056 1688 1195 1751; x_wconf 88' lang='grc' dir='ltr'>ἐπεὶ</span> <span class='ocrx_word' id='word_1_119' title='bbox 1249 1689 1434 1753; x_wconf 80' lang='grc' dir='ltr'>ἕνεκά</span> <span class='ocrx_word' id='word_1_120' title='bbox 1489 1708 1562 1763; x_wconf 89' lang='grc' dir='ltr'>γε</span> <span class='ocrx_word' id='word_1_121' title='bbox 1617 1690 1854 1753; x_wconf 92' lang='grc' dir='ltr'>τούτου</span> <span class='ocrx_word' id='word_1_122' title='bbox 1912 1688 2176 1769; x_wconf 83' lang='grc' dir='ltr'>οὐδεμία</span> <span class='ocrx_word' id='word_1_123' title='bbox 2233 1688 2601 1769; x_wconf 88' lang='grc' dir='ltr'>ἀντωνυμία</span> <span class='ocrx_word' id='word_1_124' title='bbox 2659 1689 2746 1753; x_wconf 86' lang='grc' dir='ltr'>εἰς</span> <span class='ocrx_word' id='word_1_125' title='bbox 2805 1695 2901 1765; x_wconf 65' lang='lat' dir='ltr'>‘ssu</span> <span class='ocrx_word' id='word_1_126' title='bbox 2959 1691 2997 1767; x_wconf 88' lang='grc' dir='ltr'>ἢ</span> <span class='ocrx_word' id='word_1_127' title='bbox 3057 1689 3143 1754; x_wconf 90' lang='grc' dir='ltr'>εἰς</span> <span class='ocrx_word' id='word_1_128' title='bbox 3189 1698 3282 1754; x_wconf 79' lang='grc' dir='ltr'>ςυ.</span> 
     </span>
     <span class='ocr_line' id='line_1_15' title="bbox 699 1786 3279 1871; baseline 0.003 -23"><span class='ocrx_word' id='word_1_129' title='bbox 699 1786 802 1849; x_wconf 86' lang='grc' dir='ltr'>καὶ</span> <span class='ocrx_word' id='word_1_130' title='bbox 846 1788 1074 1865; x_wconf 83' lang='grc' dir='ltr'>ςχεδὸν</span> <span class='ocrx_word' id='word_1_131' title='bbox 1122 1789 1224 1852; x_wconf 88' lang='grc' dir='ltr'>ἐπὶ</span> <span class='ocrx_word' id='word_1_132' title='bbox 1269 1797 1490 1855; x_wconf 87' lang='grc' dir='ltr'>παςῶν</span> <span class='ocrx_word' id='word_1_133' title='bbox 1535 1792 1611 1855; x_wconf 92' lang='grc' dir='ltr'>τὸ</span> <span class='ocrx_word' id='word_1_134' title='bbox 1656 1791 1818 1855; x_wconf 90' lang='grc' dir='ltr'>αὐτὸ</span> <span class='ocrx_word' id='word_1_135' title='bbox 1862 1788 1970 1868; x_wconf 80' lang='grc' dir='ltr'>ἦν,</span> <span class='ocrx_word' id='word_1_136' title='bbox 2018 1790 2118 1853; x_wconf 88' lang='grc' dir='ltr'>καὶ</span> <span class='ocrx_word' id='word_1_137' title='bbox 2163 1790 2243 1853; x_wconf 88' lang='grc' dir='ltr'>ού</span> <span class='ocrx_word' id='word_1_138' title='bbox 2288 1791 2546 1855; x_wconf 85' lang='grc' dir='ltr'>πάντως</span> <span class='ocrx_word' id='word_1_139' title='bbox 2593 1791 2714 1854; x_wconf 90' lang='grc' dir='ltr'>οὐκ</span> <span class='ocrx_word' id='word_1_140' title='bbox 2757 1791 3167 1871; x_wconf 87' lang='grc' dir='ltr'>ἀντωνυμίαι.</span> <span class='ocrx_word' id='word_1_141' title='bbox 3209 1830 3279 1839; x_wconf 87' lang='lat'>-</span> 
     </span>
     <span class='ocr_line' id='line_1_16' title="bbox 696 1886 3366 1975; baseline 0.002 -25"><span class='ocrx_word' id='word_1_142' title='bbox 696 1886 761 1950; x_wconf 89' lang='grc' dir='ltr'>Εἰ</span> <span class='ocrx_word' id='word_1_143' title='bbox 807 1888 878 1952; x_wconf 82' lang='grc' dir='ltr'>δὲ</span> <span class='ocrx_word' id='word_1_144' title='bbox 923 1891 1075 1970; x_wconf 86' lang='grc' dir='ltr'>χρή,</span> <span class='ocrx_word' id='word_1_145' title='bbox 1132 1889 1340 1955; x_wconf 84' lang='grc' dir='ltr'>ἐκεῖνο</span> <span class='ocrx_word' id='word_1_146' title='bbox 1387 1893 1676 1968; x_wconf 84' lang='grc' dir='ltr'>λεκτέον,</span> <span class='ocrx_word' id='word_1_147' title='bbox 1736 1892 1825 1956; x_wconf 82' lang='grc' dir='ltr'>ὡς</span> <span class='ocrx_word' id='word_1_148' title='bbox 1883 1892 1946 1955; x_wconf 81' lang='grc' dir='ltr'>αἱ</span> <span class='ocrx_word' id='word_1_149' title='bbox 2001 1893 2233 1968; x_wconf 86' lang='grc' dir='ltr'>γένους</span> <span class='ocrx_word' id='word_1_150' title='bbox 2288 1894 2738 1970; x_wconf 77' lang='grc' dir='ltr'>παραςτατικαὶ</span> <span class='ocrx_word' id='word_1_151' title='bbox 2781 1894 2969 1975; x_wconf 88' lang='grc' dir='ltr'>&lt;καὶ&gt;</span> <span class='ocrx_word' id='word_1_152' title='bbox 3014 1892 3283 1959; x_wconf 85' lang='grc' dir='ltr'>ἀκοινώ·</span> <span class='ocrx_word' id='word_1_153' title='bbox 3321 1901 3366 1955; x_wconf 90' lang='grc' dir='ltr'>Β</span> 
     </span>
    </p>

    <p class='ocr_par' dir='ltr' id='par_1_5' title="bbox 601 1989 3287 2483">
     <span class='ocr_line' id='line_1_17' title="bbox 601 1989 3286 2075; baseline 0.004 -26"><span class='ocrx_word' id='word_1_154' title='bbox 601 2002 665 2050; x_wconf 82' lang='grc'>15</span> <span class='ocrx_word' id='word_1_155' title='bbox 700 2008 881 2065; x_wconf 92' lang='grc' dir='ltr'>νητοι</span> <span class='ocrx_word' id='word_1_156' title='bbox 925 1989 1014 2054; x_wconf 84' lang='grc' dir='ltr'>ὡς</span> <span class='ocrx_word' id='word_1_157' title='bbox 1060 1992 1225 2070; x_wconf 87' lang='grc' dir='ltr'>πρὸς</span> <span class='ocrx_word' id='word_1_158' title='bbox 1269 1993 1349 2057; x_wconf 89' lang='grc' dir='ltr'>τὰ</span> <span class='ocrx_word' id='word_1_159' title='bbox 1391 1994 1666 2074; x_wconf 86' lang='grc' dir='ltr'>θηλυκά,</span> <span class='ocrx_word' id='word_1_160' title='bbox 1713 1992 2025 2057; x_wconf 84' lang='grc' dir='ltr'>ἐκεῖνος</span> <span class='ocrx_word' id='word_1_161' title='bbox 2071 1993 2368 2075; x_wconf 85' lang='grc' dir='ltr'>ἐκείνη,</span> <span class='ocrx_word' id='word_1_162' title='bbox 2414 1993 2656 2057; x_wconf 90' lang='grc' dir='ltr'>αὐτός</span> <span class='ocrx_word' id='word_1_163' title='bbox 2702 1993 2935 2073; x_wconf 88' lang='grc' dir='ltr'>αὐτή·</span> <span class='ocrx_word' id='word_1_164' title='bbox 2982 2002 3120 2061; x_wconf 86' lang='grc' dir='ltr'>πῶς</span> <span class='ocrx_word' id='word_1_165' title='bbox 3167 1995 3286 2060; x_wconf 89' lang='grc' dir='ltr'>οὖν</span> 
     </span>
     <span class='ocr_line' id='line_1_18' title="bbox 697 2088 3287 2178; baseline 0.004 -26"><span class='ocrx_word' id='word_1_166' title='bbox 697 2088 734 2152; x_wconf 88' lang='grc' dir='ltr'>ὁ</span> <span class='ocrx_word' id='word_1_167' title='bbox 779 2090 868 2155; x_wconf 92' lang='grc' dir='ltr'>τίς</span> <span class='ocrx_word' id='word_1_168' title='bbox 916 2093 1017 2155; x_wconf 89' lang='grc' dir='ltr'>καὶ</span> <span class='ocrx_word' id='word_1_169' title='bbox 1061 2093 1099 2170; x_wconf 86' lang='grc' dir='ltr'>ἡ</span> <span class='ocrx_word' id='word_1_170' title='bbox 1145 2094 1264 2173; x_wconf 85' lang='grc' dir='ltr'>τίς;</span> <span class='ocrx_word' id='word_1_171' title='bbox 1314 2132 1388 2140; x_wconf 86' lang='lat'>—-</span> <span class='ocrx_word' id='word_1_172' title='bbox 1436 2096 1513 2158; x_wconf 88' lang='grc' dir='ltr'>τὸ</span> <span class='ocrx_word' id='word_1_173' title='bbox 1559 2095 1770 2158; x_wconf 85' lang='grc' dir='ltr'>οὐδείς</span> <span class='ocrx_word' id='word_1_174' title='bbox 1815 2095 2217 2159; x_wconf 89' lang='grc' dir='ltr'>ςυντὰςςεται</span> <span class='ocrx_word' id='word_1_175' title='bbox 2261 2102 2475 2178; x_wconf 79' lang='grc' dir='ltr'>γενικῇ</span> <span class='ocrx_word' id='word_1_176' title='bbox 2522 2095 2949 2173; x_wconf 87' lang='grc' dir='ltr'>ἀντωνυμίας,</span> <span class='ocrx_word' id='word_1_177' title='bbox 3013 2097 3287 2162; x_wconf 80' lang='grc' dir='ltr'>οὐδεὶς</span> 
     </span>
     <span class='ocr_line' id='line_1_19' title="bbox 695 2190 3287 2280; baseline 0.003 -25"><span class='ocrx_word' id='word_1_178' title='bbox 695 2190 987 2267; x_wconf 86' lang='grc' dir='ltr'>αὐτῶν,</span> <span class='ocrx_word' id='word_1_179' title='bbox 1035 2194 1302 2260; x_wconf 83' lang='grc' dir='ltr'>οὐδεὶς</span> <span class='ocrx_word' id='word_1_180' title='bbox 1341 2196 1586 2274; x_wconf 83' lang='grc' dir='ltr'>ἡμῶν·</span> <span class='ocrx_word' id='word_1_181' title='bbox 1632 2196 1844 2261; x_wconf 88' lang='grc' dir='ltr'>οὐκέτι</span> <span class='ocrx_word' id='word_1_182' title='bbox 1878 2203 1967 2280; x_wconf 83' lang='grc' dir='ltr'>τῷ</span> <span class='ocrx_word' id='word_1_183' title='bbox 1997 2201 2210 2260; x_wconf 84' lang='grc' dir='ltr'>τινῶν.</span> <span class='ocrx_word' id='word_1_184' title='bbox 2246 2231 2322 2240; x_wconf 92' lang='grc'>-</span> <span class='ocrx_word' id='word_1_185' title='bbox 2355 2197 2519 2274; x_wconf 89' lang='grc' dir='ltr'>πρὸς</span> <span class='ocrx_word' id='word_1_186' title='bbox 2553 2199 2664 2274; x_wconf 84' lang='grc' dir='ltr'>τὴν</span> <span class='ocrx_word' id='word_1_187' title='bbox 2695 2201 2918 2262; x_wconf 85' lang='grc' dir='ltr'>πεῦςιν</span> <span class='ocrx_word' id='word_1_188' title='bbox 2950 2199 3287 2278; x_wconf 88' lang='grc' dir='ltr'>βαρύνεται</span> 
     </span>
     <span class='ocr_line' id='line_1_20' title="bbox 694 2294 3287 2383; baseline 0.003 -27"><span class='ocrx_word' id='word_1_189' title='bbox 694 2294 770 2357; x_wconf 92' lang='grc' dir='ltr'>τὸ</span> <span class='ocrx_word' id='word_1_190' title='bbox 827 2294 1054 2369; x_wconf 90' lang='grc' dir='ltr'>τίνων,</span> <span class='ocrx_word' id='word_1_191' title='bbox 1113 2295 1251 2361; x_wconf 80' lang='grc' dir='ltr'>ἐπεὶ</span> <span class='ocrx_word' id='word_1_192' title='bbox 1307 2298 1386 2361; x_wconf 88' lang='grc' dir='ltr'>τὰ</span> <span class='ocrx_word' id='word_1_193' title='bbox 1439 2298 1729 2379; x_wconf 91' lang='grc' dir='ltr'>πύςματα</span> <span class='ocrx_word' id='word_1_194' title='bbox 1786 2297 1950 2378; x_wconf 90' lang='grc' dir='ltr'>πρὸς</span> <span class='ocrx_word' id='word_1_195' title='bbox 2005 2297 2271 2362; x_wconf 88' lang='grc' dir='ltr'>πάντων</span> <span class='ocrx_word' id='word_1_196' title='bbox 2315 2297 2637 2376; x_wconf 84' lang='grc' dir='ltr'>Ἑλλήνων</span> <span class='ocrx_word' id='word_1_197' title='bbox 2698 2299 3068 2383; x_wconf 85' lang='grc' dir='ltr'>βαρύνεται,</span> <span class='ocrx_word' id='word_1_198' title='bbox 3126 2300 3287 2378; x_wconf 82' lang='grc' dir='ltr'>ὑπὲρ</span> 
     </span>
     <span class='ocr_line' id='line_1_21' title="bbox 697 2395 3287 2483; baseline 0.002 -25"><span class='ocrx_word' id='word_1_199' title='bbox 697 2395 843 2475; x_wconf 92' lang='grc' dir='ltr'>μίαν</span> <span class='ocrx_word' id='word_1_200' title='bbox 887 2398 1207 2478; x_wconf 86' lang='grc' dir='ltr'>ςυλλαβήν</span> <span class='ocrx_word' id='word_1_201' title='bbox 1253 2397 1413 2463; x_wconf 86' lang='grc' dir='ltr'>ὄντα</span> <span class='ocrx_word' id='word_1_202' title='bbox 1426 2449 1443 2483; x_wconf 83' lang='grc'>,</span> <span class='ocrx_word' id='word_1_203' title='bbox 1491 2399 2041 2480; x_wconf 83' lang='grc' dir='ltr'>ὑπεξαιρουμένου</span> <span class='ocrx_word' id='word_1_204' title='bbox 2086 2404 2202 2464; x_wconf 83' lang='grc' dir='ltr'>τοῦ</span> <span class='ocrx_word' id='word_1_205' title='bbox 2246 2400 2546 2464; x_wconf 83' lang='grc' dir='ltr'>ποδαπός</span> <span class='ocrx_word' id='word_1_206' title='bbox 2591 2401 2696 2466; x_wconf 83' lang='grc' dir='ltr'>διὰ</span> <span class='ocrx_word' id='word_1_207' title='bbox 2744 2402 2861 2465; x_wconf 89' lang='grc' dir='ltr'>τὸν</span> <span class='ocrx_word' id='word_1_208' title='bbox 2907 2402 3135 2467; x_wconf 92' lang='grc' dir='ltr'>τύπον.</span> <span class='ocrx_word' id='word_1_209' title='bbox 3206 2401 3287 2466; x_wconf 88' lang='grc' dir='ltr'>οὐ</span> 
     </span>
    </p>
   </div>
   <div class='ocr_carea' id='block_1_3' title="bbox 692 2553 921 2562">
    <p class='ocr_par' dir='ltr' id='par_1_6' title="bbox 692 2553 921 2562">
     <span class='ocr_line' id='line_1_22' title="bbox 692 2553 921 2562; baseline 0 2968"><span class='ocrx_word' id='word_1_210' title='bbox 692 2553 921 2562; x_wconf 95' lang='lat' dir='ltr'> </span> 
     </span>
    </p>
   </div>
   <div class='ocr_carea' id='block_1_4' title="bbox 928 2554 1097 2562">
    <p class='ocr_par' dir='ltr' id='par_1_7' title="bbox 928 2554 1097 2562">
     <span class='ocr_line' id='line_1_23' title="bbox 928 2554 1097 2562; baseline -0.006 0"><span class='ocrx_word' id='word_1_211' title='bbox 928 2554 1097 2562; x_wconf 54' lang='grc' dir='ltr'>-..η-</span> 
     </span>
    </p>
   </div>
   <div class='ocr_carea' id='block_1_5' title="bbox 693 2651 3289 3058">
    <p class='ocr_par' dir='ltr' id='par_1_8' title="bbox 693 2651 3289 3058">
     <span class='ocr_line' id='line_1_24' title="bbox 832 2651 3289 2723; baseline 0.002 -21"><span class='ocrx_word' id='word_1_212' title='bbox 832 2651 1051 2705; x_wconf 69' lang='lat' dir='ltr'><strong>Anam.</strong></span> <span class='ocrx_word' id='word_1_213' title='bbox 1116 2658 1178 2707; x_wconf 90' lang='grc'>10</span> <span class='ocrx_word' id='word_1_214' title='bbox 1211 2653 1310 2708; x_wconf 87' lang='grc' dir='ltr'>Τίς</span> <span class='ocrx_word' id='word_1_215' title='bbox 1345 2668 1551 2708; x_wconf 87' lang='lat' dir='ltr'><strong>nomen</strong></span> <span class='ocrx_word' id='word_1_216' title='bbox 1589 2669 1708 2708; x_wconf 86' lang='lat' dir='ltr'><strong>esse</strong></span> <span class='ocrx_word' id='word_1_217' title='bbox 1744 2670 1855 2708; x_wconf 92' lang='lat' dir='ltr'>non</span> <span class='ocrx_word' id='word_1_218' title='bbox 1893 2652 2107 2723; x_wconf 85' lang='lat' dir='ltr'><strong>poteris</strong></span> <span class='ocrx_word' id='word_1_219' title='bbox 2141 2654 2224 2707; x_wconf 86' lang='lat' dir='ltr'>ita</span> <span class='ocrx_word' id='word_1_220' title='bbox 2259 2653 2657 2723; x_wconf 87' lang='lat' dir='ltr'><strong>comprobare,</strong></span> <span class='ocrx_word' id='word_1_221' title='bbox 2695 2655 2762 2707; x_wconf 87' lang='lat' dir='ltr'><strong>ut</strong></span> <span class='ocrx_word' id='word_1_222' title='bbox 2799 2651 2919 2707; x_wconf 85' lang='lat' dir='ltr'><strong>eius</strong></span> <span class='ocrx_word' id='word_1_223' title='bbox 2954 2653 3126 2707; x_wconf 88' lang='lat' dir='ltr'><strong>finem</strong></span> <span class='ocrx_word' id='word_1_224' title='bbox 3161 2669 3289 2708; x_wconf 87' lang='lat' dir='ltr'><strong>oon-</strong></span> 
     </span>
     <span class='ocr_line' id='line_1_25' title="bbox 695 2735 3285 2807; baseline 0.001 -19"><span class='ocrx_word' id='word_1_225' title='bbox 695 2735 995 2805; x_wconf 84' lang='lat' dir='ltr'><strong>gruentem</strong></span> <span class='ocrx_word' id='word_1_226' title='bbox 1029 2752 1141 2791; x_wconf 91' lang='lat' dir='ltr'>non</span> <span class='ocrx_word' id='word_1_227' title='bbox 1179 2753 1298 2791; x_wconf 86' lang='lat' dir='ltr'><strong>esse</strong></span> <span class='ocrx_word' id='word_1_228' title='bbox 1336 2735 1489 2793; x_wconf 85' lang='lat' dir='ltr'><strong>dicas</strong></span> <span class='ocrx_word' id='word_1_229' title='bbox 1524 2737 1917 2807; x_wconf 87' lang='lat' dir='ltr'><strong>pronominum</strong></span> <span class='ocrx_word' id='word_1_230' title='bbox 1957 2737 2189 2802; x_wconf 84' lang='lat' dir='ltr'><strong>finibus;</strong></span> <span class='ocrx_word' id='word_1_231' title='bbox 2239 2738 2364 2807; x_wconf 80' lang='lat' dir='ltr'><strong>ipsa</strong></span> <span class='ocrx_word' id='word_1_232' title='bbox 2407 2738 2554 2791; x_wconf 90' lang='lat' dir='ltr'><strong>enim</strong></span> <span class='ocrx_word' id='word_1_233' title='bbox 2599 2736 2934 2806; x_wconf 83' lang='lat' dir='ltr'><strong>pronomina</strong></span> <span class='ocrx_word' id='word_1_234' title='bbox 2968 2736 3285 2806; x_wconf 81' lang='lat' dir='ltr'>analogiam</span> 
     </span>
     <span class='ocr_line' id='line_1_26' title="bbox 694 2820 3285 2894; baseline 0.001 -23"><span class='ocrx_word' id='word_1_235' title='bbox 694 2835 807 2873; x_wconf 92' lang='lat' dir='ltr'>non</span> <span class='ocrx_word' id='word_1_236' title='bbox 843 2823 1170 2888; x_wconf 84' lang='lat' dir='ltr'><strong>sequuntur.</strong></span> <span class='ocrx_word' id='word_1_237' title='bbox 1231 2820 1352 2874; x_wconf 92' lang='lat' dir='ltr'>Hoc</span> <span class='ocrx_word' id='word_1_238' title='bbox 1386 2823 1575 2890; x_wconf 85' lang='lat' dir='ltr'><strong>potius</strong></span> <span class='ocrx_word' id='word_1_239' title='bbox 1599 2822 1929 2886; x_wconf 87' lang='lat' dir='ltr'><strong>dicendum,</strong></span> <span class='ocrx_word' id='word_1_240' title='bbox 1966 2822 2323 2890; x_wconf 76' lang='lat' dir='ltr'>pronomina,</span> <span class='ocrx_word' id='word_1_241' title='bbox 2364 2838 2510 2889; x_wconf 88' lang='lat' dir='ltr'><strong>quae</strong></span> <span class='ocrx_word' id='word_1_242' title='bbox 2537 2837 2714 2890; x_wconf 82' lang='lat' dir='ltr'><strong>genus</strong></span> <span class='ocrx_word' id='word_1_243' title='bbox 2738 2821 2891 2874; x_wconf 81' lang='lat' dir='ltr'><strong>exitu</strong></span> <span class='ocrx_word' id='word_1_244' title='bbox 2917 2820 3285 2894; x_wconf 80' lang='lat' dir='ltr'><strong>distinguunt,</strong></span> 
     </span>
     <span class='ocr_line' id='line_1_27' title="bbox 696 2904 3286 2971; baseline 0 -15"><span class='ocrx_word' id='word_1_245' title='bbox 696 2904 870 2957; x_wconf 90' lang='lat' dir='ltr'><strong>etiam</strong></span> <span class='ocrx_word' id='word_1_246' title='bbox 903 2904 1233 2958; x_wconf 90' lang='lat' dir='ltr'><strong>femininum</strong></span> <span class='ocrx_word' id='word_1_247' title='bbox 1272 2921 1308 2958; x_wconf 88' lang='lat' dir='ltr'><strong>a</strong></span> <span class='ocrx_word' id='word_1_248' title='bbox 1343 2906 1650 2959; x_wconf 80' lang='lat' dir='ltr'><strong>masculino</strong></span> <span class='ocrx_word' id='word_1_249' title='bbox 1686 2905 2031 2971; x_wconf 81' lang='lat' dir='ltr'><strong>discernere,</strong></span> <span class='ocrx_word' id='word_1_250' title='bbox 2067 2920 2179 2957; x_wconf 92' lang='lat' dir='ltr'>non</span> <span class='ocrx_word' id='word_1_251' title='bbox 2216 2904 2532 2957; x_wconf 85' lang='lat' dir='ltr'><strong>discernere</strong></span> <span class='ocrx_word' id='word_1_252' title='bbox 2567 2905 2654 2958; x_wconf 86' lang='grc' dir='ltr'>τίς</span> <span class='ocrx_word' id='word_1_253' title='bbox 2691 2921 2911 2968; x_wconf 82' lang='lat' dir='ltr'><strong>vocem3</strong></span> <span class='ocrx_word' id='word_1_254' title='bbox 2949 2906 3132 2959; x_wconf 75' lang='grc' dir='ltr'>οὐδεὶς</span> <span class='ocrx_word' id='word_1_255' title='bbox 3157 2919 3286 2958; x_wconf 90' lang='lat' dir='ltr'><strong>con-</strong></span> 
     </span>
     <span class='ocr_line' id='line_1_28' title="bbox 693 2987 2645 3058; baseline 0.002 -19"><span class='ocrx_word' id='word_1_256' title='bbox 693 2987 853 3057; x_wconf 80' lang='lat' dir='ltr'><strong>iungi</strong></span> <span class='ocrx_word' id='word_1_257' title='bbox 898 3005 1025 3041; x_wconf 92' lang='lat' dir='ltr'>cum</span> <span class='ocrx_word' id='word_1_258' title='bbox 1071 2989 1335 3058; x_wconf 76' lang='lat' dir='ltr'><strong>genitivis</strong></span> <span class='ocrx_word' id='word_1_259' title='bbox 1371 2990 1794 3058; x_wconf 86' lang='lat' dir='ltr'>pronominum,</span> <span class='ocrx_word' id='word_1_260' title='bbox 1840 3004 1953 3043; x_wconf 91' lang='lat' dir='ltr'>non</span> <span class='ocrx_word' id='word_1_261' title='bbox 1990 2987 2253 3056; x_wconf 79' lang='lat' dir='ltr'><strong>coniungi</strong></span> <span class='ocrx_word' id='word_1_262' title='bbox 2289 3003 2417 3040; x_wconf 90' lang='lat' dir='ltr'>cum</span> <span class='ocrx_word' id='word_1_263' title='bbox 2451 2995 2645 3042; x_wconf 84' lang='grc' dir='ltr'>τινῶν.</span> 
     </span>
    </p>
   </div>
   <div class='ocr_carea' id='block_1_6' title="bbox 694 3129 1099 3137">
    <p class='ocr_par' dir='ltr' id='par_1_9' title="bbox 694 3129 1099 3137">
     <span class='ocr_line' id='line_1_29' title="bbox 694 3129 1099 3137; baseline 0 2393"><span class='ocrx_word' id='word_1_264' title='bbox 694 3129 1099 3137; x_wconf 95' lang='lat' dir='ltr'> </span> 
     </span>
    </p>
   </div>
   <div class='ocr_carea' id='block_1_7' title="bbox 695 3223 3294 4305">
    <p class='ocr_par' dir='ltr' id='par_1_10' title="bbox 695 3223 3294 4305">
     <span class='ocr_line' id='line_1_30' title="bbox 836 3223 3287 3296; baseline 0 -18"><span class='ocrx_word' id='word_1_265' title='bbox 836 3225 1017 3279; x_wconf 76' lang='lat' dir='ltr'><strong>Drscn.</strong></span> <span class='ocrx_word' id='word_1_266' title='bbox 1055 3243 1248 3280; x_wconf 71' lang='lat' dir='ltr'><strong>scum.</strong></span> <span class='ocrx_word' id='word_1_267' title='bbox 1312 3232 1357 3282; x_wconf 90' lang='lat'>1.</span> <span class='ocrx_word' id='word_1_268' title='bbox 1383 3226 1609 3280; x_wconf 76' lang='lat' dir='ltr'><strong>litterae</strong></span> <span class='ocrx_word' id='word_1_269' title='bbox 1646 3243 1703 3293; x_wconf 88' lang='grc' dir='ltr'>ρι</span> <span class='ocrx_word' id='word_1_270' title='bbox 1736 3227 1794 3279; x_wconf 91' lang='lat' dir='ltr'>in</span> <span class='ocrx_word' id='word_1_271' title='bbox 1833 3243 2058 3294; x_wconf 85' lang='grc' dir='ltr'>ευχαρις</span> <span class='ocrx_word' id='word_1_272' title='bbox 2092 3226 2150 3279; x_wconf 92' lang='lat' dir='ltr'>in</span> <span class='ocrx_word' id='word_1_273' title='bbox 2175 3241 2370 3279; x_wconf 76' lang='lat' dir='ltr'><strong>rasura</strong></span> <span class='ocrx_word' id='word_1_274' title='bbox 2393 3227 2460 3281; x_wconf 76' lang='grc' dir='ltr'>Αι</span> <span class='ocrx_word' id='word_1_275' title='bbox 2493 3229 2501 3292; x_wconf 91' lang='grc' dir='ltr'>Ι</span> <span class='ocrx_word' id='word_1_276' title='bbox 2539 3227 2669 3293; x_wconf 83' lang='lat' dir='ltr'><strong>post</strong></span> <span class='ocrx_word' id='word_1_277' title='bbox 2689 3225 2760 3278; x_wconf 88' lang='grc' dir='ltr'>τὸ</span> <span class='ocrx_word' id='word_1_278' title='bbox 2783 3225 2839 3280; x_wconf 88' lang='grc' dir='ltr'>τί</span> <span class='ocrx_word' id='word_1_279' title='bbox 2865 3223 3090 3296; x_wconf 83' lang='lat' dir='ltr'><strong>GUhlig</strong></span> <span class='ocrx_word' id='word_1_280' title='bbox 3112 3226 3287 3295; x_wconf 84' lang='lat' dir='ltr'><strong>suspi-</strong></span> 
     </span>
     <span class='ocr_line' id='line_1_31' title="bbox 695 3309 3287 3379; baseline 0.001 -16"><span class='ocrx_word' id='word_1_281' title='bbox 695 3312 858 3364; x_wconf 87' lang='lat' dir='ltr'><strong>catur</strong></span> <span class='ocrx_word' id='word_1_282' title='bbox 891 3310 1191 3364; x_wconf 85' lang='lat' dir='ltr'><strong>inserenda</strong></span> <span class='ocrx_word' id='word_1_283' title='bbox 1225 3324 1345 3364; x_wconf 82' lang='lat' dir='ltr'><strong>esse</strong></span> <span class='ocrx_word' id='word_1_284' title='bbox 1381 3310 1583 3374; x_wconf 82' lang='lat' dir='ltr'><strong>verba,</strong></span> <span class='ocrx_word' id='word_1_285' title='bbox 1621 3326 1768 3377; x_wconf 89' lang='lat' dir='ltr'><strong>quae</strong></span> <span class='ocrx_word' id='word_1_286' title='bbox 1793 3327 1944 3362; x_wconf 90' lang='lat' dir='ltr'><strong>nnnc</strong></span> <span class='ocrx_word' id='word_1_287' title='bbox 1978 3309 2016 3362; x_wconf 90' lang='lat' dir='ltr'>l.</span> <span class='ocrx_word' id='word_1_288' title='bbox 2061 3316 2117 3363; x_wconf 81' lang='grc'>17</span> <span class='ocrx_word' id='word_1_289' title='bbox 2155 3312 2298 3378; x_wconf 88' lang='grc' dir='ltr'>πρὸς</span> <span class='ocrx_word' id='word_1_290' title='bbox 2332 3313 2443 3378; x_wconf 85' lang='grc' dir='ltr'>τὴν</span> <span class='ocrx_word' id='word_1_291' title='bbox 2477 3339 2545 3351; x_wconf 89' lang='grc'><strong>-</strong></span> <span class='ocrx_word' id='word_1_292' title='bbox 2578 3327 2634 3379; x_wconf 76' lang='grc' dir='ltr'>Ρ.</span> <span class='ocrx_word' id='word_1_293' title='bbox 2660 3314 2753 3375; x_wconf 73' lang='lat'>29,</span> <span class='ocrx_word' id='word_1_294' title='bbox 2779 3316 2811 3364; x_wconf 89' lang='grc'>3</span> <span class='ocrx_word' id='word_1_295' title='bbox 2834 3311 3287 3378; x_wconf 82' lang='grc' dir='ltr'>ὸξυτονουμένης</span> 
     </span>
     <span class='ocr_line' id='line_1_32' title="bbox 695 3393 3288 3465; baseline 0 -17"><span class='ocrx_word' id='word_1_296' title='bbox 695 3395 964 3465; x_wconf 85' lang='lat' dir='ltr'><strong>leguntur</strong></span> <span class='ocrx_word' id='word_1_297' title='bbox 1015 3401 1024 3459; x_wconf 87' lang='grc' dir='ltr'>Ι</span> <span class='ocrx_word' id='word_1_298' title='bbox 1088 3402 1238 3449; x_wconf 79' lang='grc'><strong>2-3.</strong></span> <span class='ocrx_word' id='word_1_299' title='bbox 1275 3395 1354 3448; x_wconf 82' lang='lat' dir='ltr'><strong>sic</strong></span> <span class='ocrx_word' id='word_1_300' title='bbox 1388 3393 1574 3448; x_wconf 84' lang='lat' dir='ltr'><strong>locum</strong></span> <span class='ocrx_word' id='word_1_301' title='bbox 1610 3395 1861 3449; x_wconf 83' lang='lat' dir='ltr'><strong>restituit</strong></span> <span class='ocrx_word' id='word_1_302' title='bbox 1895 3393 2256 3448; x_wconf 83' lang='lat' dir='ltr'><strong>RSchneider</strong></span> <span class='ocrx_word' id='word_1_303' title='bbox 2278 3393 2744 3464; x_wconf 81' lang='lat' dir='ltr'><strong>JGuttentagium</strong></span> <span class='ocrx_word' id='word_1_304' title='bbox 2781 3395 3024 3448; x_wconf 81' lang='lat' dir='ltr'><strong>maxime</strong></span> <span class='ocrx_word' id='word_1_305' title='bbox 3050 3397 3288 3460; x_wconf 84' lang='lat' dir='ltr'><strong>secutus,</strong></span> 
     </span>
     <span class='ocr_line' id='line_1_33' title="bbox 696 3474 3288 3546; baseline 0.001 -15"><span class='ocrx_word' id='word_1_306' title='bbox 696 3479 795 3546; x_wconf 91' lang='lat' dir='ltr'><strong>qui</strong></span> <span class='ocrx_word' id='word_1_307' title='bbox 841 3481 941 3532; x_wconf 89' lang='lat' dir='ltr'>aut</span> <span class='ocrx_word' id='word_1_308' title='bbox 974 3479 1052 3533; x_wconf 88' lang='lat' dir='ltr'><strong>sic</strong></span> <span class='ocrx_word' id='word_1_309' title='bbox 1088 3480 1156 3533; x_wconf 79' lang='grc' dir='ltr'>Αἱ</span> <span class='ocrx_word' id='word_1_310' title='bbox 1192 3479 1542 3542; x_wconf 75' lang='grc' dir='ltr'>ἀντωνυμίαι</span> <span class='ocrx_word' id='word_1_311' title='bbox 1586 3474 2069 3546; x_wconf 84' lang='grc' dir='ltr'>ὀρθοτονούμεναὶ</span> <span class='ocrx_word' id='word_1_312' title='bbox 2110 3482 2200 3533; x_wconf 86' lang='grc' dir='ltr'>καὶ</span> <span class='ocrx_word' id='word_1_313' title='bbox 2238 3481 2654 3545; x_wconf 81' lang='grc' dir='ltr'>ἐγκλινόμεναι,</span> <span class='ocrx_word' id='word_1_314' title='bbox 2704 3480 3097 3544; x_wconf 86' lang='grc' dir='ltr'>ἐγκλινόμεναι</span> <span class='ocrx_word' id='word_1_315' title='bbox 3144 3480 3288 3533; x_wconf 86' lang='grc' dir='ltr'>αὐτὸ</span> 
     </span>
     <span class='ocr_line' id='line_1_34' title="bbox 695 3564 3289 3631; baseline -0 -13"><span class='ocrx_word' id='word_1_316' title='bbox 695 3566 873 3629; x_wconf 86' lang='grc' dir='ltr'>μόνον</span> <span class='ocrx_word' id='word_1_317' title='bbox 910 3564 1248 3631; x_wconf 86' lang='grc' dir='ltr'>διακρίνουςι</span> <span class='ocrx_word' id='word_1_318' title='bbox 1281 3567 1354 3616; x_wconf 83' lang='grc' dir='ltr'>τὰ</span> <span class='ocrx_word' id='word_1_319' title='bbox 1392 3565 1701 3630; x_wconf 88' lang='grc' dir='ltr'>πρόςωπα,</span> <span class='ocrx_word' id='word_1_320' title='bbox 1740 3566 1829 3618; x_wconf 76' lang='grc' dir='ltr'>καὶ</span> <span class='ocrx_word' id='word_1_321' title='bbox 1867 3565 2354 3630; x_wconf 86' lang='grc' dir='ltr'>ὁρθοτονούμεναι</span> <span class='ocrx_word' id='word_1_322' title='bbox 2390 3567 2479 3618; x_wconf 85' lang='grc' dir='ltr'>καί</span> <span class='ocrx_word' id='word_1_323' title='bbox 2516 3564 2925 3626; x_wconf 84' lang='grc' dir='ltr'>διαςτέλλουςι,</span> <span class='ocrx_word' id='word_1_324' title='bbox 2973 3565 3072 3616; x_wconf 85' lang='lat' dir='ltr'>aut</span> <span class='ocrx_word' id='word_1_325' title='bbox 3105 3564 3187 3616; x_wconf 86' lang='lat' dir='ltr'>ita</span> <span class='ocrx_word' id='word_1_326' title='bbox 3223 3565 3289 3617; x_wconf 84' lang='grc' dir='ltr'>Αί</span> 
     </span>
     <span class='ocr_line' id='line_1_35' title="bbox 696 3648 3288 3714; baseline 0 -13"><span class='ocrx_word' id='word_1_327' title='bbox 696 3648 1044 3713; x_wconf 88' lang='grc' dir='ltr'>ἀντωνυμίαι</span> <span class='ocrx_word' id='word_1_328' title='bbox 1081 3649 1558 3714; x_wconf 83' lang='grc' dir='ltr'>ὁρθοτονούμεναι</span> <span class='ocrx_word' id='word_1_329' title='bbox 1595 3651 1685 3701; x_wconf 83' lang='grc' dir='ltr'>καί</span> <span class='ocrx_word' id='word_1_330' title='bbox 1719 3648 2112 3714; x_wconf 84' lang='grc' dir='ltr'>ἐγκλινόμεναι</span> <span class='ocrx_word' id='word_1_331' title='bbox 2136 3651 2523 3714; x_wconf 83' lang='grc' dir='ltr'>ἐγκλινόμεναι</span> <span class='ocrx_word' id='word_1_332' title='bbox 2545 3649 2688 3701; x_wconf 88' lang='grc' dir='ltr'>αὐτὸ</span> <span class='ocrx_word' id='word_1_333' title='bbox 2714 3648 2890 3713; x_wconf 87' lang='grc' dir='ltr'>μόνον</span> <span class='ocrx_word' id='word_1_334' title='bbox 2915 3650 3288 3703; x_wconf 83' lang='grc' dir='ltr'>διαςτέλλουςι</span> 
     </span>
     <span class='ocr_line' id='line_1_36' title="bbox 696 3730 3288 3799; baseline -0 -14"><span class='ocrx_word' id='word_1_335' title='bbox 696 3734 766 3785; x_wconf 81' lang='grc' dir='ltr'>τὰ</span> <span class='ocrx_word' id='word_1_336' title='bbox 792 3733 1086 3798; x_wconf 87' lang='grc' dir='ltr'>πρόςωπα,</span> <span class='ocrx_word' id='word_1_337' title='bbox 1127 3734 1217 3785; x_wconf 77' lang='grc' dir='ltr'>καὶ</span> <span class='ocrx_word' id='word_1_338' title='bbox 1254 3734 1732 3799; x_wconf 83' lang='grc' dir='ltr'>ὀρθοτονούμεναι</span> <span class='ocrx_word' id='word_1_339' title='bbox 1766 3733 2267 3787; x_wconf 83' lang='grc' dir='ltr'>ἀντιδιαςτέλλουςι</span> <span class='ocrx_word' id='word_1_340' title='bbox 2314 3735 2405 3785; x_wconf 87' lang='grc' dir='ltr'>καὶ</span> <span class='ocrx_word' id='word_1_341' title='bbox 2440 3732 2910 3787; x_wconf 84' lang='grc' dir='ltr'>ἀντανακλῶνται</span> <span class='ocrx_word' id='word_1_342' title='bbox 2944 3730 3111 3784; x_wconf 81' lang='lat' dir='ltr'><strong>scribi</strong></span> <span class='ocrx_word' id='word_1_343' title='bbox 3147 3730 3288 3796; x_wconf 87' lang='lat' dir='ltr'><strong>vult,</strong></span> 
     </span>
     <span class='ocr_line' id='line_1_37' title="bbox 698 3816 3289 3882; baseline 0 -12"><span class='ocrx_word' id='word_1_344' title='bbox 698 3816 765 3870; x_wconf 78' lang='grc' dir='ltr'>Αἱ</span> <span class='ocrx_word' id='word_1_345' title='bbox 789 3816 1139 3881; x_wconf 86' lang='grc' dir='ltr'>αντωνυμίαι</span> <span class='ocrx_word' id='word_1_346' title='bbox 1175 3816 1653 3882; x_wconf 85' lang='grc' dir='ltr'>ὸρθοτονούμεναι</span> <span class='ocrx_word' id='word_1_347' title='bbox 1690 3819 1780 3871; x_wconf 80' lang='grc' dir='ltr'>καὶ</span> <span class='ocrx_word' id='word_1_348' title='bbox 1817 3818 2209 3881; x_wconf 84' lang='grc' dir='ltr'>ἐγκλινόμεναι</span> <span class='ocrx_word' id='word_1_349' title='bbox 2245 3818 2389 3870; x_wconf 86' lang='grc' dir='ltr'>αὐτὸ</span> <span class='ocrx_word' id='word_1_350' title='bbox 2426 3817 2605 3881; x_wconf 87' lang='grc' dir='ltr'>μόνον</span> <span class='ocrx_word' id='word_1_351' title='bbox 2640 3817 3019 3870; x_wconf 88' lang='grc' dir='ltr'>διαςτέλλουςι</span> <span class='ocrx_word' id='word_1_352' title='bbox 3055 3816 3126 3869; x_wconf 77' lang='grc' dir='ltr'>τὰ</span> <span class='ocrx_word' id='word_1_353' title='bbox 3153 3816 3289 3882; x_wconf 88' lang='grc' dir='ltr'>πρό-</span> 
     </span>
     <span class='ocr_line' id='line_1_38' title="bbox 697 3899 3288 3967; baseline 0 -14"><span class='ocrx_word' id='word_1_354' title='bbox 697 3916 879 3967; x_wconf 89' lang='grc' dir='ltr'>ςωπα,</span> <span class='ocrx_word' id='word_1_355' title='bbox 918 3903 1007 3953; x_wconf 78' lang='grc' dir='ltr'>καί</span> <span class='ocrx_word' id='word_1_356' title='bbox 1043 3901 1520 3967; x_wconf 87' lang='grc' dir='ltr'>ὁρθοτονούμεναι</span> <span class='ocrx_word' id='word_1_357' title='bbox 1553 3901 2021 3955; x_wconf 82' lang='grc' dir='ltr'>ἀντανακλῶνται</span> <span class='ocrx_word' id='word_1_358' title='bbox 2057 3901 2176 3966; x_wconf 78' lang='lat' dir='ltr'>Ab,</span> <span class='ocrx_word' id='word_1_359' title='bbox 2227 3901 2293 3955; x_wconf 81' lang='grc' dir='ltr'>Αἱ</span> <span class='ocrx_word' id='word_1_360' title='bbox 2328 3899 2675 3963; x_wconf 83' lang='grc' dir='ltr'>ἀντωνυμίαι</span> <span class='ocrx_word' id='word_1_361' title='bbox 2718 3901 3109 3965; x_wconf 76' lang='grc' dir='ltr'>ἑγκλινόμεναι</span> <span class='ocrx_word' id='word_1_362' title='bbox 3147 3901 3288 3954; x_wconf 88' lang='grc' dir='ltr'>αὐτὸ</span> 
     </span>
     <span class='ocr_line' id='line_1_39' title="bbox 700 3975 3289 4053; baseline 0 -16"><span class='ocrx_word' id='word_1_363' title='bbox 700 3985 877 4050; x_wconf 89' lang='grc' dir='ltr'>μόνον</span> <span class='ocrx_word' id='word_1_364' title='bbox 927 3975 1162 4051; x_wconf 79' lang='grc' dir='ltr'>ὁρίζουςι</span> <span class='ocrx_word' id='word_1_365' title='bbox 1209 3986 1280 4038; x_wconf 80' lang='grc' dir='ltr'>τὰ</span> <span class='ocrx_word' id='word_1_366' title='bbox 1318 3986 1598 4053; x_wconf 88' lang='grc' dir='ltr'>πρόςωπα</span> <span class='ocrx_word' id='word_1_367' title='bbox 1636 3989 1725 4039; x_wconf 79' lang='grc' dir='ltr'>καὶ</span> <span class='ocrx_word' id='word_1_368' title='bbox 1761 3987 2239 4052; x_wconf 85' lang='grc' dir='ltr'>ὀρθοτονούμεναι</span> <span class='ocrx_word' id='word_1_369' title='bbox 2276 3986 2646 4040; x_wconf 86' lang='grc' dir='ltr'>διαςτέλλουςι</span> <span class='ocrx_word' id='word_1_370' title='bbox 2693 3987 2782 4038; x_wconf 83' lang='grc' dir='ltr'>καὶ</span> <span class='ocrx_word' id='word_1_371' title='bbox 2819 3985 3289 4038; x_wconf 82' lang='grc' dir='ltr'>ἀντανακλῶνται</span> 
     </span>
     <span class='ocr_line' id='line_1_40' title="bbox 702 4067 3284 4138; baseline 0 -18"><span class='ocrx_word' id='word_1_372' title='bbox 702 4067 929 4138; x_wconf 87' lang='lat' dir='ltr'><strong>GUhlig</strong></span> <span class='ocrx_word' id='word_1_373' title='bbox 957 4077 964 4126; x_wconf 89' lang='grc' dir='ltr'>Ι</span> <span class='ocrx_word' id='word_1_374' title='bbox 996 4076 1042 4122; x_wconf 86' lang='grc'>3.</span> <span class='ocrx_word' id='word_1_375' title='bbox 1080 4067 1306 4122; x_wconf 76' lang='lat' dir='ltr'><strong>litterae</strong></span> <span class='ocrx_word' id='word_1_376' title='bbox 1342 4074 1615 4125; x_wconf 87' lang='grc' dir='ltr'>αςτελλου</span> <span class='ocrx_word' id='word_1_377' title='bbox 1652 4069 1805 4123; x_wconf 79' lang='lat' dir='ltr'><strong>vocis</strong></span> <span class='ocrx_word' id='word_1_378' title='bbox 1840 4072 2252 4124; x_wconf 74' lang='grc' dir='ltr'>διαςτελλουςιν</span> <span class='ocrx_word' id='word_1_379' title='bbox 2288 4069 2346 4122; x_wconf 92' lang='lat' dir='ltr'>in</span> <span class='ocrx_word' id='word_1_380' title='bbox 2381 4085 2573 4123; x_wconf 79' lang='lat' dir='ltr'><strong>rasura</strong></span> <span class='ocrx_word' id='word_1_381' title='bbox 2609 4071 2672 4122; x_wconf 72' lang='lat' dir='ltr'>A·</span> <span class='ocrx_word' id='word_1_382' title='bbox 2723 4074 2731 4133; x_wconf 81' lang='grc' dir='ltr'>Ι</span> <span class='ocrx_word' id='word_1_383' title='bbox 2779 4075 2826 4122; x_wconf 83' lang='lat'>4.</span> <span class='ocrx_word' id='word_1_384' title='bbox 2862 4074 2947 4135; x_wconf 82' lang='grc' dir='ltr'>τῷ</span> <span class='ocrx_word' id='word_1_385' title='bbox 2990 4068 3051 4133; x_wconf 85' lang='lat' dir='ltr'>b,</span> <span class='ocrx_word' id='word_1_386' title='bbox 3088 4085 3157 4122; x_wconf 89' lang='grc' dir='ltr'>το</span> <span class='ocrx_word' id='word_1_387' title='bbox 3195 4069 3236 4121; x_wconf 91' lang='grc' dir='ltr'>Α</span> <span class='ocrx_word' id='word_1_388' title='bbox 3278 4069 3284 4135; x_wconf 93' lang='grc' dir='ltr'>Ι</span> 
     </span>
     <span class='ocr_line' id='line_1_41' title="bbox 697 4151 3294 4222; baseline -0.001 -16"><span class='ocrx_word' id='word_1_389' title='bbox 697 4160 747 4206; x_wconf 87' lang='grc'>6.</span> <span class='ocrx_word' id='word_1_390' title='bbox 788 4154 953 4221; x_wconf 88' lang='grc' dir='ltr'>μυρία</span> <span class='ocrx_word' id='word_1_391' title='bbox 991 4152 1371 4215; x_wconf 82' lang='lat' dir='ltr'><strong>RSkrzeczka,</strong></span> <span class='ocrx_word' id='word_1_392' title='bbox 1408 4154 1624 4220; x_wconf 86' lang='grc' dir='ltr'>μυρίων</span> <span class='ocrx_word' id='word_1_393' title='bbox 1663 4153 1753 4208; x_wconf 76' lang='lat' dir='ltr'>Ab</span> <span class='ocrx_word' id='word_1_394' title='bbox 1795 4161 1803 4220; x_wconf 80' lang='grc' dir='ltr'>Ι</span> <span class='ocrx_word' id='word_1_395' title='bbox 1842 4152 2209 4208; x_wconf 84' lang='lat' dir='ltr'><strong>RSkrzeczka</strong></span> <span class='ocrx_word' id='word_1_396' title='bbox 2244 4157 2343 4208; x_wconf 83' lang='lat' dir='ltr'>aut</span> <span class='ocrx_word' id='word_1_397' title='bbox 2375 4155 2436 4208; x_wconf 84' lang='grc' dir='ltr'>δέ</span> <span class='ocrx_word' id='word_1_398' title='bbox 2471 4151 2807 4222; x_wconf 78' lang='lat' dir='ltr'><strong>particulam</strong></span> <span class='ocrx_word' id='word_1_399' title='bbox 2842 4151 3156 4205; x_wconf 86' lang='lat' dir='ltr'><strong>eiciendam</strong></span> <span class='ocrx_word' id='word_1_400' title='bbox 3192 4153 3294 4204; x_wconf 85' lang='lat' dir='ltr'>aut</span> 
     </span>
     <span class='ocr_line' id='line_1_42' title="bbox 696 4236 3292 4305; baseline -0.001 -14"><span class='ocrx_word' id='word_1_401' title='bbox 696 4238 959 4291; x_wconf 82' lang='lat' dir='ltr'><strong>lacunam</strong></span> <span class='ocrx_word' id='word_1_402' title='bbox 995 4237 1222 4291; x_wconf 84' lang='lat' dir='ltr'><strong>maioris</strong></span> <span class='ocrx_word' id='word_1_403' title='bbox 1257 4238 1502 4291; x_wconf 77' lang='lat' dir='ltr'><strong>ambitus</strong></span> <span class='ocrx_word' id='word_1_404' title='bbox 1537 4240 1668 4292; x_wconf 88' lang='lat' dir='ltr'><strong>ante</strong></span> <span class='ocrx_word' id='word_1_405' title='bbox 1702 4239 1776 4292; x_wconf 83' lang='grc' dir='ltr'>τὰ</span> <span class='ocrx_word' id='word_1_406' title='bbox 1810 4239 1871 4290; x_wconf 83' lang='grc' dir='ltr'>δὲ</span> <span class='ocrx_word' id='word_1_407' title='bbox 1906 4238 2265 4292; x_wconf 81' lang='lat' dir='ltr'><strong>statuendam</strong></span> <span class='ocrx_word' id='word_1_408' title='bbox 2303 4255 2423 4292; x_wconf 82' lang='lat' dir='ltr'><strong>esse</strong></span> <span class='ocrx_word' id='word_1_409' title='bbox 2459 4239 2666 4295; x_wconf 87' lang='lat' dir='ltr'><strong>censet.</strong></span> <span class='ocrx_word' id='word_1_410' title='bbox 2708 4245 2717 4305; x_wconf 90' lang='grc'><strong>1</strong></span> <span class='ocrx_word' id='word_1_411' title='bbox 2756 4242 2804 4292; x_wconf 83' lang='grc'>7.</span> <span class='ocrx_word' id='word_1_412' title='bbox 2843 4236 3068 4290; x_wconf 74' lang='lat' dir='ltr'><strong>litterae</strong></span> <span class='ocrx_word' id='word_1_413' title='bbox 3105 4253 3292 4302; x_wconf 87' lang='grc' dir='ltr'>πυςμα</span> 
     </span>
    </p>
   </div>
   <div class='ocr_carea' id='block_1_8' title="bbox 698 4306 3294 4752">
    <p class='ocr_par' dir='ltr' id='par_1_11' title="bbox 698 4306 3294 4752">
     <span class='ocr_line' id='line_1_43' title="bbox 699 4306 3290 4407; baseline 0 -16"><span class='ocrx_word' id='word_1_414' title='bbox 699 4338 854 4392; x_wconf 80' lang='lat' dir='ltr'><strong>vocis</strong></span> <span class='ocrx_word' id='word_1_415' title='bbox 891 4355 1151 4404; x_wconf 83' lang='grc' dir='ltr'>πύςματα</span> <span class='ocrx_word' id='word_1_416' title='bbox 1183 4339 1241 4393; x_wconf 92' lang='lat' dir='ltr'>in</span> <span class='ocrx_word' id='word_1_417' title='bbox 1277 4357 1383 4397; x_wconf 85' lang='lat' dir='ltr'><strong>ras.</strong></span> <span class='ocrx_word' id='word_1_418' title='bbox 1420 4342 1486 4393; x_wconf 81' lang='grc' dir='ltr'>Αι</span> <span class='ocrx_word' id='word_1_419' title='bbox 1529 4344 1538 4407; x_wconf 72' lang='grc' dir='ltr'><strong>ι</strong></span> <span class='ocrx_word' id='word_1_420' title='bbox 1576 4345 1623 4393; x_wconf 86' lang='grc'>8.</span> <span class='ocrx_word' id='word_1_421' title='bbox 1662 4306 1980 4406; x_wconf 54' lang='grc' dir='ltr'>πηλικοτηῌ</span> <span class='ocrx_word' id='word_1_422' title='bbox 2013 4340 2072 4392; x_wconf 92' lang='lat' dir='ltr'>in</span> <span class='ocrx_word' id='word_1_423' title='bbox 2109 4355 2215 4397; x_wconf 75' lang='lat' dir='ltr'><strong>ras.</strong></span> <span class='ocrx_word' id='word_1_424' title='bbox 2254 4343 2319 4394; x_wconf 85' lang='grc' dir='ltr'>ΑΙ</span> <span class='ocrx_word' id='word_1_425' title='bbox 2360 4341 2369 4406; x_wconf 84' lang='grc' dir='ltr'>Ι</span> <span class='ocrx_word' id='word_1_426' title='bbox 2407 4338 2632 4393; x_wconf 82' lang='lat' dir='ltr'><strong>litterae</strong></span> <span class='ocrx_word' id='word_1_427' title='bbox 2676 4342 2947 4407; x_wconf 87' lang='grc' dir='ltr'>οπηλικος</span> <span class='ocrx_word' id='word_1_428' title='bbox 2984 4352 3183 4391; x_wconf 87' lang='lat' dir='ltr'><strong>vocum</strong></span> <span class='ocrx_word' id='word_1_429' title='bbox 3219 4353 3290 4392; x_wconf 92' lang='grc' dir='ltr'>το</span> 
     </span>
     <span class='ocr_line' id='line_1_44' title="bbox 700 4421 3291 4494; baseline -0.001 -17"><span class='ocrx_word' id='word_1_430' title='bbox 700 4426 935 4490; x_wconf 86' lang='grc' dir='ltr'>πηλικος</span> <span class='ocrx_word' id='word_1_431' title='bbox 970 4424 1028 4476; x_wconf 92' lang='lat' dir='ltr'>in</span> <span class='ocrx_word' id='word_1_432' title='bbox 1064 4439 1171 4477; x_wconf 81' lang='lat' dir='ltr'><strong>ras.</strong></span> <span class='ocrx_word' id='word_1_433' title='bbox 1210 4426 1275 4479; x_wconf 81' lang='grc' dir='ltr'>Αι</span> <span class='ocrx_word' id='word_1_434' title='bbox 1308 4431 1316 4481; x_wconf 94' lang='grc' dir='ltr'>Ι</span> <span class='ocrx_word' id='word_1_435' title='bbox 1348 4441 1416 4478; x_wconf 91' lang='grc' dir='ltr'>ου</span> <span class='ocrx_word' id='word_1_436' title='bbox 1451 4441 1622 4492; x_wconf 87' lang='lat' dir='ltr'><strong>supra</strong></span> <span class='ocrx_word' id='word_1_437' title='bbox 1654 4425 1752 4477; x_wconf 85' lang='lat' dir='ltr'><strong>lin.</strong></span> <span class='ocrx_word' id='word_1_438' title='bbox 1790 4424 1919 4482; x_wconf 80' lang='lat' dir='ltr'><strong>add.</strong></span> <span class='ocrx_word' id='word_1_439' title='bbox 1958 4425 2059 4488; x_wconf 78' lang='lat' dir='ltr'>A¹1</span> <span class='ocrx_word' id='word_1_440' title='bbox 2101 4431 2178 4481; x_wconf 88' lang='lat'>10.</span> <span class='ocrx_word' id='word_1_441' title='bbox 2217 4441 2389 4494; x_wconf 86' lang='lat' dir='ltr'><strong>supra</strong></span> <span class='ocrx_word' id='word_1_442' title='bbox 2421 4441 2524 4491; x_wconf 85' lang='grc' dir='ltr'>της</span> <span class='ocrx_word' id='word_1_443' title='bbox 2559 4440 2759 4491; x_wconf 89' lang='grc' dir='ltr'>φωνης</span> <span class='ocrx_word' id='word_1_444' title='bbox 2796 4438 2971 4490; x_wconf 89' lang='grc' dir='ltr'>φαναι</span> <span class='ocrx_word' id='word_1_445' title='bbox 3009 4421 3291 4490; x_wconf 80' lang='lat' dir='ltr'><strong>quaedam</strong></span> 
     </span>
     <span class='ocr_line' id='line_1_45' title="bbox 699 4506 3293 4577; baseline -0 -17"><span class='ocrx_word' id='word_1_446' title='bbox 699 4524 861 4561; x_wconf 67' lang='lat' dir='ltr'><strong>erasa</strong></span> <span class='ocrx_word' id='word_1_447' title='bbox 894 4507 951 4560; x_wconf 90' lang='lat' dir='ltr'>in</span> <span class='ocrx_word' id='word_1_448' title='bbox 990 4510 1033 4561; x_wconf 90' lang='grc' dir='ltr'>Α</span> <span class='ocrx_word' id='word_1_449' title='bbox 1074 4510 1084 4573; x_wconf 95' lang='grc' dir='ltr'>Ι</span> <span class='ocrx_word' id='word_1_450' title='bbox 1124 4515 1205 4562; x_wconf 89' lang='grc'>11.</span> <span class='ocrx_word' id='word_1_451' title='bbox 1240 4509 1591 4577; x_wconf 85' lang='grc' dir='ltr'>ἀντωνυμία]</span> <span class='ocrx_word' id='word_1_452' title='bbox 1630 4509 1726 4562; x_wconf 84' lang='lat' dir='ltr'><strong>fol.</strong></span> <span class='ocrx_word' id='word_1_453' title='bbox 1772 4516 1864 4564; x_wconf 80' lang='lat'>155</span> <span class='ocrx_word' id='word_1_454' title='bbox 1889 4527 1933 4562; x_wconf 91' lang='lat' dir='ltr'><strong>r.</strong></span> <span class='ocrx_word' id='word_1_455' title='bbox 1970 4511 1979 4574; x_wconf 94' lang='grc' dir='ltr'>Ι</span> <span class='ocrx_word' id='word_1_456' title='bbox 2034 4515 2112 4563; x_wconf 79' lang='grc'>13.</span> <span class='ocrx_word' id='word_1_457' title='bbox 2152 4509 2502 4575; x_wconf 87' lang='grc' dir='ltr'>ἀντωνυμίαι</span> <span class='ocrx_word' id='word_1_458' title='bbox 2537 4507 2927 4573; x_wconf 84' lang='lat' dir='ltr'><strong>RSkrzeozka,</strong></span> <span class='ocrx_word' id='word_1_459' title='bbox 2966 4506 3293 4572; x_wconf 85' lang='grc' dir='ltr'>ἀντωνυμία</span> 
     </span>
     <span class='ocr_line' id='line_1_46' title="bbox 700 4590 3294 4660; baseline 0 -16"><span class='ocrx_word' id='word_1_460' title='bbox 700 4590 792 4644; x_wconf 73' lang='lat' dir='ltr'>Ab</span> <span class='ocrx_word' id='word_1_461' title='bbox 858 4595 866 4656; x_wconf 90' lang='grc' dir='ltr'>Ι</span> <span class='ocrx_word' id='word_1_462' title='bbox 934 4597 1011 4649; x_wconf 83' lang='lat'>14.</span> <span class='ocrx_word' id='word_1_463' title='bbox 1063 4596 1466 4660; x_wconf 78' lang='grc' dir='ltr'>παραςτατικαί</span> <span class='ocrx_word' id='word_1_464' title='bbox 1513 4596 1601 4647; x_wconf 77' lang='grc' dir='ltr'>καὶ</span> <span class='ocrx_word' id='word_1_465' title='bbox 1647 4593 1712 4660; x_wconf 87' lang='lat' dir='ltr'>b,</span> <span class='ocrx_word' id='word_1_466' title='bbox 1766 4610 2175 4660; x_wconf 86' lang='grc' dir='ltr'>παραςτατικαι</span> <span class='ocrx_word' id='word_1_467' title='bbox 2213 4596 2254 4648; x_wconf 91' lang='grc' dir='ltr'>Α</span> <span class='ocrx_word' id='word_1_468' title='bbox 2320 4596 2330 4660; x_wconf 93' lang='grc' dir='ltr'>Ι</span> <span class='ocrx_word' id='word_1_469' title='bbox 2399 4598 2475 4650; x_wconf 85' lang='grc'>16.</span> <span class='ocrx_word' id='word_1_470' title='bbox 2512 4595 2543 4648; x_wconf 86' lang='grc' dir='ltr'>ὁ</span> <span class='ocrx_word' id='word_1_471' title='bbox 2578 4595 2665 4649; x_wconf 87' lang='grc' dir='ltr'>τίς</span> <span class='ocrx_word' id='word_1_472' title='bbox 2701 4594 2863 4658; x_wconf 84' lang='grc' dir='ltr'>καὶὴ</span> <span class='ocrx_word' id='word_1_473' title='bbox 2900 4593 2987 4647; x_wconf 87' lang='grc' dir='ltr'>τίς</span> <span class='ocrx_word' id='word_1_474' title='bbox 3024 4591 3145 4658; x_wconf 74' lang='lat' dir='ltr'>Ab,</span> <span class='ocrx_word' id='word_1_475' title='bbox 3194 4592 3294 4644; x_wconf 80' lang='lat' dir='ltr'><strong>‘At</strong></span> 
     </span>
     <span class='ocr_line' id='line_1_47' title="bbox 698 4674 3288 4752; baseline 0.001 -25"><span class='ocrx_word' id='word_1_476' title='bbox 698 4674 1055 4729; x_wconf 85' lang='lat' dir='ltr'><strong>scribendum</strong></span> <span class='ocrx_word' id='word_1_477' title='bbox 1108 4679 1255 4732; x_wconf 84' lang='grc' dir='ltr'>ὅςτις</span> <span class='ocrx_word' id='word_1_478' title='bbox 1308 4679 1398 4731; x_wconf 77' lang='grc' dir='ltr'>καί</span> <span class='ocrx_word' id='word_1_479' title='bbox 1453 4681 1598 4744; x_wconf 86' lang='grc' dir='ltr'>ἥτις’</span> <span class='ocrx_word' id='word_1_480' title='bbox 1652 4677 1688 4731; x_wconf 91' lang='lat' dir='ltr'>b</span> <span class='ocrx_word' id='word_1_481' title='bbox 1742 4676 1800 4730; x_wconf 92' lang='lat' dir='ltr'>in</span> <span class='ocrx_word' id='word_1_482' title='bbox 1852 4693 1973 4734; x_wconf 85' lang='lat' dir='ltr'><strong>var.</strong></span> <span class='ocrx_word' id='word_1_483' title='bbox 2026 4678 2157 4732; x_wconf 87' lang='lat' dir='ltr'><strong>leot.</strong></span> <span class='ocrx_word' id='word_1_484' title='bbox 2225 4681 2233 4742; x_wconf 88' lang='grc' dir='ltr'>Ι</span> <span class='ocrx_word' id='word_1_485' title='bbox 2297 4679 2656 4744; x_wconf 76' lang='grc' dir='ltr'>ἀντωνυμία(</span> <span class='ocrx_word' id='word_1_486' title='bbox 2700 4678 2765 4744; x_wconf 89' lang='lat' dir='ltr'>b,</span> <span class='ocrx_word' id='word_1_487' title='bbox 2820 4692 3151 4738; x_wconf 88' lang='grc' dir='ltr'>αντωνυμια</span> <span class='ocrx_word' id='word_1_488' title='bbox 3196 4677 3241 4730; x_wconf 91' lang='grc' dir='ltr'>Α</span> <span class='ocrx_word' id='word_1_489' title='bbox 3282 4686 3288 4752; x_wconf 81' lang='grc' dir='ltr'>Ι</span> 
     </span>
    </p>
   </div>
   <div class='ocr_carea' id='block_1_9' title="bbox 703 4758 3295 4898">
    <p class='ocr_par' dir='ltr' id='par_1_12' title="bbox 703 4758 3295 4898">
     <span class='ocr_line' id='line_1_48' title="bbox 703 4758 3295 4896; baseline 0.001 -85"><span class='ocrx_word' id='word_1_490' title='bbox 703 4765 783 4812; x_wconf 85' lang='grc'>17.</span> <span class='ocrx_word' id='word_1_491' title='bbox 822 4759 998 4813; x_wconf 80' lang='lat' dir='ltr'><strong>verba</strong></span> <span class='ocrx_word' id='word_1_492' title='bbox 1026 4763 1176 4896; x_wconf 56' lang='grc' dir='ltr'>ἰτρὸς</span> <span class='ocrx_word' id='word_1_493' title='bbox 1209 4763 1318 4828; x_wconf 85' lang='grc' dir='ltr'>τὴν</span> <span class='ocrx_word' id='word_1_494' title='bbox 1355 4793 1419 4801; x_wconf 92' lang='grc'>-</span> <span class='ocrx_word' id='word_1_495' title='bbox 1454 4779 1509 4831; x_wconf 87' lang='lat' dir='ltr'>p.</span> <span class='ocrx_word' id='word_1_496' title='bbox 1546 4768 1638 4820; x_wconf 76' lang='lat'>29,</span> <span class='ocrx_word' id='word_1_497' title='bbox 1678 4769 1710 4817; x_wconf 88' lang='grc'><strong>3</strong></span> <span class='ocrx_word' id='word_1_498' title='bbox 1746 4764 2198 4831; x_wconf 81' lang='grc' dir='ltr'>ὀξυτονουμένης</span> <span class='ocrx_word' id='word_1_499' title='bbox 2236 4761 2460 4832; x_wconf 82' lang='lat' dir='ltr'><strong>GUhlig</strong></span> <span class='ocrx_word' id='word_1_500' title='bbox 2493 4764 2624 4833; x_wconf 84' lang='lat' dir='ltr'><strong>post</strong></span> <span class='ocrx_word' id='word_1_501' title='bbox 2655 4764 2726 4817; x_wconf 84' lang='grc' dir='ltr'>τὸ</span> <span class='ocrx_word' id='word_1_502' title='bbox 2761 4762 2816 4817; x_wconf 86' lang='grc' dir='ltr'>τί</span> <span class='ocrx_word' id='word_1_503' title='bbox 2851 4761 2890 4815; x_wconf 89' lang='grc'>1.</span> <span class='ocrx_word' id='word_1_504' title='bbox 2919 4768 2936 4814; x_wconf 81' lang='lat'>1</span> <span class='ocrx_word' id='word_1_505' title='bbox 2967 4758 3295 4815; x_wconf 81' lang='lat' dir='ltr'><strong>collocanda</strong></span> 
     </span>
     <span class='ocr_line' id='line_1_49' title="bbox 705 4858 1023 4898; baseline 0.006 -2"><span class='ocrx_word' id='word_1_506' title='bbox 705 4858 823 4897; x_wconf 82' lang='lat' dir='ltr'><strong>esse</strong></span> <span class='ocrx_word' id='word_1_507' title='bbox 860 4859 1023 4898; x_wconf 82' lang='lat' dir='ltr'><strong>oense</strong></span> 
     </span>
    </p>
   </div>
   <div class='ocr_carea' id='block_1_10' title="bbox 3658 839 3668 2231">
    <p class='ocr_par' dir='ltr' id='par_1_13' title="bbox 3658 839 3668 2231">
     <span class='ocr_line' id='line_1_50' title="bbox 3658 839 3668 2231; baseline 0 0"><span class='ocrx_word' id='word_1_508' title='bbox 3658 839 3668 2231; x_wconf 95' lang='lat' dir='ltr'> </span> 
     </span>
    </p>
   </div>
   <div class='ocr_carea' id='block_1_11' title="bbox 3667 2378 3671 3022">
    <p class='ocr_par' dir='ltr' id='par_1_14' title="bbox 3667 2378 3671 3022">
     <span class='ocr_line' id='line_1_51' title="bbox 3667 2378 3671 3022; baseline 0 0"><span class='ocrx_word' id='word_1_509' title='bbox 3667 2378 3671 3022; x_wconf 95' lang='lat' dir='ltr'> </span> 
     </span>
    </p>
   </div>
  </div>
 </body>
</html>
