3738 5530
908 375 1102 436 QVAE
1140 374 1375 424 FALSO
1412 374 1968 425 PRONOMINIBVS
2005 374 2624 424 ADNVMERENTVR.
2972 373 3051 435 31

467 575 630 652 ἄγαν
677 576 801 640 ἐςτὶ
846 577 1146 654 ληρῶδες.
1219 577 1294 641 τὸ
1339 577 1463 655 γὰρ
1509 576 1927 657 δεικνύμενον
1972 576 2066 639 δι’
2112 576 2514 656 ἀντωνυμία(
2547 576 2666 639 οὐκ
2697 574 2806 639 ἐπ’
2850 574 3054 640 ἄλλου

469 677 801 752 ςυντείνει,
859 677 1020 741 αὐτὸ
1080 679 1152 741 δὲ
1205 678 1282 742 τὸ
1337 677 1758 755 ὑποκείμενον
1816 679 1917 741 καὶ
1972 679 2130 742 κατὰ
2188 680 2377 752 γένος
2421 679 2521 742 καὶ
2566 678 2721 741 κατὰ
2766 675 3054 757 ἀριθμόν.

468 779 743 858 ἀφορῶν
787 778 910 857 γάρ
955 800 1046 843 τις
1091 780 1179 844 εἰς
1225 780 1448 859 λίμνην
1494 781 1678 859 φήςει
1722 782 2099 857 τηλικοῦτον
2146 778 2309 843 εἶναι
2352 781 2469 843 τὸν
2518 779 2767 847 Νεῖλον.
2867 780 2906 856 ἢ
2952 779 3058 842 ἐπὶ

468 881 783 962 πλήθους,
849 882 1310 958 τηλικοῦτοί
1366 882 1499 960 μοί
1556 881 1754 945 εἰςιν
1823 881 1893 945 οἱ
1959 884 2234 945 παῖδες
2288 880 2682 967 ἀποβλέπων
2741 879 2828 944 εἰς
2886 881 2957 945 ἕν
3001 902 3057 943 τι

386 995 433 1046 Β
469 983 734 1061 μέγεθος
777 987 911 1047 τῶν
956 983 1432 1062 ὑποκειμένων,
1490 983 1652 1060 ὅπερ
1709 982 1814 1046 ἐπὶ
1856 985 2100 1046 παντὸς
2144 981 2379 1059 γένους
2424 982 2686 1047 δύναται
2730 984 3057 1060 παραλαμ-
3094 1003 3125 1048 5

470 1084 779 1162 βάνεςθαι.
823 1119 907 1132 —-
953 1084 1152 1148 «Ἀλλ’
1196 1081 1284 1148 εἰς
1328 1088 1376 1147 ’ὅ
1415 1085 1597 1162 λῆγει
1638 1085 1713 1148 τὸ
1760 1084 2157 1162 οὐδέτερον.»
2232 1083 2440 1147 Τοῦτο
2485 1083 2653 1148 ἴδιον
2697 1087 2809 1160 τῆς
2852 1103 3055 1161 παρα-

468 1188 701 1262 γωγῆς.
798 1185 953 1250 ἴςως
1008 1188 1080 1250 δ“ε
1134 1187 1233 1250 καὶ
1289 1185 1378 1249 εἰς
1430 1188 1513 1247 δῦ
1569 1186 1872 1263 λήγουςιν
1928 1184 1991 1247 αἱ
2035 1184 2366 1262 οὐδέτεραι
2409 1184 2700 1264 ἐκφοραί.
2750 1221 2827 1231 -—
2873 1184 2948 1250 Αἵ
2988 1205 3056 1249 τε

472 1287 577 1351 διὰ
617 1289 735 1350 τοῦ
780 1289 802 1351 ῑ
846 1286 1204 1352 ἐπεκτάςεις
1249 1287 1405 1350 κατά
1448 1308 1622 1351 τινος
1668 1286 2091 1363 ὑποκειμένου
2136 1288 2237 1350 καὶ
2277 1286 2773 1365 ἀναφερομένου
2804 1287 3059 1350 θέλουςι

472 1387 1103 1467 παραλαμβάνεςθαι·
1150 1388 1417 1453 ἐκεινοςί
1460 1391 1585 1466 γὰρ
1622 1389 1732 1452 «καὶ
1773 1390 2014 1451 τουτοῖ.
2104 1387 2397 1451 ὑπέκειτο
2443 1388 2515 1451 δὲ
2558 1390 2694 1451 ταῖς
2738 1388 3059 1462 τοιαύταις

470 1491 723 1567 φωναῖς
767 1489 844 1553 τὸ
889 1489 1391 1572 ὁμοιωματικόν,
1448 1490 1564 1570 ἐφ’
1618 1491 1656 1553 ὃ
1702 1490 2092 1568 ἀναφέρεται
2136 1490 2212 1553 τὸ
2255 1493 2645 1566 τηλικοῦτος.
2691 1522 2770 1533 -
2819 1490 3059 1567 Ἀμέλει
3101 1510 3161 1555 ιο
3225 1474 3234 1483 ’

468 1591 546 1654 τὸ
593 1590 729 1655 ἴςος
774 1592 1315 1671 μεταλαμβάνεται
1359 1591 1448 1655 εἰς
1491 1593 1567 1656 τὸ
1623 1593 2031 1672 τηλικοῦτος,
2094 1590 2255 1668 ὅπερ
2303 1588 2539 1668 ὄνομα·
2600 1589 2889 1670 ὀνόματα
2933 1588 3058 1667 ἄρα

470 1692 572 1755 καὶ
614 1693 695 1756 τὰ
739 1692 1147 1772 προκείμενα.

390 1895 432 1949 c
640 1878 765 1955 Τῆς
810 1877 1003 1956 αὐτῆς
1047 1878 1359 1957 ζητήςεως
1404 1880 1703 1960 τυγχάνει
1745 1882 1820 1945 τὸ
1866 1880 2272 1958 ἡμεδαπός
2319 1880 2422 1944 καὶ
2463 1877 2898 1961 ὑμεδαπός,
2942 1882 3059 1942 τοῦ

470 1980 758 2043 δαπέδου
823 1980 862 2056 ἢ
927 1979 1214 2057 ἐδάφους
1270 1982 1428 2045 κατά
1488 2002 1667 2047 τινας
1723 1983 2111 2061 ἐγκειμένου.
2184 2018 2267 2027 —
2332 1981 2501 2046 Ἀλλ’
2567 1980 2913 2060 ἐβαρύνετο
2978 1979 3058 2043 ἂν

470 2079 712 2158 ὁμοίως
753 2084 891 2145 τοῖς
921 2082 995 2145 τὸ
1028 2085 1077 2146 ὃ
1108 2083 1458 2169 φυλάξαςιν
1491 2083 1888 2165 οὐδετέροις,
1934 2081 2312 2162 ἀςτεφος,
2360 2082 2750 2161 εὔτειχος,
2799 2081 3059 2158 δύςρι-
3100 2100 3163 2147 15

468 2201 639 2256 γος,
704 2181 758 2245 εἰ
814 2185 992 2261 παρὰ
1047 2184 1122 2248 τὸ
1180 2184 1459 2263 ἔδαφος·
1517 2184 1571 2249 εί
1628 2186 1699 2249 δὲ
1755 2186 1929 2263 παρὰ
1984 2186 2059 2247 τὸ
2116 2185 2432 2259 δάπεδον,
2492 2182 2729 2260 ὁμοίοις
2787 2188 2878 2266 τῷ
2937 2181 3057 2245 εὔ-

469 2302 783 2364 τεκνος,
853 2283 1264 2365 εὔμετρος,
1334 2284 1876 2364 εὐπρόςωπος.
1953 2322 2022 2331 -
2092 2286 2234 2351 ἀλλ’
2287 2286 2342 2350 εἰ
2395 2285 2495 2348 καὶ
2549 2287 2630 2349 τὰ
2686 2287 2804 2347 τοῦ
2859 2284 3061 2347 τόνου

472 2386 963 2462 παραπεμπτέα,
1051 2385 1181 2463 εἴγε
1265 2387 1365 2450 καὶ
1435 2388 1515 2451 τὰ
1587 2388 1761 2465 παρὰ
1833 2387 1909 2450 τὸ
1983 2387 2178 2465 ἔργον
2266 2387 2672 2467 ςυντιθέμενα
2746 2385 3060 2463 ὀξύνεται,

290 2512 435 2564 39A
471 2486 998 2564 μουςουργός,
1058 2486 1746 2566 ἐλεφαντουργός,
1805 2487 2234 2565 ὑπουργός,
2290 2490 2370 2553 τὰ
2426 2491 2545 2551 τοῦ
2600 2488 2832 2564 γένους
2877 2486 3061 2550 ἀντέ-

470 2604 672 2650 κειτο·
725 2588 911 2652 κοινὰ
954 2590 1079 2666 γὰρ
1124 2589 1252 2654 ἔδει
1297 2586 1461 2652 εἶναι
1507 2589 1747 2669 ὁμοίως
1788 2594 1926 2654 τοῖς
1971 2591 2312 2655 ςυνθέτοις.
2358 2626 2440 2636 --
2484 2591 2648 2667 πρὸς
2692 2586 2792 2651 οἷς
2835 2588 2939 2651 καὶ
2980 2587 3060 2650 τὰ
3097 2609 3164 2657 20

606 2791 822 2842 Anovu.
902 2795 935 2862 fg
971 2788 1082 2843 Cur
1132 2792 1395 2844 neutrum
1432 2790 1489 2843 in
1526 2798 1578 2845 ’6
1611 2792 1803 2856 exeat,
1848 2791 2123 2846 derivatio
2168 2808 2337 2846 causa.
2379 2795 2481 2845 est.
2517 2821 2582 2830 -
2620 2797 2649 2845 7
2685 2790 2769 2842 Ex
2802 2793 2824 2844 ῑ
2860 2787 3066 2843 suffixa

468 2873 612 2926 nihil
658 2873 961 2944 colligitur.
1040 2873 1123 2927 Ea
1167 2890 1300 2928 sane
1347 2877 1589 2944 augetur
1632 2874 1716 2928 vis
1759 2875 2211 2942 demonstrandi3
2257 2876 2357 2929 sed
2401 2875 2516 2929 alia
2562 2876 2648 2929 est
2691 2875 2749 2927 in
2794 2874 2905 2938 his,
2954 2873 3066 2950 {²¹5³

471 2959 529 3011 in
577 2957 1018 3027 pronominibus,
1072 2988 1138 2997 —
1192 2965 1257 3013 10
1291 2958 1398 3012 Pro
1442 2963 1740 3015 τλικοῦτος
1787 2960 2024 3014 dicimus
2058 2963 2198 3026 ίςος,
2254 2960 2405 3028 quod
2440 2976 2643 3013 nomen
2683 2959 2791 3024 est3
2835 2958 3066 3011 nomina

470 3042 646 3113 igitur
696 3042 814 3096 illa.
870 3072 933 3082 —-
991 3049 1053 3096 12
1097 3042 1277 3097 Voces
1320 3044 1611 3109 ἡμεδαπός
1654 3045 1943 3108 ὑμεδαπός
1987 3061 2100 3099 non
2152 3047 2285 3097 sunt
2336 3044 2708 3114 compositam
2762 3043 2808 3095 si
2858 3045 3065 3109 essent,

472 3127 775 3197 oportebat
809 3143 906 3181 eas
940 3127 1245 3196 barytonae
1279 3129 1339 3181 et
1374 3143 1697 3183 communes
1733 3144 1880 3194 esse;
1916 3145 2021 3184 nec
2056 3129 2239 3183 forma,
2272 3129 2418 3183 bene
2451 3128 2722 3190 haberet;
2756 3144 2861 3182 nec
2887 3127 3065 3180 nomi-

470 3212 639 3266 nibus
690 3211 1101 3274 tribuerentur,
1156 3227 1288 3265 nam
1339 3211 1581 3281 primam
1642 3215 1701 3266 et
1752 3213 2057 3268 secundam
2108 3228 2408 3281 personam
2459 3212 2736 3275 indicant-3
2790 3227 2894 3265 nec
2939 3227 3065 3279 pro-

471 3296 822 3362 nominibus,
866 3312 998 3350 nam
1041 3295 1395 3361 terminati0‚
1441 3313 1510 3350 ex
1557 3312 1670 3365 qua
1713 3296 1783 3350 de
1820 3296 2083 3352 meriemo
2127 3296 2434 3362 iudicatur,
2489 3295 2716 3350 nomine
2761 3296 3062 3348 constaret.

475 3380 715 3434 Accedit
748 3380 901 3448 quod
936 3379 1170 3449 pluralis
1204 3379 1412 3434 nullius
1445 3381 1816 3451 pronomini5‚
1852 3379 2148 3451 singularis
2182 3382 2346 3435 unius
2382 3382 2555 3435 αὐτός
2591 3380 2966 3449 componitur.

472 3505 613 3512 ----.

610 3566 833 3620 Tusa-m.
918 3575 941 3621 1
991 3566 1164 3627 Prisc.
1209 3567 1369 3635 XIII,
1417 3575 1482 3623 33
1525 3586 1582 3638 p.
1620 3575 1715 3636 21,
1758 3575 1820 3622 15
1865 3567 1990 3621 Hoc
2030 3571 2214 3621 autem
2256 3568 2485 3622 interest
2525 3568 2673 3622 inter
2719 3566 3056 3622 dmonstra-

474 3653 681 3707 tionem
724 3652 1012 3707 nominum
1056 3658 1106 3706 et
1140 3655 1562 3721 pronominum,
1615 3653 1761 3722 quod
1817 3653 1909 3719 id,
1960 3653 2106 3721 quod
2158 3652 2565 3706 demonstratur
2607 3668 2713 3720 per
2748 3666 3065 3720 pronomen.

473 3737 650 3791 solum
685 3737 995 3791 ostenditur
1029 3753 1134 3805 per
1166 3754 1224 3792 se
1254 3754 1355 3793 nee
1386 3738 1465 3792 ad
1498 3738 1676 3791 alium
1703 3737 1950 3805 pertinet
1984 3738 2347 3803 extrinsecae,
2383 3737 2528 3805 quod
2561 3751 2689 3791 vero
2720 3752 2820 3803 per
2852 3752 3066 3801 nomen,

470 3838 590 3874 non
630 3822 805 3876 solum
849 3822 1123 3890 ipsorum,
1170 3837 1310 3891 quae
1351 3822 1723 3877 ostenduntm·
1739 3861 1754 3886 ‚
1796 3821 1892 3875 sed
1937 3822 2102 3875 etiam
2145 3821 2394 3897 illorum²
2439 3821 2516 3875 ad
2561 3837 2694 3889 quos
2726 3820 3064 3886 referamur,

477 3906 993 3960 cimon-strationem
1035 3907 1219 3970 habet,
1270 3912 1334 3960 ut
1380 3907 1535 3961 ‘talis
1574 3906 1834 3976 Pyrrhus
1876 3911 2136 3974 apparet,
2184 3906 2369 3973 qualis
2408 3911 2571 3973 pater
2617 3906 2784 3971 eius’,
2835 3910 2886 3959 et
2920 3904 3067 3972 quod

468 3991 810 4056 pronomina
855 3991 1285 4045 demonstrativa
1318 3991 1385 4045 in
1419 3991 1601 4045 eodem
1634 4007 1826 4060 yenere
1861 3995 1913 4044 et
1946 4006 2173 4045 numero
2207 3995 2457 4056 manent,
2504 3990 2604 4058 qui
2639 3990 3063 4054 demonstratur,

474 4074 707 4127 nomina
749 4088 876 4127 vero
921 4075 1354 4129 dmonstrativa
1393 4090 1686 4143 possumus
1720 4076 1943 4129 diversa
1977 4074 2316 4130 ostendentes
2349 4074 2426 4128 ad
2462 4075 2683 4128 diversa
2717 4074 2922 4141 referre
2935 4114 2950 4140 ‚
3002 4078 3067 4127 ut

471 4157 527 4211 si
574 4158 899 4226 aspicientes
941 4175 1094 4213 mare
1128 4160 1404 4228 dicamus,
1449 4160 1611 4214 talem
1647 4176 1758 4214 esse
1790 4159 2007 4217 Nilum.

612 4344 801 4399 Discn.
840 4363 1043 4399 sempr.
1100 4352 1145 4400 1.
1167 4348 1299 4416 post
1322 4362 1435 4402 εςτι
1460 4365 1493 4401 ν
1517 4363 1657 4400 eras.
1683 4346 1742 4400 in
1770 4350 1811 4402 Α
1853 4350 1863 4416 Ι
1902 4354 1949 4402 3.
1980 4364 1998 4401 ι
2017 4345 2168 4401 vocis
2193 4347 2394 4416 λίμνην
2419 4345 2477 4400 in
2502 4363 2606 4400 ras.
2632 4348 2715 4401 Aa:
2752 4349 2761 4415 Ι
2799 4353 2950 4408 4-6.
2988 4346 3067 4403 εἰς

473 4432 538 4484 ἔν
558 4447 616 4483 τι
635 4429 892 4498 μέγεθος]
920 4426 1201 4483 ‘Fortasse
1227 4431 1306 4485 εἰς
1329 4432 1392 4485 ἓν
1416 4433 1484 4486 τὸ
1510 4433 1777 4498 μέγεθος’
1803 4431 1840 4485 b
1866 4431 1926 4484 in
1951 4447 2063 4485 var.
2087 4430 2217 4485 lect.
2250 4434 2258 4500 Ι
2299 4437 2348 4488 ’1.
2373 4432 2509 4486 ἴςως
2533 4433 2593 4484 δὲ
2617 4432 2729 4501 καὶ]
2753 4432 2848 4485 fol.
2880 4438 2973 4486 156
2996 4435 3063 4501 r.{

471 4518 521 4569 8.
559 4515 693 4583 post
725 4517 948 4568 θελουςι
982 4531 1016 4566 ν
1053 4530 1191 4568 eras.
1226 4515 1286 4567 in
1311 4520 1354 4571 Α
1396 4520 1406 4582 Ι
1444 4523 1528 4569 11.
1566 4515 1808 4585 margini
1833 4517 2093 4586 ascripsit
2116 4520 2181 4588 Αἱ
2208 4532 2349 4582 οπερ
2373 4532 2556 4581 ονομα
2579 4531 2836 4569 τουτεςτι
2858 4533 2928 4569 το
2952 4534 3067 4573 ιςος

474 4605 556 4653 13.
582 4598 875 4668 inscriptio
910 4611 1038 4666 περι
1073 4616 1143 4653 το
1178 4603 1465 4667 ημεδαπος
1500 4618 1593 4655 και
1627 4603 1913 4667 υμεδαπος
1951 4604 1994 4655 Α
2029 4602 2258 4654 maiusc.
2288 4603 2298 4669 Ι
2329 4604 2418 4653 καὶ
2454 4601 2741 4665 ύμεδαπός
2764 4600 2829 4664 b,
2866 4619 2901 4668 η
2939 4618 3067 4667 υμε-

474 4685 734 4738 δαπος”Α
766 4698 776 4749 1
810 4690 890 4736 14.
926 4685 1170 4739 δαπέδου
1206 4684 1262 4752 b,
1300 4687 1476 4741 πεδου
1514 4688 1557 4739 Α
1589 4687 1600 4754 Ι
1633 4691 1713 4739 15.
1736 4688 1876 4739 τὸδ’
1896 4685 1958 4749 b,
1996 4702 2066 4738 το
2092 4702 2139 4738 ω
2166 4687 2207 4739 Α
2240 4690 2249 4751 Ι
2281 4687 2523 4751 ᾰςτεφος
2548 4684 2668 4749 Ab,
2706 4684 2857 4752 quod
2882 4688 3071 4740 servat

474 4765 860 4834 ChALobeck,
896 4768 1096 4835 ἄξιφος
1132 4768 1496 4824 RSkrzeczka
1525 4772 1534 4838 Ι
1568 4775 1646 4824 16.
1682 4771 1930 4825 δάπεδον
1966 4769 2032 4837 b,
2071 4773 2245 4824 πεδον
2281 4771 2326 4824 Α
2374 4779 2384 4838 Ι
2431 4776 2514 4824 20.
2540 4771 2650 4823 ἔδει
2685 4767 3068 4840 RSkrzeczka,

474 4849 626 4908 θέλει
659 4851 752 4909 Ab
