<?xml version="1.0" encoding="UTF-8"?>
<!DOCTYPE html PUBLIC "-//W3C//DTD XHTML 1.0 Transitional//EN"
    "http://www.w3.org/TR/xhtml1/DTD/xhtml1-transitional.dtd">
<html xmlns="http://www.w3.org/1999/xhtml" xml:lang="en" lang="en">
 <head>
  <title>
</title>
<meta http-equiv="Content-Type" content="text/html;charset=utf-8" />
  <meta name='ocr-system' content='tesseract 3.04.00' />
  <meta name='ocr-capabilities' content='ocr_page ocr_carea ocr_par ocr_line ocrx_word'/>
</head>
<body>
  <div class='ocr_page' id='page_1' title='image "./grammaticigraec00unkngoog_0060.png"; bbox 0 0 3738 5530; ppageno 0'>
   <div class='ocr_carea' id='block_1_1' title="bbox 665 359 2408 519">
    <p class='ocr_par' dir='ltr' id='par_1_1' title="bbox 665 359 2408 519">
     <span class='ocr_line' id='line_1_1' title="bbox 665 359 2324 425; baseline -0.002 -11"><span class='ocrx_word' id='word_1_1' title='bbox 665 364 748 425; x_wconf 76' lang='lat'>42</span> <span class='ocrx_word' id='word_1_2' title='bbox 1601 361 1782 412; x_wconf 84' lang='grc' dir='ltr'>ΠΕΡΙ</span> <span class='ocrx_word' id='word_1_3' title='bbox 1817 359 2324 411; x_wconf 78' lang='grc' dir='ltr'><strong>ΑΝΤΩΝΤΜΙΑΣ.</strong></span> 
     </span>
     <span class='ocr_line' id='line_1_2' title="bbox 1542 464 2408 519; baseline -0.002 -9"><span class='ocrx_word' id='word_1_4' title='bbox 1542 481 1586 518; x_wconf 80' lang='lat' dir='ltr'>p.</span> <span class='ocrx_word' id='word_1_5' title='bbox 1613 470 1664 509; x_wconf 80' lang='lat'>52</span> <span class='ocrx_word' id='word_1_6' title='bbox 1692 469 1800 519; x_wconf 79' lang='lat'><strong>(312)</strong></span> <span class='ocrx_word' id='word_1_7' title='bbox 1828 470 1864 509; x_wconf 83' lang='lat' dir='ltr'>B</span> <span class='ocrx_word' id='word_1_8' title='bbox 1891 473 1917 512; x_wconf 75' lang='lat' dir='ltr'><strong>e</strong></span> <span class='ocrx_word' id='word_1_9' title='bbox 1943 490 1987 499; x_wconf 92' lang='lat'>—</span> <span class='ocrx_word' id='word_1_10' title='bbox 2020 468 2071 509; x_wconf 80' lang='lat'>55</span> <span class='ocrx_word' id='word_1_11' title='bbox 2101 468 2211 518; x_wconf 76' lang='lat'><strong>(315)</strong></span> <span class='ocrx_word' id='word_1_12' title='bbox 2240 469 2282 508; x_wconf 80' lang='lat' dir='ltr'><strong>A</strong></span> <span class='ocrx_word' id='word_1_13' title='bbox 2307 469 2333 509; x_wconf 81' lang='lat'>9</span> <span class='ocrx_word' id='word_1_14' title='bbox 2359 464 2408 508; x_wconf 82' lang='lat' dir='ltr'>b&#39;</span> 
     </span>
    </p>
   </div>
   <div class='ocr_carea' id='block_1_2' title="bbox 553 567 3430 3697">
    <p class='ocr_par' dir='ltr' id='par_1_2' title="bbox 664 567 2445 747">
     <span class='ocr_line' id='line_1_3' title="bbox 664 567 765 630; baseline 0 -1"><span class='ocrx_word' id='word_1_15' title='bbox 664 567 765 630; x_wconf 82' lang='grc' dir='ltr'>καὶ</span> 
     </span>
     <span class='ocr_line' id='line_1_4' title="bbox 1677 663 2445 747; baseline -0.001 -18"><span class='ocrx_word' id='word_1_16' title='bbox 1677 666 1786 744; x_wconf 84' lang='grc' dir='ltr'>ἐμὲ</span> <span class='ocrx_word' id='word_1_17' title='bbox 1830 664 2098 745; x_wconf 91' lang='grc' dir='ltr'>λύςομαι</span> <span class='ocrx_word' id='word_1_18' title='bbox 2142 665 2219 747; x_wconf 88' lang='grc' dir='ltr'>(Κ</span> <span class='ocrx_word' id='word_1_19' title='bbox 2262 663 2445 745; x_wconf 83' lang='lat'>378)-</span> 
     </span>
    </p>

    <p class='ocr_par' dir='ltr' id='par_1_3' title="bbox 662 766 3253 849">
     <span class='ocr_line' id='line_1_5' title="bbox 662 766 3253 849; baseline -0.002 -15"><span class='ocrx_word' id='word_1_20' title='bbox 662 770 806 834; x_wconf 86' lang='grc' dir='ltr'>ἀντὶ</span> <span class='ocrx_word' id='word_1_21' title='bbox 848 770 971 848; x_wconf 83' lang='grc' dir='ltr'>γὰρ</span> <span class='ocrx_word' id='word_1_22' title='bbox 1017 769 1339 834; x_wconf 87' lang='grc' dir='ltr'>ςυνθέτων</span> <span class='ocrx_word' id='word_1_23' title='bbox 1382 770 1500 833; x_wconf 83' lang='grc' dir='ltr'>τοῦ</span> <span class='ocrx_word' id='word_1_24' title='bbox 1546 768 1823 849; x_wconf 80' lang='grc' dir='ltr'>ἐμαυτόν</span> <span class='ocrx_word' id='word_1_25' title='bbox 1868 768 1970 831; x_wconf 85' lang='grc' dir='ltr'>καὶ</span> <span class='ocrx_word' id='word_1_26' title='bbox 2014 767 2238 849; x_wconf 82' lang='grc' dir='ltr'>ἑαυτῷ.</span> <span class='ocrx_word' id='word_1_27' title='bbox 2328 766 2519 831; x_wconf 87' lang='grc' dir='ltr'>πάλιν</span> <span class='ocrx_word' id='word_1_28' title='bbox 2566 767 2643 845; x_wconf 84' lang='grc' dir='ltr'>ὸή</span> <span class='ocrx_word' id='word_1_29' title='bbox 2688 767 2766 831; x_wconf 90' lang='grc' dir='ltr'>τὸ</span> <span class='ocrx_word' id='word_1_30' title='bbox 2812 766 2944 847; x_wconf 75' lang='grc' dir='ltr'>ἐμὲ</span> <span class='ocrx_word' id='word_1_31' title='bbox 2989 767 3253 845; x_wconf 89' lang='grc' dir='ltr'>λύςομαι</span> 
     </span>
    </p>

    <p class='ocr_par' dir='ltr' id='par_1_4' title="bbox 595 870 3338 1053">
     <span class='ocr_line' id='line_1_6' title="bbox 664 870 1934 950; baseline -0.002 -15"><span class='ocrx_word' id='word_1_32' title='bbox 664 873 830 950; x_wconf 90' lang='grc' dir='ltr'>πρὸς</span> <span class='ocrx_word' id='word_1_33' title='bbox 874 872 950 937; x_wconf 90' lang='grc' dir='ltr'>τὸ</span> <span class='ocrx_word' id='word_1_34' title='bbox 998 871 1141 935; x_wconf 86' lang='grc' dir='ltr'>οὐκ</span> <span class='ocrx_word' id='word_1_35' title='bbox 1185 870 1438 935; x_wconf 85' lang='grc' dir='ltr'>ἄλλον</span> <span class='ocrx_word' id='word_1_36' title='bbox 1485 871 1934 935; x_wconf 85' lang='grc' dir='ltr'>διαςτέλλεται.</span> 
     </span>
     <span class='ocr_line' id='line_1_7' title="bbox 595 970 3338 1053; baseline -0 -12"><span class='ocrx_word' id='word_1_37' title='bbox 595 994 627 1041; x_wconf 79' lang='lat'>5</span> <span class='ocrx_word' id='word_1_38' title='bbox 832 972 1107 1053; x_wconf 87' lang='grc' dir='ltr'>Ὁμοίως</span> <span class='ocrx_word' id='word_1_39' title='bbox 1160 971 1222 1035; x_wconf 80' lang='grc' dir='ltr'>αἱ</span> <span class='ocrx_word' id='word_1_40' title='bbox 1278 972 1606 1051; x_wconf 83' lang='grc' dir='ltr'>προθὲςεις</span> <span class='ocrx_word' id='word_1_41' title='bbox 1665 972 2156 1050; x_wconf 83' lang='grc' dir='ltr'>παρατιθέμεναι</span> <span class='ocrx_word' id='word_1_42' title='bbox 2210 970 2661 1052; x_wconf 86' lang='grc' dir='ltr'>ὀρθοτονοῡςι,</span> <span class='ocrx_word' id='word_1_43' title='bbox 2717 971 2884 1036; x_wconf 77' lang='grc' dir='ltr'>κατ’</span> <span class='ocrx_word' id='word_1_44' title='bbox 2928 970 3094 1053; x_wconf 85' lang='grc' dir='ltr'>ἐμέ,</span> <span class='ocrx_word' id='word_1_45' title='bbox 3148 972 3257 1034; x_wconf 81' lang='grc' dir='ltr'>δι’</span> <span class='ocrx_word' id='word_1_46' title='bbox 3296 986 3338 1040; x_wconf 89' lang='lat' dir='ltr'>C</span> 
     </span>
    </p>

    <p class='ocr_par' dir='ltr' id='par_1_5' title="bbox 665 1073 2722 1155">
     <span class='ocr_line' id='line_1_8' title="bbox 665 1073 2722 1155; baseline -0.001 -16"><span class='ocrx_word' id='word_1_47' title='bbox 665 1075 828 1155; x_wconf 81' lang='grc' dir='ltr'>ἐμέ,</span> <span class='ocrx_word' id='word_1_48' title='bbox 875 1075 1053 1154; x_wconf 88' lang='grc' dir='ltr'>περὶ</span> <span class='ocrx_word' id='word_1_49' title='bbox 1098 1075 1308 1155; x_wconf 86' lang='grc' dir='ltr'>ἐμοῦ.</span> <span class='ocrx_word' id='word_1_50' title='bbox 1399 1074 1527 1139; x_wconf 92' lang='grc' dir='ltr'>Διὸ</span> <span class='ocrx_word' id='word_1_51' title='bbox 1573 1075 1674 1137; x_wconf 88' lang='grc' dir='ltr'>καὶ</span> <span class='ocrx_word' id='word_1_52' title='bbox 1717 1076 1853 1138; x_wconf 86' lang='grc' dir='ltr'>τοῖς</span> <span class='ocrx_word' id='word_1_53' title='bbox 1899 1073 2178 1139; x_wconf 84' lang='grc' dir='ltr'>ἀξιοῦςιν</span> <span class='ocrx_word' id='word_1_54' title='bbox 2222 1073 2601 1151; x_wconf 88' lang='grc' dir='ltr'>ὀρθοτονεῑν</span> <span class='ocrx_word' id='word_1_55' title='bbox 2646 1073 2722 1137; x_wconf 91' lang='grc' dir='ltr'>τὸ</span> 
     </span>
    </p>

    <p class='ocr_par' dir='ltr' id='par_1_6' title="bbox 1525 1172 2580 1256">
     <span class='ocr_line' id='line_1_9' title="bbox 1525 1172 2580 1256; baseline 0 -17"><span class='ocrx_word' id='word_1_56' title='bbox 1525 1176 1636 1241; x_wconf 86' lang='grc' dir='ltr'>ςὺν</span> <span class='ocrx_word' id='word_1_57' title='bbox 1682 1177 1782 1240; x_wconf 85' lang='grc' dir='ltr'>καὶ</span> <span class='ocrx_word' id='word_1_58' title='bbox 1824 1174 2038 1253; x_wconf 91' lang='grc' dir='ltr'>τρίτος</span> <span class='ocrx_word' id='word_1_59' title='bbox 2082 1175 2228 1256; x_wconf 87' lang='grc' dir='ltr'>ἁμὶν</span> <span class='ocrx_word' id='word_1_60' title='bbox 2273 1172 2580 1253; x_wconf 78' lang='grc' dir='ltr'>Ἀμύντα(</span> 
     </span>
    </p>

    <p class='ocr_par' dir='ltr' id='par_1_7' title="bbox 663 1273 3256 1362">
     <span class='ocr_line' id='line_1_10' title="bbox 663 1273 3256 1362; baseline -0.001 -20"><span class='ocrx_word' id='word_1_61' title='bbox 663 1280 839 1356; x_wconf 87' lang='grc' dir='ltr'>παρὰ</span> <span class='ocrx_word' id='word_1_62' title='bbox 882 1278 1206 1362; x_wconf 85' lang='grc' dir='ltr'>Θεοκρίτῳ</span> <span class='ocrx_word' id='word_1_63' title='bbox 1250 1275 1436 1362; x_wconf 86' lang='lat' dir='ltr'>(VII,</span> <span class='ocrx_word' id='word_1_64' title='bbox 1482 1276 1546 1358; x_wconf 80' lang='lat'>2)</span> <span class='ocrx_word' id='word_1_65' title='bbox 1594 1278 2111 1352; x_wconf 87' lang='grc' dir='ltr'>ςυγκαταθετέον.</span> <span class='ocrx_word' id='word_1_66' title='bbox 2210 1276 2289 1340; x_wconf 89' lang='grc' dir='ltr'>τὰ</span> <span class='ocrx_word' id='word_1_67' title='bbox 2330 1276 2455 1354; x_wconf 86' lang='grc' dir='ltr'>γὰρ</span> <span class='ocrx_word' id='word_1_68' title='bbox 2502 1275 2572 1340; x_wconf 83' lang='grc' dir='ltr'>ἐν</span> <span class='ocrx_word' id='word_1_69' title='bbox 2619 1273 2956 1359; x_wconf 82' lang='grc' dir='ltr'>ὑπερβατῷ</span> <span class='ocrx_word' id='word_1_70' title='bbox 3004 1274 3256 1353; x_wconf 90' lang='grc' dir='ltr'>κείμενα</span> 
     </span>
    </p>

    <p class='ocr_par' dir='ltr' id='par_1_8' title="bbox 570 1375 3253 1563">
     <span class='ocr_line' id='line_1_11' title="bbox 662 1375 3253 1460; baseline 0 -17"><span class='ocrx_word' id='word_1_71' title='bbox 662 1378 911 1460; x_wconf 82' lang='grc' dir='ltr'>ὀφείλει</span> <span class='ocrx_word' id='word_1_72' title='bbox 955 1380 1071 1446; x_wconf 90' lang='grc' dir='ltr'>τὸν</span> <span class='ocrx_word' id='word_1_73' title='bbox 1118 1379 1318 1455; x_wconf 94' lang='grc' dir='ltr'>λόγον</span> <span class='ocrx_word' id='word_1_74' title='bbox 1365 1379 1778 1457; x_wconf 82' lang='grc' dir='ltr'>ἀναδέχεςθαι</span> <span class='ocrx_word' id='word_1_75' title='bbox 1820 1382 1933 1456; x_wconf 87' lang='grc' dir='ltr'>τῆς</span> <span class='ocrx_word' id='word_1_76' title='bbox 1978 1379 2137 1443; x_wconf 89' lang='grc' dir='ltr'>κατὰ</span> <span class='ocrx_word' id='word_1_77' title='bbox 2184 1378 2374 1458; x_wconf 80' lang='grc' dir='ltr'>φύειν</span> <span class='ocrx_word' id='word_1_78' title='bbox 2420 1375 2836 1460; x_wconf 86' lang='grc' dir='ltr'>ἀκολουθίας,</span> <span class='ocrx_word' id='word_1_79' title='bbox 2882 1376 3013 1452; x_wconf 84' lang='grc' dir='ltr'>εἴγε</span> <span class='ocrx_word' id='word_1_80' title='bbox 3060 1379 3253 1443; x_wconf 86' lang='grc' dir='ltr'>πάλιν</span> 
     </span>
     <span class='ocr_line' id='line_1_12' title="bbox 570 1479 2717 1563; baseline -0.002 -18"><span class='ocrx_word' id='word_1_81' title='bbox 570 1505 627 1552; x_wconf 86' lang='grc' dir='ltr'>ιο</span> <span class='ocrx_word' id='word_1_82' title='bbox 661 1481 736 1545; x_wconf 91' lang='grc' dir='ltr'>τὸ</span> <span class='ocrx_word' id='word_1_83' title='bbox 782 1482 905 1546; x_wconf 89' lang='grc' dir='ltr'>καί</span> <span class='ocrx_word' id='word_1_84' title='bbox 948 1501 1072 1559; x_wconf 86' lang='grc' dir='ltr'>μοι</span> <span class='ocrx_word' id='word_1_85' title='bbox 1119 1482 1242 1547; x_wconf 89' lang='grc' dir='ltr'>καί</span> <span class='ocrx_word' id='word_1_86' title='bbox 1287 1501 1373 1559; x_wconf 88' lang='grc' dir='ltr'>με</span> <span class='ocrx_word' id='word_1_87' title='bbox 1419 1480 1859 1563; x_wconf 81' lang='grc' dir='ltr'>ἐνεκλίναμεν,</span> <span class='ocrx_word' id='word_1_88' title='bbox 1905 1480 2064 1545; x_wconf 86' lang='grc' dir='ltr'>καθὸ</span> <span class='ocrx_word' id='word_1_89' title='bbox 2110 1480 2188 1545; x_wconf 85' lang='grc' dir='ltr'>οὐ</span> <span class='ocrx_word' id='word_1_90' title='bbox 2237 1479 2717 1556; x_wconf 86' lang='grc' dir='ltr'>ςυμπέπλεκται.</span> 
     </span>
    </p>

    <p class='ocr_par' dir='ltr' id='par_1_9' title="bbox 658 1578 3430 1864">
     <span class='ocr_line' id='line_1_13' title="bbox 833 1578 3430 1662; baseline 0.001 -16"><span class='ocrx_word' id='word_1_91' title='bbox 833 1582 1010 1660; x_wconf 78' lang='grc' dir='ltr'>Ἐξῆς</span> <span class='ocrx_word' id='word_1_92' title='bbox 1056 1582 1286 1662; x_wconf 81' lang='grc' dir='ltr'>ῥητέον</span> <span class='ocrx_word' id='word_1_93' title='bbox 1331 1583 1432 1646; x_wconf 83' lang='grc' dir='ltr'>καὶ</span> <span class='ocrx_word' id='word_1_94' title='bbox 1476 1583 1619 1661; x_wconf 88' lang='grc' dir='ltr'>περὶ</span> <span class='ocrx_word' id='word_1_95' title='bbox 1661 1585 1796 1647; x_wconf 86' lang='grc' dir='ltr'>τῶν</span> <span class='ocrx_word' id='word_1_96' title='bbox 1841 1583 2001 1647; x_wconf 86' lang='grc' dir='ltr'>κατὰ</span> <span class='ocrx_word' id='word_1_97' title='bbox 2043 1583 2120 1646; x_wconf 92' lang='grc' dir='ltr'>τὸ</span> <span class='ocrx_word' id='word_1_98' title='bbox 2150 1582 2365 1661; x_wconf 90' lang='grc' dir='ltr'>τρίτον</span> <span class='ocrx_word' id='word_1_99' title='bbox 2397 1578 2748 1657; x_wconf 72' lang='grc' dir='ltr'>πρόςωπον</span> <span class='ocrx_word' id='word_1_100' title='bbox 2779 1580 3252 1662; x_wconf 86' lang='grc' dir='ltr'>ὀρθοτονουμὲ-</span> <span class='ocrx_word' id='word_1_101' title='bbox 3293 1604 3358 1651; x_wconf 85' lang='lat'>53</span> <span class='ocrx_word' id='word_1_102' title='bbox 3382 1598 3430 1649; x_wconf 78' lang='grc' dir='ltr'><strong>Α</strong></span> 
     </span>
     <span class='ocr_line' id='line_1_14' title="bbox 660 1681 3252 1764; baseline 0 -17"><span class='ocrx_word' id='word_1_103' title='bbox 660 1704 829 1760; x_wconf 86' lang='grc' dir='ltr'>νων,</span> <span class='ocrx_word' id='word_1_104' title='bbox 885 1683 940 1748; x_wconf 88' lang='grc' dir='ltr'>εἰ</span> <span class='ocrx_word' id='word_1_105' title='bbox 996 1683 1275 1749; x_wconf 86' lang='grc' dir='ltr'>πάντοτε</span> <span class='ocrx_word' id='word_1_106' title='bbox 1331 1684 1370 1763; x_wconf 85' lang='grc' dir='ltr'><strong>ἡ</strong></span> <span class='ocrx_word' id='word_1_107' title='bbox 1426 1684 1777 1764; x_wconf 86' lang='grc' dir='ltr'>μετάληψις</span> <span class='ocrx_word' id='word_1_108' title='bbox 1823 1684 2043 1750; x_wconf 83' lang='grc' dir='ltr'>αὐτῶν</span> <span class='ocrx_word' id='word_1_109' title='bbox 2087 1684 2164 1748; x_wconf 92' lang='grc' dir='ltr'>τὸ</span> <span class='ocrx_word' id='word_1_110' title='bbox 2209 1684 2514 1749; x_wconf 86' lang='grc' dir='ltr'>ςύνθετον</span> <span class='ocrx_word' id='word_1_111' title='bbox 2559 1685 2763 1762; x_wconf 85' lang='grc' dir='ltr'>ςχῆμα</span> <span class='ocrx_word' id='word_1_112' title='bbox 2806 1681 3091 1764; x_wconf 80' lang='grc' dir='ltr'>ἀπαιτεῖ,</span> <span class='ocrx_word' id='word_1_113' title='bbox 3144 1704 3252 1747; x_wconf 86' lang='grc' dir='ltr'>κα-</span> 
     </span>
     <span class='ocr_line' id='line_1_15' title="bbox 658 1784 1175 1864; baseline 0.002 -15"><span class='ocrx_word' id='word_1_114' title='bbox 658 1785 862 1864; x_wconf 86' lang='grc' dir='ltr'>θάπερ</span> <span class='ocrx_word' id='word_1_115' title='bbox 909 1784 1013 1851; x_wconf 79' lang='grc' dir='ltr'>ἐπὶ</span> <span class='ocrx_word' id='word_1_116' title='bbox 1056 1789 1175 1850; x_wconf 82' lang='grc' dir='ltr'>τοῦ</span> 
     </span>
    </p>

    <p class='ocr_par' dir='ltr' id='par_1_10' title="bbox 553 1884 3328 3697">
     <span class='ocr_line' id='line_1_16' title="bbox 1266 1884 2243 1972; baseline -0.002 -20"><span class='ocrx_word' id='word_1_117' title='bbox 1266 1886 1305 1966; x_wconf 82' lang='grc' dir='ltr'>ἦ</span> <span class='ocrx_word' id='word_1_118' title='bbox 1351 1887 1576 1965; x_wconf 85' lang='grc' dir='ltr'>ὀλίγον</span> <span class='ocrx_word' id='word_1_119' title='bbox 1622 1886 1688 1953; x_wconf 81' lang='grc' dir='ltr'>οἶ</span> <span class='ocrx_word' id='word_1_120' title='bbox 1729 1890 1930 1953; x_wconf 80' lang='grc' dir='ltr'>παῖδα</span> <span class='ocrx_word' id='word_1_121' title='bbox 1974 1886 2047 1972; x_wconf 86' lang='grc' dir='ltr'>(Ε</span> <span class='ocrx_word' id='word_1_122' title='bbox 2091 1884 2243 1967; x_wconf 88' lang='grc'>800)</span> 
     </span>
     <span class='ocr_line' id='line_1_17' title="bbox 564 1988 762 2059; baseline -0.015 -5"><span class='ocrx_word' id='word_1_123' title='bbox 564 2011 622 2059; x_wconf 82' lang='lat'>15</span> <span class='ocrx_word' id='word_1_124' title='bbox 657 1988 762 2054; x_wconf 87' lang='grc' dir='ltr'>καὶ</span> 
     </span>
     <span class='ocr_line' id='line_1_18' title="bbox 1269 2089 2648 2176; baseline 0 -21"><span class='ocrx_word' id='word_1_125' title='bbox 1269 2090 1502 2157; x_wconf 87' lang='grc' dir='ltr'>κάλεόν</span> <span class='ocrx_word' id='word_1_126' title='bbox 1547 2093 1617 2155; x_wconf 87' lang='grc' dir='ltr'>τέ</span> <span class='ocrx_word' id='word_1_127' title='bbox 1662 2113 1764 2171; x_wconf 91' lang='grc' dir='ltr'>μιν</span> <span class='ocrx_word' id='word_1_128' title='bbox 1809 2091 1899 2156; x_wconf 88' lang='grc' dir='ltr'>εἰς</span> <span class='ocrx_word' id='word_1_129' title='bbox 1943 2094 1976 2156; x_wconf 80' lang='grc' dir='ltr'>ἓ</span> <span class='ocrx_word' id='word_1_130' title='bbox 2022 2091 2282 2157; x_wconf 81' lang='grc' dir='ltr'>ἕκαςτος</span> <span class='ocrx_word' id='word_1_131' title='bbox 2327 2089 2417 2176; x_wconf 85' lang='grc' dir='ltr'>(Ψ</span> <span class='ocrx_word' id='word_1_132' title='bbox 2461 2090 2648 2170; x_wconf 80' lang='grc'>203),</span> 
     </span>
     <span class='ocr_line' id='line_1_19' title="bbox 657 2191 3250 2273; baseline 0 -16"><span class='ocrx_word' id='word_1_133' title='bbox 657 2198 790 2259; x_wconf 86' lang='grc' dir='ltr'>τῶν</span> <span class='ocrx_word' id='word_1_134' title='bbox 832 2213 902 2257; x_wconf 89' lang='grc' dir='ltr'>τε</span> <span class='ocrx_word' id='word_1_135' title='bbox 949 2192 1425 2272; x_wconf 89' lang='grc' dir='ltr'>παραπληςίων.</span> <span class='ocrx_word' id='word_1_136' title='bbox 1531 2194 1646 2260; x_wconf 92' lang='grc' dir='ltr'>τὸν</span> <span class='ocrx_word' id='word_1_137' title='bbox 1702 2194 1825 2272; x_wconf 88' lang='grc' dir='ltr'>γὰρ</span> <span class='ocrx_word' id='word_1_138' title='bbox 1871 2194 2277 2273; x_wconf 87' lang='grc' dir='ltr'>Ἀρίςταρχον</span> <span class='ocrx_word' id='word_1_139' title='bbox 2322 2194 2424 2258; x_wconf 88' lang='grc' dir='ltr'>καὶ</span> <span class='ocrx_word' id='word_1_140' title='bbox 2466 2193 2619 2257; x_wconf 87' lang='grc' dir='ltr'>τοὺς</span> <span class='ocrx_word' id='word_1_141' title='bbox 2663 2191 2795 2258; x_wconf 91' lang='grc' dir='ltr'>ἀπὸ</span> <span class='ocrx_word' id='word_1_142' title='bbox 2839 2197 2950 2272; x_wconf 86' lang='grc' dir='ltr'>τῆς</span> <span class='ocrx_word' id='word_1_143' title='bbox 2995 2197 3250 2272; x_wconf 81' lang='grc' dir='ltr'>(χολῆς,</span> 
     </span>
     <span class='ocr_line' id='line_1_20' title="bbox 659 2294 3247 2385; baseline -0 -25"><span class='ocrx_word' id='word_1_144' title='bbox 659 2296 807 2360; x_wconf 83' lang='grc' dir='ltr'>ὼςεὶ</span> <span class='ocrx_word' id='word_1_145' title='bbox 860 2295 1066 2374; x_wconf 88' lang='grc' dir='ltr'>νόμον</span> <span class='ocrx_word' id='word_1_146' title='bbox 1122 2295 1430 2374; x_wconf 88' lang='grc' dir='ltr'>θεμένους</span> <span class='ocrx_word' id='word_1_147' title='bbox 1484 2297 1560 2360; x_wconf 93' lang='grc' dir='ltr'>τὸ</span> <span class='ocrx_word' id='word_1_148' title='bbox 1615 2299 1949 2377; x_wconf 82' lang='grc' dir='ltr'>τοιοῦτον,</span> <span class='ocrx_word' id='word_1_149' title='bbox 2006 2294 2141 2376; x_wconf 77' lang='grc' dir='ltr'>(ὡς</span> <span class='ocrx_word' id='word_1_150' title='bbox 2201 2294 2725 2377; x_wconf 88' lang='grc' dir='ltr'>ἀπ&gt;ανάγνωςμα</span> <span class='ocrx_word' id='word_1_151' title='bbox 2759 2297 2874 2385; x_wconf 25' lang='grc' dir='ltr'>,δεῖ</span> <span class='ocrx_word' id='word_1_152' title='bbox 2915 2296 3247 2375; x_wconf 85' lang='grc' dir='ltr'>παραπέμ-</span> 
     </span>
     <span class='ocr_line' id='line_1_21' title="bbox 657 2396 1010 2476; baseline 0.006 -16"><span class='ocrx_word' id='word_1_153' title='bbox 657 2402 892 2476; x_wconf 91' lang='grc' dir='ltr'>ψαςθαι</span> <span class='ocrx_word' id='word_1_154' title='bbox 934 2396 1010 2462; x_wconf 91' lang='grc' dir='ltr'>τὸ</span> 
     </span>
     <span class='ocr_line' id='line_1_22' title="bbox 553 2495 3328 2585; baseline -0.001 -18"><span class='ocrx_word' id='word_1_155' title='bbox 553 2520 620 2567; x_wconf 75' lang='lat'>20</span> <span class='ocrx_word' id='word_1_156' title='bbox 1266 2497 1333 2563; x_wconf 84' lang='grc' dir='ltr'>οἶ</span> <span class='ocrx_word' id='word_1_157' title='bbox 1373 2498 1636 2585; x_wconf 83' lang='grc' dir='ltr'>τάύτῷ,</span> <span class='ocrx_word' id='word_1_158' title='bbox 1684 2500 1822 2565; x_wconf 85' lang='grc' dir='ltr'>ἐπεὶ</span> <span class='ocrx_word' id='word_1_159' title='bbox 1867 2498 1948 2565; x_wconf 84' lang='grc' dir='ltr'>οὔ</span> <span class='ocrx_word' id='word_1_160' title='bbox 1993 2521 2049 2563; x_wconf 89' lang='grc' dir='ltr'>τι</span> <span class='ocrx_word' id='word_1_161' title='bbox 2095 2505 2263 2565; x_wconf 86' lang='grc' dir='ltr'>θεῶν</span> <span class='ocrx_word' id='word_1_162' title='bbox 2310 2499 2379 2564; x_wconf 83' lang='grc' dir='ltr'>ἐκ</span> <span class='ocrx_word' id='word_1_163' title='bbox 2422 2499 2707 2578; x_wconf 87' lang='grc' dir='ltr'>θέςφατα</span> <span class='ocrx_word' id='word_1_164' title='bbox 2751 2499 2869 2581; x_wconf 82' lang='grc' dir='ltr'>ᾔδη</span> <span class='ocrx_word' id='word_1_165' title='bbox 2917 2495 2989 2582; x_wconf 89' lang='grc' dir='ltr'>(Ε</span> <span class='ocrx_word' id='word_1_166' title='bbox 3032 2496 3142 2580; x_wconf 88' lang='grc'>64)</span> <span class='ocrx_word' id='word_1_167' title='bbox 3283 2512 3328 2565; x_wconf 91' lang='grc' dir='ltr'>Β</span> 
     </span>
     <span class='ocr_line' id='line_1_23' title="bbox 654 2598 3245 2681; baseline -0 -19"><span class='ocrx_word' id='word_1_168' title='bbox 654 2600 810 2664; x_wconf 89' lang='grc' dir='ltr'>καθὸ</span> <span class='ocrx_word' id='word_1_169' title='bbox 857 2598 1426 2681; x_wconf 90' lang='grc' dir='ltr'>ὀρθοτονούμενον</span> <span class='ocrx_word' id='word_1_170' title='bbox 1469 2603 1587 2680; x_wconf 87' lang='grc' dir='ltr'>τὴν</span> <span class='ocrx_word' id='word_1_171' title='bbox 1632 2602 1939 2667; x_wconf 89' lang='grc' dir='ltr'>ςύνθετον</span> <span class='ocrx_word' id='word_1_172' title='bbox 1986 2600 2394 2680; x_wconf 86' lang='grc' dir='ltr'>ἀντωνυμίαν</span> <span class='ocrx_word' id='word_1_173' title='bbox 2442 2600 2722 2674; x_wconf 81' lang='grc' dir='ltr'>ἀπαιτεῖ,</span> <span class='ocrx_word' id='word_1_174' title='bbox 2769 2603 2884 2664; x_wconf 86' lang='grc' dir='ltr'>τοῦ</span> <span class='ocrx_word' id='word_1_175' title='bbox 2929 2599 3133 2675; x_wconf 87' lang='grc' dir='ltr'>λόγου</span> <span class='ocrx_word' id='word_1_176' title='bbox 3165 2598 3245 2663; x_wconf 90' lang='grc' dir='ltr'>οὐ</span> 
     </span>
     <span class='ocr_line' id='line_1_24' title="bbox 655 2701 3245 2783; baseline 0.001 -20"><span class='ocrx_word' id='word_1_177' title='bbox 655 2701 1019 2779; x_wconf 82' lang='grc' dir='ltr'>δυναμένου</span> <span class='ocrx_word' id='word_1_178' title='bbox 1063 2703 1223 2767; x_wconf 88' lang='grc' dir='ltr'>κατὰ</span> <span class='ocrx_word' id='word_1_179' title='bbox 1266 2708 1461 2767; x_wconf 86' lang='grc' dir='ltr'>τοῦτο</span> <span class='ocrx_word' id='word_1_180' title='bbox 1508 2703 1930 2769; x_wconf 88' lang='grc' dir='ltr'>ςυνίςταςθαι·</span> <span class='ocrx_word' id='word_1_181' title='bbox 1976 2705 2079 2769; x_wconf 80' lang='grc' dir='ltr'>καὶ</span> <span class='ocrx_word' id='word_1_182' title='bbox 2123 2703 2229 2768; x_wconf 82' lang='grc' dir='ltr'>διὰ</span> <span class='ocrx_word' id='word_1_183' title='bbox 2258 2707 2453 2768; x_wconf 83' lang='grc' dir='ltr'>τοῦτο</span> <span class='ocrx_word' id='word_1_184' title='bbox 2483 2703 2635 2768; x_wconf 85' lang='grc' dir='ltr'>τοὺς</span> <span class='ocrx_word' id='word_1_185' title='bbox 2666 2703 2780 2783; x_wconf 82' lang='grc' dir='ltr'>μὲν</span> <span class='ocrx_word' id='word_1_186' title='bbox 2811 2701 3245 2781; x_wconf 86' lang='grc' dir='ltr'>μεταγράφειν</span> 
     </span>
     <span class='ocr_line' id='line_1_25' title="bbox 653 2802 3243 2887; baseline 0 -21"><span class='ocrx_word' id='word_1_187' title='bbox 653 2803 730 2867; x_wconf 91' lang='grc' dir='ltr'>τὸ</span> <span class='ocrx_word' id='word_1_188' title='bbox 776 2802 1058 2879; x_wconf 82' lang='grc' dir='ltr'>ἔτευξεν,</span> <span class='ocrx_word' id='word_1_189' title='bbox 1117 2805 1271 2868; x_wconf 86' lang='grc' dir='ltr'>τοὺς</span> <span class='ocrx_word' id='word_1_190' title='bbox 1317 2806 1388 2868; x_wconf 79' lang='grc' dir='ltr'>δὲ</span> <span class='ocrx_word' id='word_1_191' title='bbox 1433 2804 1796 2886; x_wconf 84' lang='grc' dir='ltr'>ὑπερβατὸν</span> <span class='ocrx_word' id='word_1_192' title='bbox 1844 2805 2232 2885; x_wconf 83' lang='grc' dir='ltr'>ἐκδέχεςθαι,</span> <span class='ocrx_word' id='word_1_193' title='bbox 2294 2805 2400 2869; x_wconf 82' lang='grc' dir='ltr'>«ὃς</span> <span class='ocrx_word' id='word_1_194' title='bbox 2444 2805 2545 2868; x_wconf 81' lang='grc' dir='ltr'>καὶ</span> <span class='ocrx_word' id='word_1_195' title='bbox 2588 2803 2984 2887; x_wconf 79' lang='grc' dir='ltr'>Ἀλεξάνδρῳ</span> <span class='ocrx_word' id='word_1_196' title='bbox 3032 2804 3243 2879; x_wconf 89' lang='grc' dir='ltr'>τεκτή-</span> 
     </span>
     <span class='ocr_line' id='line_1_26' title="bbox 654 2902 3244 2991; baseline 0.001 -24"><span class='ocrx_word' id='word_1_197' title='bbox 654 2924 811 2968; x_wconf 91' lang='grc' dir='ltr'>νατο</span> <span class='ocrx_word' id='word_1_198' title='bbox 858 2908 1015 2981; x_wconf 86' lang='grc' dir='ltr'>νῆας</span> <span class='ocrx_word' id='word_1_199' title='bbox 1060 2904 1265 2987; x_wconf 81' lang='grc' dir='ltr'>ἑῖςας,</span> <span class='ocrx_word' id='word_1_200' title='bbox 1312 2904 1376 2968; x_wconf 85' lang='grc' dir='ltr'>οἶ</span> <span class='ocrx_word' id='word_1_201' title='bbox 1418 2907 1481 2970; x_wconf 78' lang='grc' dir='ltr'>τ’</span> <span class='ocrx_word' id='word_1_202' title='bbox 1525 2907 1721 2991; x_wconf 80' lang='grc' dir='ltr'>αὐτῷ,</span> <span class='ocrx_word' id='word_1_203' title='bbox 1767 2908 1922 2990; x_wconf 83' lang='grc' dir='ltr'>&lt;αἳ&gt;</span> <span class='ocrx_word' id='word_1_204' title='bbox 1952 2907 2151 2973; x_wconf 88' lang='grc' dir='ltr'>κακὸν</span> <span class='ocrx_word' id='word_1_205' title='bbox 2183 2909 2285 2971; x_wconf 81' lang='grc' dir='ltr'>καὶ</span> <span class='ocrx_word' id='word_1_206' title='bbox 2313 2907 2460 2971; x_wconf 85' lang='grc' dir='ltr'>πᾶςι</span> <span class='ocrx_word' id='word_1_207' title='bbox 2492 2906 2766 2985; x_wconf 86' lang='grc' dir='ltr'>Τρώεςςι</span> <span class='ocrx_word' id='word_1_208' title='bbox 2797 2906 3122 2982; x_wconf 78' lang='grc' dir='ltr'>γένοντο»,</span> <span class='ocrx_word' id='word_1_209' title='bbox 3151 2902 3244 2969; x_wconf 81' lang='grc' dir='ltr'>ἵν’</span> 
     </span>
     <span class='ocr_line' id='line_1_27' title="bbox 553 3004 3245 3092; baseline 0 -22"><span class='ocrx_word' id='word_1_210' title='bbox 553 3025 619 3073; x_wconf 71' lang='lat'>25</span> <span class='ocrx_word' id='word_1_211' title='bbox 657 3007 693 3088; x_wconf 78' lang='grc' dir='ltr'>ᾖ</span> <span class='ocrx_word' id='word_1_212' title='bbox 741 3004 1167 3090; x_wconf 80' lang='grc' dir='ltr'>«Ἀλεξάνδρῳ</span> <span class='ocrx_word' id='word_1_213' title='bbox 1226 3008 1329 3071; x_wconf 83' lang='grc' dir='ltr'>καὶ</span> <span class='ocrx_word' id='word_1_214' title='bbox 1382 3007 1589 3092; x_wconf 81' lang='grc' dir='ltr'>ἑαυτῷ</span> <span class='ocrx_word' id='word_1_215' title='bbox 1647 3009 2041 3088; x_wconf 79' lang='grc' dir='ltr'>τεκτήνατο.»</span> <span class='ocrx_word' id='word_1_216' title='bbox 2130 3009 2234 3073; x_wconf 88' lang='grc' dir='ltr'>καὶ</span> <span class='ocrx_word' id='word_1_217' title='bbox 2277 3008 2477 3088; x_wconf 84' lang='grc' dir='ltr'>ςαφές</span> <span class='ocrx_word' id='word_1_218' title='bbox 2522 3007 2720 3091; x_wconf 83' lang='grc' dir='ltr'>ἐςτιν,</span> <span class='ocrx_word' id='word_1_219' title='bbox 2778 3007 2965 3073; x_wconf 81' lang='grc' dir='ltr'>ἕνεκα</span> <span class='ocrx_word' id='word_1_220' title='bbox 3008 3006 3245 3072; x_wconf 89' lang='grc' dir='ltr'>τούτου</span> 
     </span>
     <span class='ocr_line' id='line_1_28' title="bbox 654 3104 874 3171; baseline 0.005 -1"><span class='ocrx_word' id='word_1_221' title='bbox 654 3104 752 3171; x_wconf 89' lang='grc' dir='ltr'>ὅτι</span> <span class='ocrx_word' id='word_1_222' title='bbox 798 3107 874 3171; x_wconf 90' lang='grc' dir='ltr'>τὸ</span> 
     </span>
     <span class='ocr_line' id='line_1_29' title="bbox 1923 3209 2418 3293; baseline -0.004 -17"><span class='ocrx_word' id='word_1_223' title='bbox 1923 3211 2088 3277; x_wconf 84' lang='grc' dir='ltr'>ἀλλὰ</span> <span class='ocrx_word' id='word_1_224' title='bbox 2133 3209 2197 3276; x_wconf 82' lang='grc' dir='ltr'>οἷ</span> <span class='ocrx_word' id='word_1_225' title='bbox 2242 3211 2418 3293; x_wconf 82' lang='grc' dir='ltr'>αὐτῷ</span> 
     </span>
     <span class='ocr_line' id='line_1_30' title="bbox 1261 3311 3328 3395; baseline 0.001 -19"><span class='ocrx_word' id='word_1_226' title='bbox 1261 3311 1429 3376; x_wconf 85' lang='grc' dir='ltr'>Ζεὺς</span> <span class='ocrx_word' id='word_1_227' title='bbox 1472 3311 1712 3377; x_wconf 84' lang='grc' dir='ltr'>ὀλέςειε</span> <span class='ocrx_word' id='word_1_228' title='bbox 1760 3313 1899 3391; x_wconf 88' lang='grc' dir='ltr'>βίην</span> <span class='ocrx_word' id='word_1_229' title='bbox 1945 3315 2011 3393; x_wconf 82' lang='grc' dir='ltr'>(δ</span> <span class='ocrx_word' id='word_1_230' title='bbox 2054 3312 2209 3395; x_wconf 89' lang='grc'>668)</span> <span class='ocrx_word' id='word_1_231' title='bbox 3285 3325 3328 3379; x_wconf 87' lang='lat' dir='ltr'>C</span> 
     </span>
     <span class='ocr_line' id='line_1_31' title="bbox 655 3410 3244 3494; baseline -0 -19"><span class='ocrx_word' id='word_1_232' title='bbox 655 3412 801 3475; x_wconf 82' lang='grc' dir='ltr'>κατ’</span> <span class='ocrx_word' id='word_1_233' title='bbox 831 3411 1099 3486; x_wconf 83' lang='grc' dir='ltr'>ἔγκλιςιν</span> <span class='ocrx_word' id='word_1_234' title='bbox 1131 3410 1527 3488; x_wconf 81' lang='grc' dir='ltr'>ἀνέγνωςτο,</span> <span class='ocrx_word' id='word_1_235' title='bbox 1561 3414 1762 3478; x_wconf 85' lang='grc' dir='ltr'>καίτοι</span> <span class='ocrx_word' id='word_1_236' title='bbox 1794 3413 2072 3494; x_wconf 87' lang='grc' dir='ltr'>ὀφεῖλον</span> <span class='ocrx_word' id='word_1_237' title='bbox 2104 3415 2263 3479; x_wconf 84' lang='grc' dir='ltr'>κατὰ</span> <span class='ocrx_word' id='word_1_238' title='bbox 2294 3413 2413 3479; x_wconf 83' lang='grc' dir='ltr'>δύο</span> <span class='ocrx_word' id='word_1_239' title='bbox 2437 3414 2721 3492; x_wconf 92' lang='grc' dir='ltr'>τρόπους</span> <span class='ocrx_word' id='word_1_240' title='bbox 2744 3414 3244 3494; x_wconf 86' lang='grc' dir='ltr'>ὀρθοτονεῑςθαι,</span> 
     </span>
     <span class='ocr_line' id='line_1_32' title="bbox 656 3512 2640 3599; baseline 0.001 -22"><span class='ocrx_word' id='word_1_241' title='bbox 656 3513 815 3577; x_wconf 86' lang='grc' dir='ltr'>καθὸ</span> <span class='ocrx_word' id='word_1_242' title='bbox 863 3513 966 3577; x_wconf 86' lang='grc' dir='ltr'>καὶ</span> <span class='ocrx_word' id='word_1_243' title='bbox 1010 3512 1455 3594; x_wconf 86' lang='grc' dir='ltr'>ἐπιταγματικὴ</span> <span class='ocrx_word' id='word_1_244' title='bbox 1502 3515 1775 3599; x_wconf 85' lang='grc' dir='ltr'>ςύνεςτι,</span> <span class='ocrx_word' id='word_1_245' title='bbox 1820 3517 1921 3579; x_wconf 87' lang='grc' dir='ltr'>καὶ</span> <span class='ocrx_word' id='word_1_246' title='bbox 1966 3514 2388 3581; x_wconf 85' lang='grc' dir='ltr'>διαςτὲλλεται</span> <span class='ocrx_word' id='word_1_247' title='bbox 2434 3516 2505 3579; x_wconf 84' lang='grc' dir='ltr'>ἐν</span> <span class='ocrx_word' id='word_1_248' title='bbox 2548 3522 2640 3599; x_wconf 83' lang='grc' dir='ltr'>τῷ</span> 
     </span>
     <span class='ocr_line' id='line_1_33' title="bbox 1838 3617 2762 3697; baseline -0.001 -16"><span class='ocrx_word' id='word_1_249' title='bbox 1838 3617 1988 3696; x_wconf 81' lang='grc' dir='ltr'>πρὶν</span> <span class='ocrx_word' id='word_1_250' title='bbox 2034 3618 2184 3697; x_wconf 80' lang='grc' dir='ltr'>ἡμῖν</span> <span class='ocrx_word' id='word_1_251' title='bbox 2229 3621 2406 3696; x_wconf 87' lang='grc' dir='ltr'>πῆμα</span> <span class='ocrx_word' id='word_1_252' title='bbox 2448 3617 2762 3693; x_wconf 83' lang='grc' dir='ltr'>γενέςθαι.</span> 
     </span>
    </p>
   </div>
   <div class='ocr_carea' id='block_1_3' title="bbox 704 3703 885 3710">
    <p class='ocr_par' dir='ltr' id='par_1_11' title="bbox 704 3703 885 3710">
     <span class='ocr_line' id='line_1_34' title="bbox 704 3703 885 3710; baseline 0 1820"><span class='ocrx_word' id='word_1_253' title='bbox 704 3703 885 3710; x_wconf 95' lang='lat' dir='ltr'> </span> 
     </span>
    </p>
   </div>
   <div class='ocr_carea' id='block_1_4' title="bbox 651 3799 3243 4124">
    <p class='ocr_par' dir='ltr' id='par_1_12' title="bbox 651 3799 3243 4124">
     <span class='ocr_line' id='line_1_35' title="bbox 788 3799 3243 3872; baseline 0 -19"><span class='ocrx_word' id='word_1_254' title='bbox 788 3800 1006 3855; x_wconf 68' lang='lat' dir='ltr'><strong>Anava.</strong></span> <span class='ocrx_word' id='word_1_255' title='bbox 1087 3806 1119 3854; x_wconf 83' lang='lat'><strong>5</strong></span> <span class='ocrx_word' id='word_1_256' title='bbox 1162 3799 1307 3853; x_wconf 77' lang='lat' dir='ltr'><strong>Item</strong></span> <span class='ocrx_word' id='word_1_257' title='bbox 1349 3801 1548 3854; x_wconf 76' lang='lat' dir='ltr'><strong>tonum</strong></span> <span class='ocrx_word' id='word_1_258' title='bbox 1593 3801 1820 3871; x_wconf 79' lang='lat' dir='ltr'><strong>erigunt</strong></span> <span class='ocrx_word' id='word_1_259' title='bbox 1853 3803 2300 3872; x_wconf 72' lang='lat' dir='ltr'><strong>praepositiones</strong></span> <span class='ocrx_word' id='word_1_260' title='bbox 2344 3801 2656 3870; x_wconf 75' lang='lat' dir='ltr'><strong>appositae.</strong></span> <span class='ocrx_word' id='word_1_261' title='bbox 2697 3831 2760 3840; x_wconf 95' lang='lat'><strong>—</strong></span> <span class='ocrx_word' id='word_1_262' title='bbox 2803 3808 2858 3854; x_wconf 87' lang='lat'>11</span> <span class='ocrx_word' id='word_1_263' title='bbox 2899 3800 3243 3854; x_wconf 78' lang='lat' dir='ltr'><strong>Aristarchei</strong></span> 
     </span>
     <span class='ocr_line' id='line_1_36' title="bbox 652 3884 3240 3955; baseline 0 -17"><span class='ocrx_word' id='word_1_264' title='bbox 652 3884 1035 3955; x_wconf 78' lang='lat' dir='ltr'><strong>praecipiunt,</strong></span> <span class='ocrx_word' id='word_1_265' title='bbox 1074 3885 1407 3953; x_wconf 82' lang='lat' dir='ltr'><strong>pronomina</strong></span> <span class='ocrx_word' id='word_1_266' title='bbox 1440 3884 1643 3940; x_wconf 73' lang='lat' dir='ltr'><strong>tertiae</strong></span> <span class='ocrx_word' id='word_1_267' title='bbox 1679 3902 1954 3954; x_wconf 80' lang='lat' dir='ltr'>personae</span> <span class='ocrx_word' id='word_1_268' title='bbox 1981 3888 2070 3954; x_wconf 86' lang='grc' dir='ltr'>(οῦ</span> <span class='ocrx_word' id='word_1_269' title='bbox 2097 3887 2155 3942; x_wconf 76' lang='lat' dir='ltr'>ot</span> <span class='ocrx_word' id='word_1_270' title='bbox 2179 3889 2229 3955; x_wconf 80' lang='grc' dir='ltr'>ἕ)</span> <span class='ocrx_word' id='word_1_271' title='bbox 2255 3886 2355 3939; x_wconf 91' lang='lat' dir='ltr'>ubi</span> <span class='ocrx_word' id='word_1_272' title='bbox 2389 3884 2540 3954; x_wconf 81' lang='lat' dir='ltr'><strong>apud</strong></span> <span class='ocrx_word' id='word_1_273' title='bbox 2568 3885 2875 3940; x_wconf 84' lang='lat' dir='ltr'><strong>Homerum</strong></span> <span class='ocrx_word' id='word_1_274' title='bbox 2914 3887 3068 3939; x_wconf 78' lang='lat' dir='ltr'><strong>recto</strong></span> <span class='ocrx_word' id='word_1_275' title='bbox 3106 3885 3240 3939; x_wconf 79' lang='lat' dir='ltr'><strong>tono</strong></span> 
     </span>
     <span class='ocr_line' id='line_1_37' title="bbox 652 3968 3240 4040; baseline 0 -18"><span class='ocrx_word' id='word_1_276' title='bbox 652 3970 1036 4039; x_wconf 74' lang='lat' dir='ltr'><strong>proferuntur,</strong></span> <span class='ocrx_word' id='word_1_277' title='bbox 1084 3986 1260 4038; x_wconf 77' lang='lat' dir='ltr'><strong>usque</strong></span> <span class='ocrx_word' id='word_1_278' title='bbox 1306 3969 1746 4039; x_wconf 67' lang='lat' dir='ltr'><strong>compositorum</strong></span> <span class='ocrx_word' id='word_1_279' title='bbox 1790 3970 2231 4040; x_wconf 81' lang='lat' dir='ltr'><strong>(reflexivorum)</strong></span> <span class='ocrx_word' id='word_1_280' title='bbox 2277 3971 2392 4026; x_wconf 88' lang='lat' dir='ltr'>vim</span> <span class='ocrx_word' id='word_1_281' title='bbox 2436 3970 2666 4025; x_wconf 80' lang='lat' dir='ltr'>habere.</span> <span class='ocrx_word' id='word_1_282' title='bbox 2739 3971 2819 4024; x_wconf 78' lang='lat' dir='ltr'>At</span> <span class='ocrx_word' id='word_1_283' title='bbox 2855 3968 3240 4039; x_wconf 81' lang='lat' dir='ltr'><strong>compluribus</strong></span> 
     </span>
     <span class='ocr_line' id='line_1_38' title="bbox 651 4053 1803 4124; baseline 0.002 -16"><span class='ocrx_word' id='word_1_284' title='bbox 651 4054 787 4108; x_wconf 82' lang='lat' dir='ltr'><strong>locis</strong></span> <span class='ocrx_word' id='word_1_285' title='bbox 822 4053 1161 4124; x_wconf 81' lang='lat' dir='ltr'><strong>simplicium</strong></span> <span class='ocrx_word' id='word_1_286' title='bbox 1195 4055 1539 4124; x_wconf 70' lang='lat' dir='ltr'><strong>potestatem</strong></span> <span class='ocrx_word' id='word_1_287' title='bbox 1572 4054 1803 4114; x_wconf 55' lang='lat' dir='ltr'><strong>habent„</strong></span> 
     </span>
    </p>
   </div>
   <div class='ocr_carea' id='block_1_5' title="bbox 652 4179 1056 4187">
    <p class='ocr_par' dir='ltr' id='par_1_13' title="bbox 652 4179 1056 4187">
     <span class='ocr_line' id='line_1_39' title="bbox 652 4179 1056 4187; baseline 0 1343"><span class='ocrx_word' id='word_1_288' title='bbox 652 4179 1056 4187; x_wconf 95' lang='lat' dir='ltr'> </span> 
     </span>
    </p>
   </div>
   <div class='ocr_carea' id='block_1_6' title="bbox 648 4242 3246 4922">
    <p class='ocr_par' dir='ltr' id='par_1_14' title="bbox 648 4242 3246 4922">
     <span class='ocr_line' id='line_1_40' title="bbox 786 4242 3243 4329; baseline 0 -19"><span class='ocrx_word' id='word_1_289' title='bbox 786 4257 971 4310; x_wconf 75' lang='lat' dir='ltr'>stcn.</span> <span class='ocrx_word' id='word_1_290' title='bbox 1010 4276 1216 4312; x_wconf 71' lang='lat' dir='ltr'>scmr‘r.</span> <span class='ocrx_word' id='word_1_291' title='bbox 1286 4263 1334 4314; x_wconf 84' lang='grc'>3.</span> <span class='ocrx_word' id='word_1_292' title='bbox 1371 4259 1558 4325; x_wconf 78' lang='grc' dir='ltr'>ἑαυτῷ</span> <span class='ocrx_word' id='word_1_293' title='bbox 1596 4259 1661 4325; x_wconf 89' lang='lat' dir='ltr'>b,</span> <span class='ocrx_word' id='word_1_294' title='bbox 1701 4242 1930 4313; x_wconf 74' lang='grc' dir='ltr'>εμαυτιυ</span> <span class='ocrx_word' id='word_1_295' title='bbox 1969 4262 2010 4314; x_wconf 92' lang='grc' dir='ltr'>Α</span> <span class='ocrx_word' id='word_1_296' title='bbox 2085 4262 2094 4329; x_wconf 84' lang='grc' dir='ltr'>Ι</span> <span class='ocrx_word' id='word_1_297' title='bbox 2167 4266 2217 4314; x_wconf 83' lang='grc'>4.</span> <span class='ocrx_word' id='word_1_298' title='bbox 2254 4262 2432 4316; x_wconf 79' lang='grc' dir='ltr'>ἄλλον</span> <span class='ocrx_word' id='word_1_299' title='bbox 2467 4261 2534 4328; x_wconf 89' lang='lat' dir='ltr'>b,</span> <span class='ocrx_word' id='word_1_300' title='bbox 2581 4263 2752 4315; x_wconf 82' lang='grc' dir='ltr'>αλλος</span> <span class='ocrx_word' id='word_1_301' title='bbox 2788 4261 2832 4315; x_wconf 91' lang='grc' dir='ltr'>Α</span> <span class='ocrx_word' id='word_1_302' title='bbox 2904 4262 2913 4327; x_wconf 87' lang='grc' dir='ltr'>Ι</span> <span class='ocrx_word' id='word_1_303' title='bbox 2994 4264 3042 4313; x_wconf 85' lang='grc'>5.</span> <span class='ocrx_word' id='word_1_304' title='bbox 3080 4262 3243 4325; x_wconf 85' lang='grc' dir='ltr'>ορθο-</span> 
     </span>
     <span class='ocr_line' id='line_1_41' title="bbox 650 4341 3244 4412; baseline -0.001 -16"><span class='ocrx_word' id='word_1_305' title='bbox 650 4358 912 4396; x_wconf 91' lang='grc' dir='ltr'>τονουςιν</span> <span class='ocrx_word' id='word_1_306' title='bbox 949 4344 992 4396; x_wconf 92' lang='grc' dir='ltr'>Α</span> <span class='ocrx_word' id='word_1_307' title='bbox 1062 4345 1071 4408; x_wconf 92' lang='grc' dir='ltr'>Ι</span> <span class='ocrx_word' id='word_1_308' title='bbox 1132 4347 1182 4395; x_wconf 83' lang='grc'>7.</span> <span class='ocrx_word' id='word_1_309' title='bbox 1220 4344 1319 4398; x_wconf 87' lang='grc' dir='ltr'>ςὺν</span> <span class='ocrx_word' id='word_1_310' title='bbox 1354 4346 1445 4397; x_wconf 78' lang='grc' dir='ltr'>καὶ</span> <span class='ocrx_word' id='word_1_311' title='bbox 1481 4341 1517 4395; x_wconf 91' lang='lat' dir='ltr'>b</span> <span class='ocrx_word' id='word_1_312' title='bbox 1554 4341 1912 4409; x_wconf 75' lang='lat' dir='ltr'><strong>Theocritus,</strong></span> <span class='ocrx_word' id='word_1_313' title='bbox 1950 4362 2039 4398; x_wconf 86' lang='grc' dir='ltr'>και</span> <span class='ocrx_word' id='word_1_314' title='bbox 2076 4362 2175 4400; x_wconf 91' lang='grc' dir='ltr'>ςυν</span> <span class='ocrx_word' id='word_1_315' title='bbox 2211 4349 2254 4401; x_wconf 91' lang='grc' dir='ltr'>Α</span> <span class='ocrx_word' id='word_1_316' title='bbox 2321 4350 2330 4410; x_wconf 93' lang='grc' dir='ltr'>Ι</span> <span class='ocrx_word' id='word_1_317' title='bbox 2393 4347 2525 4412; x_wconf 86' lang='grc' dir='ltr'>ἁμίν</span> <span class='ocrx_word' id='word_1_318' title='bbox 2557 4345 2624 4408; x_wconf 78' lang='lat' dir='ltr'>b,</span> <span class='ocrx_word' id='word_1_319' title='bbox 2664 4346 2795 4412; x_wconf 83' lang='grc' dir='ltr'>ἁμιν</span> <span class='ocrx_word' id='word_1_320' title='bbox 2830 4342 3071 4408; x_wconf 71' lang='grc' dir='ltr'>ΚΙιεΙιτε,</span> <span class='ocrx_word' id='word_1_321' title='bbox 3109 4343 3244 4408; x_wconf 86' lang='grc' dir='ltr'>ἇμιν</span> 
     </span>
     <span class='ocr_line' id='line_1_42' title="bbox 650 4423 3238 4499; baseline 0.001 -20"><span class='ocrx_word' id='word_1_322' title='bbox 650 4423 967 4480; x_wconf 80' lang='lat' dir='ltr'><strong>HLAhrens</strong></span> <span class='ocrx_word' id='word_1_323' title='bbox 1007 4433 1016 4491; x_wconf 84' lang='grc' dir='ltr'>Ι</span> <span class='ocrx_word' id='word_1_324' title='bbox 1060 4427 1334 4492; x_wconf 79' lang='grc' dir='ltr'>Ἀμύντας</span> <span class='ocrx_word' id='word_1_325' title='bbox 1370 4426 1406 4479; x_wconf 91' lang='lat' dir='ltr'>b</span> <span class='ocrx_word' id='word_1_326' title='bbox 1444 4425 1805 4494; x_wconf 64' lang='lat' dir='ltr'>&#39;I&#39;heooriims⁹</span> <span class='ocrx_word' id='word_1_327' title='bbox 1843 4432 2090 4494; x_wconf 84' lang='grc' dir='ltr'>αμυνδας</span> <span class='ocrx_word' id='word_1_328' title='bbox 2127 4433 2170 4485; x_wconf 91' lang='grc' dir='ltr'>Α</span> <span class='ocrx_word' id='word_1_329' title='bbox 2212 4434 2221 4499; x_wconf 87' lang='grc' dir='ltr'>Ι</span> <span class='ocrx_word' id='word_1_330' title='bbox 2263 4437 2345 4484; x_wconf 90' lang='grc'>10.</span> <span class='ocrx_word' id='word_1_331' title='bbox 2382 4431 2475 4485; x_wconf 87' lang='grc' dir='ltr'>καί</span> <span class='ocrx_word' id='word_1_332' title='bbox 2511 4446 2578 4496; x_wconf 90' lang='grc' dir='ltr'>με</span> <span class='ocrx_word' id='word_1_333' title='bbox 2613 4430 2679 4496; x_wconf 88' lang='lat' dir='ltr'>b,</span> <span class='ocrx_word' id='word_1_334' title='bbox 2717 4446 2807 4484; x_wconf 86' lang='grc' dir='ltr'>και</span> <span class='ocrx_word' id='word_1_335' title='bbox 2845 4445 2910 4494; x_wconf 91' lang='grc' dir='ltr'>με</span> <span class='ocrx_word' id='word_1_336' title='bbox 2947 4430 3119 4483; x_wconf 87' lang='grc' dir='ltr'>παλιν</span> <span class='ocrx_word' id='word_1_337' title='bbox 3144 4428 3188 4482; x_wconf 91' lang='grc' dir='ltr'>Α</span> <span class='ocrx_word' id='word_1_338' title='bbox 3229 4428 3238 4497; x_wconf 73' lang='grc'>1</span> 
     </span>
     <span class='ocr_line' id='line_1_43' title="bbox 658 4510 3243 4579; baseline 0.001 -16"><span class='ocrx_word' id='word_1_339' title='bbox 658 4517 731 4563; x_wconf 80' lang='lat' dir='ltr'>m.</span> <span class='ocrx_word' id='word_1_340' title='bbox 788 4513 994 4565; x_wconf 83' lang='grc' dir='ltr'>κάλεόν</span> <span class='ocrx_word' id='word_1_341' title='bbox 1060 4528 1124 4565; x_wconf 89' lang='grc' dir='ltr'>τε</span> <span class='ocrx_word' id='word_1_342' title='bbox 1188 4510 1224 4563; x_wconf 90' lang='lat' dir='ltr'>b</span> <span class='ocrx_word' id='word_1_343' title='bbox 1280 4510 1580 4577; x_wconf 79' lang='lat' dir='ltr'><strong>Homerus,</strong></span> <span class='ocrx_word' id='word_1_344' title='bbox 1646 4517 1944 4568; x_wconf 83' lang='grc' dir='ltr'>καλεονται</span> <span class='ocrx_word' id='word_1_345' title='bbox 1993 4517 2034 4569; x_wconf 91' lang='grc' dir='ltr'>Α</span> <span class='ocrx_word' id='word_1_346' title='bbox 2102 4518 2111 4579; x_wconf 88' lang='grc'>1</span> <span class='ocrx_word' id='word_1_347' title='bbox 2180 4521 2260 4572; x_wconf 86' lang='grc'>18.</span> <span class='ocrx_word' id='word_1_348' title='bbox 2312 4519 2602 4578; x_wconf 79' lang='grc' dir='ltr'>τοιοῦτον,</span> <span class='ocrx_word' id='word_1_349' title='bbox 2671 4516 2751 4569; x_wconf 83' lang='grc' dir='ltr'>ὡς</span> <span class='ocrx_word' id='word_1_350' title='bbox 2817 4512 3243 4579; x_wconf 83' lang='grc' dir='ltr'>ἀπανάγνωςμα</span> 
     </span>
     <span class='ocr_line' id='line_1_44' title="bbox 650 4594 3244 4666; baseline 0.002 -20"><span class='ocrx_word' id='word_1_351' title='bbox 650 4594 899 4661; x_wconf 70' lang='grc' dir='ltr'>ΚΒεΙιτε,</span> <span class='ocrx_word' id='word_1_352' title='bbox 938 4600 1204 4650; x_wconf 79' lang='grc' dir='ltr'>τοιοῦτον</span> <span class='ocrx_word' id='word_1_353' title='bbox 1240 4597 1606 4662; x_wconf 83' lang='grc' dir='ltr'>ἀνάγνωςμα,</span> <span class='ocrx_word' id='word_1_354' title='bbox 1646 4597 1739 4652; x_wconf 76' lang='lat' dir='ltr'>Ab</span> <span class='ocrx_word' id='word_1_355' title='bbox 1793 4600 1802 4663; x_wconf 89' lang='grc' dir='ltr'>Ι</span> <span class='ocrx_word' id='word_1_356' title='bbox 1854 4605 1936 4656; x_wconf 81' lang='lat'>23.</span> <span class='ocrx_word' id='word_1_357' title='bbox 1974 4600 2199 4655; x_wconf 79' lang='grc' dir='ltr'>ἔτευξεν</span> <span class='ocrx_word' id='word_1_358' title='bbox 2235 4597 2488 4665; x_wconf 69' lang='grc' dir='ltr'>ΚΙιοΙιτε,</span> <span class='ocrx_word' id='word_1_359' title='bbox 2526 4600 2758 4654; x_wconf 85' lang='grc' dir='ltr'>ἔτευξαν</span> <span class='ocrx_word' id='word_1_360' title='bbox 2794 4598 2887 4654; x_wconf 76' lang='lat' dir='ltr'>Ab</span> <span class='ocrx_word' id='word_1_361' title='bbox 2945 4599 2956 4666; x_wconf 92' lang='grc' dir='ltr'>Ι</span> <span class='ocrx_word' id='word_1_362' title='bbox 3007 4600 3070 4652; x_wconf 88' lang='grc' dir='ltr'>ὃς</span> <span class='ocrx_word' id='word_1_363' title='bbox 3109 4596 3144 4650; x_wconf 93' lang='lat' dir='ltr'>b</span> <span class='ocrx_word' id='word_1_364' title='bbox 3183 4598 3244 4650; x_wconf 78' lang='lat' dir='ltr'>et</span> 
     </span>
     <span class='ocr_line' id='line_1_45' title="bbox 651 4679 3246 4752; baseline 0.001 -20"><span class='ocrx_word' id='word_1_365' title='bbox 651 4680 724 4744; x_wconf 88' lang='grc' dir='ltr'>Α,</span> <span class='ocrx_word' id='word_1_366' title='bbox 779 4697 949 4747; x_wconf 82' lang='lat' dir='ltr'><strong>quem</strong></span> <span class='ocrx_word' id='word_1_367' title='bbox 986 4681 1022 4733; x_wconf 93' lang='lat' dir='ltr'>b</span> <span class='ocrx_word' id='word_1_368' title='bbox 1057 4680 1116 4732; x_wconf 88' lang='lat' dir='ltr'>in</span> <span class='ocrx_word' id='word_1_369' title='bbox 1155 4697 1268 4738; x_wconf 77' lang='lat' dir='ltr'><strong>var.</strong></span> <span class='ocrx_word' id='word_1_370' title='bbox 1305 4679 1434 4735; x_wconf 68' lang='lat' dir='ltr'><strong>leof„</strong></span> <span class='ocrx_word' id='word_1_371' title='bbox 1470 4681 1610 4736; x_wconf 72' lang='lat' dir='ltr'><strong>falso</strong></span> <span class='ocrx_word' id='word_1_372' title='bbox 1657 4682 1797 4737; x_wconf 75' lang='lat' dir='ltr'>dicit</span> <span class='ocrx_word' id='word_1_373' title='bbox 1829 4682 2039 4738; x_wconf 80' lang='lat' dir='ltr'>habere</span> <span class='ocrx_word' id='word_1_374' title='bbox 2078 4701 2156 4738; x_wconf 87' lang='grc' dir='ltr'>ως</span> <span class='ocrx_word' id='word_1_375' title='bbox 2216 4687 2225 4752; x_wconf 86' lang='grc'>1</span> <span class='ocrx_word' id='word_1_376' title='bbox 2295 4690 2379 4742; x_wconf 78' lang='lat'>24.</span> <span class='ocrx_word' id='word_1_377' title='bbox 2416 4683 2473 4738; x_wconf 87' lang='grc' dir='ltr'>αἳ</span> <span class='ocrx_word' id='word_1_378' title='bbox 2507 4683 2571 4750; x_wconf 86' lang='lat' dir='ltr'>b,</span> <span class='ocrx_word' id='word_1_379' title='bbox 2618 4699 2728 4740; x_wconf 87' lang='lat' dir='ltr'>om.</span> <span class='ocrx_word' id='word_1_380' title='bbox 2769 4686 2811 4740; x_wconf 91' lang='grc' dir='ltr'>Α</span> <span class='ocrx_word' id='word_1_381' title='bbox 2877 4686 2886 4744; x_wconf 82' lang='grc' dir='ltr'>Ι</span> <span class='ocrx_word' id='word_1_382' title='bbox 2950 4688 3033 4737; x_wconf 81' lang='lat'>25.</span> <span class='ocrx_word' id='word_1_383' title='bbox 3073 4683 3246 4748; x_wconf 81' lang='grc' dir='ltr'>ςαφές</span> 
     </span>
     <span class='ocr_line' id='line_1_46' title="bbox 650 4764 3243 4835; baseline 0.001 -18"><span class='ocrx_word' id='word_1_384' title='bbox 650 4764 824 4828; x_wconf 75' lang='grc' dir='ltr'>ἐςτιν,</span> <span class='ocrx_word' id='word_1_385' title='bbox 872 4766 1039 4818; x_wconf 81' lang='grc' dir='ltr'>ἕνεκα</span> <span class='ocrx_word' id='word_1_386' title='bbox 1083 4766 1294 4820; x_wconf 85' lang='grc' dir='ltr'>τούτου</span> <span class='ocrx_word' id='word_1_387' title='bbox 1340 4768 1429 4820; x_wconf 85' lang='grc' dir='ltr'>ὅτι</span> <span class='ocrx_word' id='word_1_388' title='bbox 1472 4765 1858 4834; x_wconf 80' lang='lat' dir='ltr'><strong>RSohneider,</strong></span> <span class='ocrx_word' id='word_1_389' title='bbox 1905 4769 2076 4835; x_wconf 86' lang='grc' dir='ltr'>ςαφές</span> <span class='ocrx_word' id='word_1_390' title='bbox 2123 4769 2274 4824; x_wconf 80' lang='grc' dir='ltr'>ἐςτιν</span> <span class='ocrx_word' id='word_1_391' title='bbox 2317 4770 2484 4823; x_wconf 84' lang='grc' dir='ltr'>ἕνεκα</span> <span class='ocrx_word' id='word_1_392' title='bbox 2527 4769 2767 4834; x_wconf 87' lang='grc' dir='ltr'>τούτου,</span> <span class='ocrx_word' id='word_1_393' title='bbox 2815 4769 2904 4822; x_wconf 87' lang='grc' dir='ltr'>ὅτι</span> <span class='ocrx_word' id='word_1_394' title='bbox 2947 4767 3013 4834; x_wconf 88' lang='lat' dir='ltr'>b,</span> <span class='ocrx_word' id='word_1_395' title='bbox 3068 4767 3243 4832; x_wconf 86' lang='grc' dir='ltr'>ςαφὲς</span> 
     </span>
     <span class='ocr_line' id='line_1_47' title="bbox 648 4848 1669 4922; baseline 0.007 -22"><span class='ocrx_word' id='word_1_396' title='bbox 648 4849 822 4914; x_wconf 83' lang='grc' dir='ltr'>ἐςτιν,</span> <span class='ocrx_word' id='word_1_397' title='bbox 860 4851 951 4903; x_wconf 84' lang='grc' dir='ltr'>ὅτι</span> <span class='ocrx_word' id='word_1_398' title='bbox 987 4850 1157 4906; x_wconf 82' lang='grc' dir='ltr'>ἕνεκα</span> <span class='ocrx_word' id='word_1_399' title='bbox 1191 4851 1405 4906; x_wconf 88' lang='grc' dir='ltr'>τούτου</span> <span class='ocrx_word' id='word_1_400' title='bbox 1441 4848 1669 4922; x_wconf 77' lang='lat' dir='ltr'>GUhlig</span> 
     </span>
    </p>
   </div>
  </div>
 </body>
</html>
