3738 5530
618 328 734 394 186
1517 334 1698 385 ΠΕΡΙ
1736 334 2297 386 ΕΠῙΡΡΗΜΑΤΩΝ.

1642 455 1688 493 p.
1716 445 1806 493 598,
1834 445 1884 485 31
1909 465 1962 474 —
1986 446 2077 493 601,
2104 445 2130 484 5
2156 445 2186 483 b

610 537 1144 618 παραγενόμενον
1192 538 1293 602 καὶ
1341 537 1826 621 βαςιλεύςαντα,
1884 538 2053 614 λέγω
2097 541 2209 617 τῆς
2256 540 2412 603 κατὰ
2460 539 2721 618 Κρήτην.
2771 576 2846 586 -
2908 540 3083 622 οἶμαι
3127 544 3206 621 δὴ

611 639 739 717 ὅτι,
809 639 864 704 εἰ
929 640 1333 705 κατάπυκνος
1403 638 1492 702 εἰς
1556 640 1674 704 τὸν
1738 643 2042 705 τοιοῦτον
2108 640 2524 720 ςχηματιςμόν
2591 641 2747 711 ἐςτι,
2827 644 2930 707 καὶ
2992 643 3069 707 τὸ
3133 643 3206 709 ἐξ
3243 656 3343 705 599

611 741 1067 822 οὐρανόθεν
1124 740 1488 816 ἀπολογίαν
1543 740 1666 805 ἕξει
1722 740 2053 822 (ἀφορμὴν
2112 741 2392 807 δεδωκός
2444 761 2558 806 τιςι
2614 747 2731 807 τοῦ
2788 747 3028 808 κακοῦν
3092 746 3206 810 τὰς

612 845 907 927 φράςεις·
975 843 1112 908 ἐπεὶ
1163 843 1287 922 γὰρ
1345 841 1467 920 οὐχ
1522 843 1694 919 ὑγιὲς
1745 845 1821 908 τὸ
1878 843 2088 917 λέγειν
2146 843 2224 910 ἐξ
2282 841 2639 923 οἴκοθεν,
2709 846 2903 926 φαςὶν
2962 844 3053 911 ὡς
3108 847 3207 910 καὶ

547 959 579 1006 5
614 948 901 1027 Ὅμηρος
944 945 1147 1027 <οὐκ>
1193 943 1289 1024 εἴη
1321 945 1707 1024 κεχρημένος
1742 950 1833 1030 τῷ
1874 945 1948 1011 ἐξ
1990 943 2501 1029 οὐρανόθεν),
2548 945 2765 1030 εἴ<γε>
2796 945 2914 1013 οὐκ
2943 947 3209 1027 ἄπειρός

614 1051 741 1115 ἐςτι
785 1047 1084 1125 τοιαύτης
1128 1052 1517 1127 παραγωγῆς
1564 1046 1804 1129 <κατὰ>
1849 1051 1967 1111 τοῦ
2013 1046 2214 1111 αὐτοῦ
2260 1047 2762 1130 ςημαινᾳιένου,
2805 1052 2923 1113 τοῦ
2969 1047 3204 1129 οὐρα·
3258 1071 3284 1111 5

613 1152 850 1217 νόθεν
905 1148 1064 1229 παρ’
1124 1147 1301 1232 αὐτῷ
1358 1147 1775 1227 ςημαίνοντος
1829 1150 1907 1214 τὸ
1964 1147 2285 1231 οὐρανοῦ,
2350 1148 2440 1212 ὡς
2494 1150 2596 1214 καὶ
2648 1149 2724 1214 τὸ
2776 1150 3074 1227 Ἴδηθεν
3128 1152 3205 1215 τὸ

612 1254 807 1331 Ἴδης·
867 1252 966 1315 καὶ
1013 1249 1221 1316 οὕτως
1264 1250 1304 1329 ἡ
1350 1250 1417 1316 ἐξ
1459 1250 1753 1329 πρόθεςις
1799 1250 1922 1317 ἕξει
1966 1251 2203 1329 χώραν.
2247 1287 2331 1298 —-
2383 1251 2423 1330 ἡ
2469 1250 2627 1329 αὐτὴ
2685 1250 3060 1332 ἐπιχείρηςις
3104 1252 3208 1317 ἐπὶ

615 1359 750 1421 τῶν
797 1354 1005 1418 οὕτως
1050 1351 1402 1432 εἰρημένων
1445 1351 1603 1432 παρ’
1647 1352 1846 1428 αὐτῷ.

517 1468 579 1515 10
784 1454 856 1521 Αἱ
901 1457 977 1534 δὴ
1021 1455 1420 1534 παρηγμέναι
1466 1453 1855 1534 ἀντωνυμίαι
1889 1454 2182 1520 ςύνταξιν
2225 1455 2339 1534 μὲν
2371 1454 2859 1533 ἐπιρρηματικὴν
2891 1455 3209 1520 οὐδέποτε
3263 1478 3313 1517 ιο

616 1558 1081 1639 ἀναδέχονται,
1128 1556 1280 1621 ὅςας
1326 1557 1398 1620 δέ
1444 1557 1762 1621 ςυντάξεις
1807 1556 2234 1634 ἀναδέχονται
2279 1555 2343 1620 αἱ
2385 1557 2660 1638 γενικαί,
2703 1556 2936 1621 ταύτας
2981 1555 3208 1622 ἀναδέ-

616 1680 862 1740 χονται.
949 1656 1274 1724 ἀδύνατον
1340 1661 1480 1722 τοῖς
1544 1658 1864 1722 τοιούτοις
1931 1657 2298 1736 ἐπιρρήμαςι
2358 1659 2735 1736 προςελθεῑν
2800 1678 2942 1723 τινα
3009 1656 3210 1737 ἄλλην

618 1762 934 1841 πρόθεςιν.
1010 1759 1090 1825 οὐ
1142 1759 1267 1838 γάρ
1322 1781 1416 1824 τις
1469 1759 1603 1839 ἐρεῖ
1655 1759 1810 1825 ἀπὸ
1867 1759 2254 1839 Λεςβόθεν
2308 1760 2347 1837 ἢ
2401 1760 2600 1838 πρὸς
2652 1759 3077 1840 Λεςβόθεν,
3138 1760 3210 1824 ἐν

616 1871 831 1948 γενικῇ
893 1865 965 1927 δέ
1022 1861 1175 1926 ἀπὸ
1219 1861 1516 1941 Λέςβου
1572 1862 1767 1939 πρὸς
1812 1861 2144 1942 Λέςβου,
2202 1862 2305 1925 καὶ
2357 1858 2507 1925 ὅςας
2554 1859 2756 1924 ἄλλας
2805 1860 3211 1940 ἐπιδέχονται
3265 1884 3314 1923 15

519 1974 579 2023 15
616 1965 947 2044 προθέςεις
994 1964 1057 2027 αἱ
1107 1963 1362 2041 γενικαί.
1437 1962 1846 2028 ἀπεδέδεικτο
1894 1961 2046 2045 οὖν,
2104 1960 2202 2026 ὅτι
2256 1962 2567 2027 πολλάκις
2623 1963 2780 2026 κατὰ
2834 1966 2951 2027 τοῦ
3006 1962 3208 2027 αὐτοῦ

616 2065 1083 2146 ςημαινομένου
1141 2063 1205 2129 αἱ
1259 2065 1641 2143 παραγωγαὶ
1697 2064 2148 2145 λαμβάνονται.
2227 2065 2327 2129 καὶ
2390 2061 2547 2141 ἣςαν
2601 2069 2753 2148 τῇδε
2818 2062 3212 2144 ἀντωνυμίαι

616 2168 1031 2249 παρηγμὲναι.
1105 2166 1206 2231 καὶ
1249 2168 1448 2248 ςαφὲς
1493 2166 1562 2230 ἐκ
1605 2170 1738 2231 τῶν
1784 2165 2306 2246 ςυνταςςομένων
2353 2165 2752 2244 προθέςεων,

1279 2267 1411 2332 ἀπὸ
1457 2269 1601 2335 ἕθεν
1646 2267 1758 2347 ἧκε
1802 2271 2042 2348 χαμᾶζε
2086 2269 2179 2348 (Μ
2223 2266 2407 2350 205),

846 2370 937 2443 ,ἐξ
981 2370 1202 2448 ἐμέθεν
1243 2375 1543 2447 γεγαῶτα
1584 2371 1628 2451 (Ι
1675 2369 1858 2455 456),
3259 2391 3311 2430 20

517 2483 583 2531 20
1193 2474 1323 2551 πρὸ
1369 2472 1513 2537 ἕθεν
1558 2472 1912 2538 κλονέοντα
1957 2473 2295 2552 φάλαγγας
2340 2469 2411 2556 (Ε
2455 2470 2583 2553 96).

615 2577 810 2656 ταύτῃ
841 2576 913 2639 δὲ
940 2582 1017 2660 τῇ
1051 2574 1337 2641 ςυντάξει
1367 2573 1455 2638 εἰς
1483 2573 1601 2639 τὸν
1633 2574 1833 2651 λόγον
1864 2578 2000 2639 τῶν
2031 2573 2455 2653 ἀντωνυμιῶν
2498 2575 3027 2651 καταριθμηθῆναι
3071 2573 3209 2651 χρή.

787 2678 881 2742 Τὰ
910 2677 1298 2757 προκείμενα
1327 2675 1719 2755 ἐπιρρήματα
1747 2676 2100 2756 παράγεται
2131 2676 2170 2753 ἢ
2202 2675 2363 2754 παρ’
2393 2673 2622 2753 ὄνομα,
2658 2675 2748 2739 ὡς
2777 2675 2852 2739 τὸ
2875 2674 3210 2756 Διόθεν,
3262 2691 3315 2733 25

618 2781 1074 2861 Ἀβυδόθεν,
1130 2779 1170 2856 ἢ
1215 2778 1380 2857 παρ’
1435 2778 1781 2859 ἐπίρρημα,
1838 2780 1929 2843 ὡς
1985 2779 2068 2843 τὸ
2113 2777 2495 2856 κάτωθεν,
2556 2776 2895 2858 ἄνωθεν,
2951 2777 2990 2855 ἢ
3034 2777 3214 2856 παρὰ

619 2882 951 2964 πρόθεςιν,
1020 2882 1387 2963 πρόςθεν,
1459 2879 1728 2958 ἐνθεν,
1794 2868 2148 2959 ὕπερθεν.
2233 2880 2556 2957 πρόκειται
2612 2879 2735 2958 γὰρ
2796 2878 2885 2943 ὡς
2937 2879 3039 2943 καὶ
3089 2876 3213 2942 ἀπ’

523 2990 589 3038 25
625 2985 1064 3065 ἀντωνυμιῶν.
1120 3018 1189 3028 --
1236 2983 1338 3047 καὶ
1381 2980 1505 3046 ἀπ’
1548 2982 1892 3062 ὀνομάτων
1937 2982 1977 3061 ἢ
2022 2980 2467 3060 ἐπιρρημάτων
2515 2981 2554 3059 ἢ
2598 2984 2732 3046 τῶν
2778 2980 2870 3045 ἔτι
2913 3000 3211 3059 παρακει-

621 3087 835 3166 μένων
884 3084 1197 3165 ςτοιχείου
1241 3082 1538 3166 ἀποβολῇ
1582 3087 1698 3147 τοῦ
1744 3085 1902 3148 κατὰ
1944 3082 2020 3146 τὸ
2049 3082 2238 3147 τέλος
2266 3082 2642 3165 παράγεται,
2687 3081 2818 3147 ἀπὸ
2862 3082 2978 3162 μὲν
3009 3081 3211 3148 ἀντω-
3264 3099 3316 3140 ³0

759 3290 976 3341 Aaou.
1036 3294 1068 3342 3
1106 3287 1302 3355 Itaque
1337 3301 1408 3339 ne
1444 3286 1501 3341 ἐξ
1537 3284 1850 3352 οὐρανόθεν
1886 3283 2115 3352 quidem
2141 3283 2449 3353 quidquam
2476 3282 2798 3338 offensionis
2820 3281 3022 3337 habet:
3059 3282 3211 3336 idem

623 3372 770 3429 euim
811 3374 912 3438 est,
949 3371 1101 3439 quod
1138 3373 1194 3427 ἐξ
1231 3372 1495 3439 οὐρανοῦ.
1534 3399 1600 3409 -
1640 3375 1702 3423 10
1737 3368 1857 3423 Hac
1894 3371 2086 3423 autem
2123 3384 2183 3423 re
2217 3367 2367 3422 inter
2402 3384 2460 3422 se
2497 3366 2767 3422 differunt
2798 3367 3133 3438 pronomina
3156 3368 3216 3421 et

624 3459 844 3511 ceterae
889 3471 1053 3510 voees
1098 3455 1159 3509 iu
1202 3460 1329 3521 ee‘v,
1383 3454 1535 3523 quod
1570 3453 1671 3508 ills.
1714 3470 1843 3508 oum
1888 3453 2146 3508 omuibus
2189 3452 2725 3523 praepositionibus,
2770 3452 3052 3521 quotquot
3085 3468 3213 3506 oum

621 3540 885 3612 genetivo
924 3540 1369 3610 coniunguntur,
1416 3538 1665 3593 construi
1699 3539 1958 3607 possunt,
2002 3537 2108 3593 hae
2153 3537 2462 3604 nequeunt.
2498 3567 2562 3576 —
2599 3542 2664 3590 22
2699 3535 2987 3591 Adverbia
3019 3536 3079 3590 in
3114 3540 3214 3590 θεν

626 3628 729 3680 aut
765 3643 801 3681 a
836 3624 1081 3690 nomine,
1116 3625 1218 3677 aut
1252 3623 1324 3677 ab
1361 3622 1649 3688 adverbio,
1687 3624 1788 3676 aut
1810 3638 1846 3676 a
1867 3623 2299 3692 praepositione,
2339 3623 2438 3676 aut
2461 3638 2497 3676 a
2516 3619 2849 3690 pronomine
2874 3620 3215 3676 derivantur.

625 3710 807 3765 Voces
852 3709 1176 3780 primitivae
1220 3708 1280 3762 in
1316 3706 1732 3777 diphthongum
1776 3706 2097 3762 desinentes
2132 3707 2372 3762 alteram
2407 3706 2656 3761 litteram
2690 3706 2750 3760 in
2787 3705 2897 3760 fine
2935 3704 3212 3772 abiciunt3

625 3795 674 3849 si
708 3796 767 3848 iu
803 3811 974 3849 unam
1011 3794 1264 3849 vocalem
1302 3792 1534 3860 exeunt,
1572 3794 1815 3850 servant.

758 3983 946 4038 Dmcs.
970 4001 1167 4038 scum.
1205 3989 1255 4037 2.
1275 3982 1709 4038 καταπυκνωςΑ
1734 3981 1741 4047 Ι
1765 3985 1812 4034 5.
1840 3980 1947 4034 οὐκ
1970 3978 2208 4033 inseruit
2230 3976 2604 4045 RSehneider,
2628 3978 2881 4048 <ἦςςον>
2901 3977 3177 4033 GDronke
3201 3978 3209 4047 Ι

622 4075 707 4140 τῷ
744 4068 811 4137 b,
857 4086 927 4124 το
963 4071 1007 4125 Α
1072 4072 1082 4134 Ι
1147 4069 1262 4135 εἴγε
1300 4068 1406 4123 οὐκ
1442 4067 1671 4135 ἄπειρός
1710 4066 1827 4120 ἐςτι
1861 4062 2247 4133 RSehneider‚
2284 4063 2333 4119 el
2367 4065 2472 4118 οὐκ
2508 4065 2738 4131 ἄπειρός
2772 4063 2887 4118 ἐςτι
2922 4063 3046 4129 Ab,
3090 4063 3216 4116 ἀλλ’

631 4154 854 4222 ἄπειροί
892 4153 991 4208 εἰςι
1028 4152 1306 4208 GDronke
1359 4154 1370 4220 Ι
1435 4157 1485 4205 6.
1523 4152 1667 4206 κατὰ
1701 4154 1808 4205 τοῦ
1845 4152 2025 4205 αὐτοῦ
2061 4150 2465 4219 ςημαινομένου
2503 4148 2567 4217 b,
2603 4164 2707 4203 του
2744 4165 2921 4203 αυτου
2957 4163 3214 4215 ςημαινο-

626 4254 959 4306 μαινεμενου
997 4240 1071 4306 Α,
1107 4239 1220 4307 (τῇ
1257 4238 1498 4307 γενικῆ)
1532 4236 1604 4290 τὸ
1641 4236 1783 4290 αὐτὸ
1820 4235 2227 4303 ςημαινομένης
2263 4234 2542 4290 GDronke
2596 4236 2606 4302 Ι
2658 4239 2708 4287 9.
2743 4232 3062 4302 (πάντων)
3094 4236 3216 4286 τῶν

625 4321 904 4378 GDronke
937 4326 946 4390 Ι
976 4324 1136 4391 αὐτῷ
1163 4320 1460 4388 GDronke‚
1498 4322 1679 4375 αὐτοῦ
1707 4320 1801 4376 Ab
1832 4322 1841 4389 Ι
1878 4325 1954 4376 12.
1983 4319 2208 4391 GUhlig
2232 4322 2364 4374 ante
2401 4320 2688 4375 ἀδύνατον
2721 4317 2984 4371 lacunam
3019 4316 3219 4371 statuit

625 4406 966 4477 explendam
1001 4407 1150 4462 hune
1186 4408 1306 4463 fere
1342 4407 1402 4460 in
1437 4406 1667 4461 modum
1703 4407 1889 4476 (ὅπερ
1925 4406 1993 4460 οὐ
2030 4404 2344 4472 παρείπετο
2379 4411 2466 4473 τῷ
2492 4405 2795 4471 Λεςβόθεν,
2833 4403 3059 4456 οἴκοθεν
3098 4442 3109 4453 .
3147 4438 3162 4454 .
3201 4441 3213 4453 .

625 4492 826 4561 εἴπερ)
865 4492 876 4562 Ι
926 4498 1007 4547 13.
1046 4510 1080 4562 η
1117 4509 1258 4560 προς
1298 4494 1563 4560 λεςβοθεν
1598 4493 1668 4547 Αι
1701 4491 1761 4544 in
1798 4506 1997 4559 marg„
2034 4490 2093 4542 et
2126 4489 2192 4555 b,
2229 4505 2335 4547 om.
2374 4491 2476 4555 A¹1
2524 4495 2604 4542 14,
2644 4503 2783 4556 προς
2820 4490 3017 4555 λεςβου
3055 4487 3124 4541 A²
3156 4484 3215 4538 in

624 4592 823 4646 marg„
862 4591 972 4631 om.
1007 4577 1075 4631 Αί
1113 4578 1174 4632 et
1205 4577 1244 4630 b
1274 4580 1283 4644 Ι
1328 4582 1407 4635 16.
1443 4592 1883 4644 ςημαινομαινου
1919 4575 1963 4629 Α
2000 4577 2009 4642 Ι
2055 4575 2406 4641 ἀντωνυμίαι
2442 4573 2480 4628 b
2517 4575 2578 4629 et
2610 4574 2688 4640 Α,
2723 4589 2893 4641 quem
2929 4572 2965 4626 b
3001 4572 3061 4625 in
3096 4586 3214 4626 var.

623 4662 752 4716 lect.
787 4677 901 4715 non
937 4662 1090 4717 reete
1127 4661 1268 4716 dicit
1298 4660 1510 4716 habere
1547 4675 1909 4728 αντωνυμια,
1946 4659 2085 4729 (ul)
2109 4659 2458 4726 ἀντωνυμίαι
2480 4658 2518 4713 b
2543 4658 2603 4712 in
2626 4675 2743 4712 var.
2770 4658 2901 4712 leet.
2930 4664 2940 4724 1
2974 4662 3051 4711 17.
3079 4672 3215 4722 προ-

624 4747 839 4801 θέςεων
873 4745 938 4812 b,
975 4748 1257 4803 πτώςεων
1293 4749 1337 4801 Α
1385 4747 1395 4814 Ι
1443 4751 1525 4798 24.
1560 4747 1667 4812 γὰρ
1703 4744 1796 4799 Ab
1833 4743 1890 4796 in
1925 4744 2113 4811 textu,
2153 4741 2236 4797 ‘R
2271 4744 2352 4800 δέ’
2390 4742 2428 4797 b
2463 4742 2521 4796 iu
2556 4758 2675 4799 var.
2716 4742 2845 4797 lect.
2869 4743 2906 4809 Ἰ
2954 4746 3037 4798 26.
3074 4740 3217 4795 κατὰ

624 4832 695 4888 τὸ
730 4830 797 4900 b,
834 4848 975 4887 κατο
1009 4834 1054 4889 Α
1086 4839 1095 4900 Ι
1125 4834 1240 4888 ἀπὸ
1276 4831 1397 4902 μὲν]
1436 4829 1533 4884 fol.
1574 4834 1670 4883 142
1698 4848 1751 4886 v.
