3738 5530
677 359 796 424 156
1590 363 1768 413 ΠΕΡΙ
1803 361 2361 415 ΕΠῙΡΡΗΜΑΤΩΝ.

1716 486 1759 523 p.
1786 474 1879 523 566,
1904 474 1929 513 2
1955 493 2006 504 —-
2031 472 2121 522 568,
2151 475 2173 513 1
2199 474 2230 514 b

674 565 1016 645 ὁμολόγως
1062 566 1182 632 οὖν
1224 567 1300 631 τὸ
1346 569 1461 646 μὲν
1508 567 1806 648 οὐδαμῶς
1842 571 2240 647 περιςπᾶται.
2277 604 2351 613 -
2400 570 2503 632 καὶ
2546 567 2638 632 ἔτι
2678 569 2856 647 παρὰ
2884 567 3263 647 Ἐπίκουρον

675 670 750 734 τὸ
798 668 976 747 ἀμῶς
1017 669 1092 748 γέ
1137 690 1298 753 πως,
1344 672 1652 749 ςημαῖνον
1697 670 1855 735 κατά
1901 690 2043 735 τινα
2083 670 2350 749 τρόπον,
2397 669 2529 734 ἀπὸ
2575 669 2890 736 ὀξυτόνου
2933 673 3050 735 τοῦ
3087 669 3265 747 ἀμός.
3315 683 3343 723 ⁵

678 771 818 835 ἐπεὶ
874 772 976 835 καὶ
1029 772 1230 837 πόθεν
1284 776 1671 850 περιεσπᾶτο
1727 772 1886 856 <τὸ>
1943 771 2148 851 ἀμῶς,
2208 771 2261 838 εἰ
2314 773 2395 852 μὴ
2450 772 2788 851 παρέκειτο
2847 771 3021 837 ὀξεῖα
3071 772 3265 850 τάςις,

676 873 836 937 καθὸ
882 875 985 938 καὶ
1027 873 1101 938 τὸ
1148 876 1357 939 καλῶς
1412 879 1505 956 τῷ
1566 872 1760 939 καλός
1814 876 2216 957 παράκειται;
2264 910 2340 921 -
2399 874 2552 938 Τοῖς
2607 875 2685 952 δὴ
2743 874 3063 939 τοιούτοις
3121 894 3265 953 ςυμ-

610 983 642 1032 5
678 975 1048 1054 παράκειται
1115 975 1509 1055 ἐπιρρήματα
1574 975 1962 1060 ὀξυνόμενα,
2043 976 2130 1042 εἰς
2197 977 2238 1041 ἆ
2304 978 2617 1059 λήγοντα,
2690 977 2932 1041 πυκνός
3012 980 3268 1041 πυκνῶς

677 1077 916 1155 πυκνά,
963 1078 1154 1142 καλός
1198 1080 1410 1143 καλῶς
1453 1078 1632 1142 καλά.
1710 1079 1887 1158 ὑγιὴς
1932 1076 2057 1157 ἄρα
2101 1078 2139 1156 ἡ
2186 1078 2357 1144 τάςις
2402 1079 2561 1143 κατὰ
2603 1080 2719 1157 τὴν
2775 1076 2992 1144 ὀξεῖαν
3050 1077 3122 1143 ἑν
3175 1085 3267 1159 τῷ

678 1178 947 1258 οὐδαμά.
3321 1192 3371 1230 ¹0

845 1279 1017 1358 Ἑξῆς
1064 1280 1296 1361 ῥητέον
1342 1282 1467 1346 ἑςτὶ
1511 1304 1611 1347 και
1656 1284 1803 1363 περὶ
1844 1289 1961 1350 τοῦ
2007 1282 2116 1367 ρᾀ
2179 1281 2481 1363 Αλκμάν·

934 1382 1024 1446 τίς
1071 1401 1220 1464 καν,
1267 1384 1361 1449 τίς
1406 1403 1577 1449 ποκα
1621 1385 1704 1469 ρᾴ

582 1492 644 1540 10
935 1484 1115 1549 ἄλλω
1159 1484 1324 1551 νόον
1369 1484 1609 1565 ἀνδρὸς
1652 1487 1938 1560 ἐπίςποι;
1985 1487 2093 1571 (fr.
2135 1487 2219 1550 42
2265 1485 2554 1574 Bergkss).

682 1588 844 1666 ὅπερ
901 1587 972 1652 ἐν
1028 1586 1214 1651 πάθει
1272 1592 1604 1667 προφανεῑ
1656 1589 1848 1656 ἐςτίν·
1906 1589 1945 1668 ἡ
2000 1591 2125 1668 γὰρ
2179 1590 2493 1669 μακρότης
2547 1593 2664 1654 τοῦ
2710 1591 2751 1653 ἆ
2808 1590 3116 1669 ἀλλοτρία
3158 1594 3269 1669 τῆς
3324 1599 3374 1638 ¹⁵

565 1709 572 1714 ·
683 1689 1199 1768 προλελεγμένης
1243 1691 1660 1768 καταλήξεως.
1721 1692 1879 1757 οὐδὲ
1922 1693 2046 1770 γὰρ
2091 1692 2298 1757 ἐκεῖνο
2343 1690 2468 1755 ἔςτι
2514 1692 2735 1775 φάναι,
2781 1692 2879 1756 ὅτι
2925 1693 3031 1756 διὰ
3075 1713 3270 1773 μονο-

686 1791 1026 1871 ςυλλαβίαν
1076 1790 1422 1857 ἐξετείνετο
1466 1792 1542 1857 τὸ
1589 1797 1663 1876 ἃ,
1710 1792 1841 1869 εἴγε
1886 1794 1986 1857 καὶ
2031 1792 2256 1871 ἕτερον
2302 1793 2468 1859 ἔςτιν
2508 1794 2836 1870 ἑπινοῆςαι
2883 1795 3272 1874 βραχυκατά-

686 1896 920 1971 ληκτον
986 1892 1502 1977 μονοςύλλαβον,
1566 1896 1642 1960 τὸ
1708 1894 1776 1971 ἅ,
1847 1895 2315 1973 παρακείμενον
2380 1901 2472 1976 τῷ
2542 1894 2631 1960 ὥς
2646 1944 2665 1978 ,
2739 1893 3142 1976 ὁμοφωνοῦν
3206 1917 3273 1961 τε

589 2001 649 2048 15
686 1998 1076 2076 πληθυντικῇ
1132 1999 1442 2078 προφορᾷ
1494 2002 1571 2081 τῇ
1617 1997 1795 2075 παρὰ
1845 1996 1921 2060 τὸ
1967 1995 2071 2079 ὅς,
2128 1997 2199 2077 ἅ,
2257 1995 2346 2060 ὡς
2390 1995 2632 2062 πυκνός
2677 1997 2919 2064 πυκνά·
2974 1997 3135 2077 ὑπὲρ
3193 1997 3272 2063 οὗ
3324 2007 3377 2047 20

685 2098 847 2161 κατὰ
889 2095 965 2160 τὸ
1010 2096 1432 2174 προκείμενον
1478 2094 1747 2180 εἴρηται,
1805 2098 1878 2165 ἐν
1924 2099 1978 2182 ᾧ
2025 2099 2441 2178 διειλήφαμεν
2487 2100 2587 2163 καὶ
2630 2099 2777 2178 περὶ
2819 2103 2934 2164 τοῦ
2980 2097 3130 2178 ηὗτε
3175 2101 3276 2164 καὶ

686 2199 834 2276 περὶ
874 2200 993 2261 τοῦ
1039 2198 1171 2261 ἅτε.
1255 2198 1408 2264 οὐδὲ
1452 2202 1572 2278 μὴν
1618 2200 1829 2265 ἐκεῖνο
1874 2198 2000 2265 ἔςτι
2044 2201 2544 2284 παραδέξαςθαι,
2600 2200 2689 2266 ὡς
2741 2200 2967 2279 ὅμοιόν
3011 2200 3139 2268 ἐςτι
3183 2206 3274 2284 τῷ

689 2299 816 2384 ἰδίᾳ
861 2300 962 2363 καὶ
1007 2299 1290 2383 δημοςίᾳ,
1336 2302 1492 2366 καθὸ
1538 2301 1701 2384 (οὐ)
1748 2302 2152 2382 ςυνεμπίπτει
2198 2301 2483 2381 ὀνόματι,
2530 2301 2814 2381 καθάπερ
2860 2304 2963 2368 καὶ
3003 2303 3084 2368 τὰ
3114 2324 3274 2383 προ-

689 2401 959 2480 κείμενα.
1006 2438 1089 2448 —-
1147 2403 1309 2466 Ἔςτι
1353 2423 1426 2478 γε
1471 2405 1592 2482 μὴν
1637 2405 1784 2483 περὶ
1826 2408 1937 2482 τῆς
1981 2407 2235 2485 γραφῆς
2293 2403 2641 2482 ἐπιςτῆςαι,
2702 2403 2755 2467 εἰ
2798 2405 2901 2468 καὶ
2945 2405 3056 2471 ςὺν
3100 2410 3194 2488 τῷ
3241 2409 3275 2468 ῑ
3328 2416 3379 2455 2⁶

587 2508 655 2556 20
692 2503 1084 2583 γεγράψεται
1126 2504 1203 2568 τὸ
1252 2504 1359 2583 ῥά·
1410 2504 1563 2570 οὐδὲ
1607 2507 1731 2583 γὰρ
1776 2506 1815 2585 ἡ
1861 2510 1995 2571 τῶν
2040 2505 2463 2585 ἀντιγράφων
2492 2507 2842 2585 παράδοςις
2871 2504 3277 2588 ἑξωμάλιςτο,

691 2605 954 2685 ἀφορμὴ
1013 2607 1128 2686 μὲν
1188 2605 1308 2672 οὖν
1366 2607 1624 2682 ἐγένετο
1681 2612 1799 2672 τοῦ
1856 2607 2001 2687 δίχα
2051 2611 2168 2672 τοῦ
2221 2611 2255 2671 ῑ
2315 2608 2668 2688 γράφεςθαι
2720 2609 2797 2671 τὸ
2853 2609 3278 2689 προκείμενον

695 2705 1010 2788 ἐπίρρημα
1052 2707 1090 2786 ἡ
1134 2712 1253 2774 τοῦ
1301 2708 1416 2788 ῥέα
1460 2710 1840 2795 ςυναλοιφή,
1886 2715 2005 2775 τοῦ
2050 2715 2083 2775 ἒ
2129 2711 2300 2776 καὶᾶ
2331 2708 2419 2776 εἰς
2448 2711 2693 2791 μακρὸν
2734 2715 2777 2774 ἃ
2807 2709 3281 2794 ςυνῃρημένων.

693 2812 772 2889 ἣν
821 2809 899 2875 οὐ
943 2810 1484 2893 παραδεξαίμεθα,
1541 2813 1700 2877 κατὰ
1741 2818 2005 2891 πρῶτον
2051 2815 2165 2893 μὲν
2211 2813 2445 2893 λόγον,
2499 2812 2715 2877 καθότι
2760 2811 2841 2876 οὐ
2886 2814 3279 2891 περιςπᾶται,
3333 2823 3386 2862 ³0

694 2913 797 2976 καὶ
852 2911 1061 2975 καθὼς
1116 2909 1418 2994 εἴπομεν,
1476 2911 1573 2977 ὅτι
1629 2914 1728 2979 καὶ
1784 2914 2114 2993 πρόςθεςίς
2170 2914 2295 2979 ἐςτι
2346 2918 2464 2979 τοῦ
2508 2917 2574 2978 ἶ·
2632 2914 2789 2978 κατὰ
2846 2913 2918 2979 δὲ
2975 2913 3280 2993 δεύτερον

594 3019 661 3066 25
696 3012 1100 3091 διαπορήςειέ
1164 3034 1287 3092 τις,
1355 3013 1524 3097 ποίῳ
1589 3016 1762 3099 λόγῳ
1820 3016 2068 3082 Αἰολεῖς
2133 3018 2207 3082 τὸ
2266 3004 2303 3098 ᾗ
2366 3017 2782 3096 προςέθηκαν.
2858 3016 3103 3094 μήποτε
3160 3014 3281 3080 οὖν

835 3232 1051 3289 Anava.
1102 3236 1134 3285 9
1159 3233 1256 3298 Ῥᾴ
1282 3232 1481 3286 vocula
1503 3240 1538 3288 ἃ
1561 3233 1790 3303 longam
1813 3235 2017 3301 habet,
2053 3235 2202 3302 quod
2240 3234 2543 3292 insolitum.
2582 3264 2643 3272 —
2686 3240 2748 3288 19
2784 3232 2889 3299 Qui
2926 3234 2978 3288 ei
3013 3236 3033 3287 ἰ
3068 3235 3283 3287 mutam

699 3315 831 3370 addi
881 3316 1211 3385 noluerunt,
1260 3332 1385 3370 eam
1431 3333 1498 3371 ex
1544 3320 1644 3386 ῥέα
1691 3321 2035 3373 contractam
2074 3335 2191 3373 esse
2237 3319 2642 3377 existimarunt.
2713 3318 2873 3384 Quod
2910 3319 3137 3386 probari
3173 3335 3284 3373 non

696 3404 912 3471 potest:
950 3403 1242 3455 notaretur
1277 3401 1427 3455 enim
1464 3403 1839 3458 circumflexo.

838 3622 1069 3678 Tae-rm.
1145 3630 1164 3675 1
1207 3622 1293 3678 Et.
1331 3621 1406 3676 M.
1444 3630 1538 3692 95,
1576 3630 1639 3678 22
1661 3617 1859 3681 Ἔστιν
1894 3645 2077 3695 ονομα
2115 3619 2290 3693 dude,
2329 3624 2726 3693 ἰσοδυναμοῦν
2762 3622 2837 3694 τῷ
2874 3623 2960 3686 τὶς
2999 3624 3285 3693 Δωρικῶς,

701 3703 763 3774 ἐξ
802 3699 873 3762 οὗ
910 3707 1009 3762 καὶ
1035 3702 1098 3761 τὸ
1125 3703 1186 3762 ἐν
1206 3699 1512 3786 Ὀδυσσείᾳ
1552 3711 1711 3765 *Τῶν
1747 3706 1978 3780 ‹iudaea›
2016 3719 2102 3778 γε’
2143 3705 2271 3765 ἀντὶ
2314 3707 2418 3765 τοῦ
2444 3705 2586 3764 ’ἀπό
2608 3728 2765 3771 τινος
2788 3705 2999 3777 μέρους
3026 3700 3288 3763 tovtmv’.

694 3785 792 3846 Ἐκ
829 3792 932 3860 τῆς
966 3794 1199 3861 γενικῆς
1236 3789 1348 3848 τῶν
1385 3797 1801 3862 πληθυντικῶν
1837 3798 2063 3865 γίνεται
2101 3791 2388 3865 ἐπίρρημα
2425 3788 2735 3863 μεσότητος
2772 3784 2946 3861 ἆμῶς.

839 4013 1033 4068 Βιεοιι.
1069 4033 1279 4068 εοιιιΡτ.
1363 4021 1408 4072 1.
1453 4017 1606 4084 παρὰ
1652 4017 1978 4086 Ἐπίκουρον
2021 4017 2142 4083 Ab,
2195 4015 2526 4070 DRuhnken
2580 4014 2914 4081 Ἐπίκουρον
2965 4013 3292 4082 corruptum

706 4101 929 4166 censet,
968 4102 1121 4165 παρὰ
1149 4100 1461 4171 Ἐπικούρῳ
1500 4103 1705 4168 ςυχνὸν
1743 4103 1834 4156 vel
1872 4106 2019 4157 πολὺ
2056 4102 2147 4156 vel
2183 4101 2363 4165 simile
2400 4100 2536 4169 quid
2574 4098 2781 4155 conicit
2809 4100 2846 4151 b
2881 4099 2941 4151 in
2973 4114 3089 4151 var.
3125 4096 3250 4150 lect..
3280 4098 3288 4163 1

704 4190 753 4242 2.
801 4200 904 4237 του
953 4186 1015 4239 A·
1065 4185 1122 4237 in
1168 4202 1344 4254 marg.
1408 4188 1416 4250 Ι
1478 4193 1525 4239 3.
1575 4188 1645 4240 τὸ
1691 4187 1817 4241 add.
1855 4187 1892 4240 b
1955 4191 1965 4255 1
2017 4194 2065 4244 4.
2101 4190 2170 4241 τὸ
2209 4189 2396 4241 καλως
2432 4202 2517 4239 τω
2555 4187 2725 4238 καλος
2760 4186 2832 4250 Α,
2879 4188 2966 4251 τῷ
3004 4186 3190 4237 καλῶς
3223 4183 3293 4236 τὸ

707 4270 877 4324 καλός
915 4268 951 4320 b
1001 4270 1010 4335 Ι
1061 4275 1109 4321 9.
1146 4269 1230 4324 τίς
1269 4287 1373 4322 καν
1410 4269 1749 4334 HLAhrenS,
1787 4273 1873 4326 τίς
1910 4289 2017 4326 καν
2052 4272 2143 4324 vel
2180 4287 2252 4324 κα
2287 4270 2459 4324 etiam
2494 4268 2794 4337 ThBergk,
2830 4268 2916 4322 τίς
2949 4268 3019 4320 ἄν
3054 4266 3173 4329 Ab,
3209 4266 3295 4320 τίς

708 4354 759 4407 δ’
795 4354 865 4406 ἂν
902 4353 1015 4405 Fw
1021 4352 1409 4408 Schneidewin
1456 4359 1465 4421 Ι
1511 4358 1581 4424 ῥᾲ
1614 4355 1765 4410 haud
1802 4356 1972 4410 dubie
2010 4355 2174 4410 scribi
2222 4354 2400 4409 voluit
2433 4352 2779 4422 Apollonius,
2816 4355 2909 4420 ‘662
2943 4351 3167 4420 scripsi,
3215 4353 3301 4405 est

709 4438 859 4492 enim
910 4455 977 4491 ex
1026 4440 1126 4506 ῥέα
1174 4441 1541 4494 contractum'
1581 4440 1885 4509 ThBergk‚
1942 4459 2012 4509 ρα
2050 4444 2120 4508 Α,
2177 4457 2246 4493 an
2288 4439 2529 4493 voluerit
2563 4437 2796 4492 Alcman
2842 4437 3031 4506 potius
3074 4438 3164 4505 ῥᾷ’
3207 4435 3298 4489 vel

708 4525 798 4591 ῥᾱ’
845 4523 1074 4577 dubitat
1109 4523 1425 4578 HLAhrens
1479 4530 1485 4591 Ι
1544 4532 1620 4579 10.
1658 4529 1815 4581 ἄλλω
1851 4527 1918 4594 b,
1955 4529 2100 4581 αλλα
2137 4527 2178 4579 Α
2229 4526 2239 4591 Ι
2296 4531 2373 4578 17.
2413 4527 2541 4591 περὶ
2576 4527 2680 4577 τοῦ
2712 4524 2814 4575 ἅτε
2851 4521 2886 4574 b
2922 4522 2981 4574 in
3015 4536 3131 4574 var.
3168 4520 3300 4577 lect.

710 4606 1099 4675 ChALobeck,
1139 4626 1344 4664 πεςατε
1384 4614 1426 4664 Α
1467 4610 1502 4663 b
1537 4611 1595 4663 in
1631 4613 1819 4677 textu,
1857 4617 1961 4665 τοῦ
1998 4615 2098 4666 ἅτε
2137 4609 2413 4664 GDronke
2441 4607 2923 4673 GFSchoemann!
2965 4612 3041 4661 18.
3070 4606 3137 4659 οὐ
3164 4603 3292 4659 add.

710 4692 745 4746 b
779 4699 787 4757 ι
818 4697 900 4749 21.
935 4698 1039 4747 τοο
1076 4693 1201 4761 δίχα
1235 4694 1410 4759 1),το
1444 4698 1566 4763 διχα
1604 4698 1645 4750 Α
1679 4700 1689 4762 Ι
1727 4703 1809 4750 22.
1848 4700 2122 4764 ςυναλιφη
2144 4699 2186 4769 ᾼ
2220 4698 2227 4760 1
2260 4702 2341 4749 23.
2368 4695 2462 4762 οὐ]
2490 4693 2587 4746 fol.
2621 4698 2714 4745 129
2737 4709 2780 4750 r
2812 4692 2822 4759 Ι
2852 4693 3297 4758 παραδεξαιμεθα

713 4779 785 4843 Α,
824 4780 1263 4845 παραδεξαίμεθ’
1297 4783 1367 4836 ἂν
1402 4781 1474 4849 b!
1510 4787 1591 4834 24.
1628 4783 1758 4854 post
1790 4783 2059 4853 δευτερον
2094 4780 2240 4837 duae
2278 4780 2501 4833 litterae
2539 4784 2729 4835 erasae
2764 4776 2823 4832 in
2860 4779 2904 4832 Α
2936 4779 2945 4844 Ι
2976 4780 3058 4830 26
3081 4777 3150 4830 τὸ
3179 4778 3208 4842 β
3240 4774 3296 4838 b,

711 4877 781 4919 το
815 4854 1081 4933 δευτερον
1118 4868 1160 4923 Α
