3738 5530
563 367 1004 424 Commentarius
1032 369 1260 425 criticus
1290 371 1350 424 et
1375 370 1697 439 exegeticus
1724 370 1784 423 in
1811 370 2101 440 Apollonii
2127 370 2358 441 Dyscoli
2386 373 2599 442 scripta
2624 373 2857 429 minora..
2930 375 3062 440 229

443 538 689 599 Lentzio
733 530 1074 620 restitutus)
1121 533 1343 600 Ἡνίκα
1389 535 1617 614 εὑρέθη
1664 535 2035 615 διαπόρηςις
2081 536 2239 614 μετὰ
2285 536 2688 613 διαζεύξεως,
2752 539 2899 605 τότε
2944 540 3062 605 τὸν

445 625 559 702 μὲν
605 627 868 703 πρῶτον
906 626 943 703 ἦ
982 623 1427 702 ὀξυτονητέον,
1474 626 1591 689 τὸν
1638 625 1710 689 δὲ
1757 625 2064 704 δεύτερον
2109 628 2585 704 περιςπαςτέον,
2635 625 2778 692 οἷον
2825 632 2862 693 λ
2906 636 3059 692 172·

445 713 705 778 ἐναντία
750 713 874 792 γὰρ
912 717 1115 778 ταῦτα
1161 714 1493 793 μαχόμενα
1529 715 1633 778 καὶ
1671 713 1801 792 ἅμα
1847 711 2010 779 εἶναι
2049 715 2127 780 οὐ
2166 715 2507 793 δυνάμενα.
2582 718 2684 781 καὶ
2722 717 2827 782 διὰ
2865 721 3060 783 τοῦτο

445 803 744 882 ἐρώτηςις
807 802 911 867 καὶ
976 801 1217 882 ἀπορία
1281 804 1438 883 μετὰ
1501 802 1896 869 διαζεύξεως.
1997 805 2259 869 τοιοῦτό
2316 804 2443 870 ἐςτι
2506 806 2610 870 καὶ
2672 807 2748 871 τὸ
2805 826 2848 870 α
2906 815 3058 871 175·

443 895 869 969 διαζευκτικῆς
917 891 1037 957 οὖν
1084 891 1275 970 οὔςης
1329 896 1441 970 τῆς
1487 892 1729 957 τάξεως
1774 897 1908 957 τῶν
1954 898 2445 973 διαπορητικῶν,
2493 894 2532 959 6
2579 897 2695 975 μὲν
2741 897 3059 976 πρότερος

443 981 760 1058 ὀξύνεται,
824 980 862 1044 6
918 983 990 1046 δὲ
1046 982 1348 1061 δεύτερος
1410 985 1803 1061 περιςπᾶται.
1896 981 2090 1047 οὗτος
2145 984 2217 1047 δὲ
2274 983 2312 1047 6
2370 985 2876 1064 περιςπώμενος,
2944 986 3059 1051 ἐὰν

443 1070 770 1156 προςλάβῃ
825 1071 903 1135 τὸ
956 1072 1016 1147 ἒ,
1073 1071 1384 1152 φυλάττει
1436 1072 1554 1149 τὴν
1611 1072 2116 1150 περιςπωμένην,
2178 1071 2322 1137 οἷόν
2370 1072 2535 1138 ἐςτιν
2585 1076 2639 1135 Α
2691 1081 3056 1140 190-192.

442 1161 558 1225 τὸν
614 1161 730 1238 μὲν
784 1160 1107 1241 πρότερον
1163 1160 1509 1239 ςύνδεςμον
1568 1162 2059 1241 βαρυτονητέον,
2119 1162 2237 1226 τὸν
2282 1163 2357 1227 δὲ
2402 1162 2707 1242 δεύτερον
2754 1184 3055 1245 περιεπα-

444 1250 652 1316 ςτέον·
726 1251 1142 1329 διαπορητική
1190 1251 1313 1330 γάρ
1361 1250 1527 1315 ἐςτιν
1582 1249 1622 1328 ἡ
1670 1250 1972 1317 ςύνταξις.
2015 1287 2102 1298 --
2147 1250 2304 1316 Ὅτε
2351 1253 2423 1316 δὲ
2469 1253 2684 1330 μόνως
2731 1252 3056 1333 ἐρωτημα-

439 1340 612 1404 τικός
667 1337 833 1403 ἐςτιν
880 1338 918 1402 6
964 1338 1003 1417 ἦ
1053 1340 1245 1419 χωρὶς
1283 1339 1684 1415 διαζεύξεως,
1741 1339 1860 1404 κᾶν
1910 1339 2077 1405 ἅπαξ
2124 1340 2243 1405 κᾶν
2289 1341 2598 1406 πολλάκις
2645 1347 3056 1428 παραληφθῇ,

439 1432 839 1508 περιςπᾶται,
908 1430 988 1507 μὴ
1054 1427 1243 1507 οὔςης
1299 1432 1412 1506 τῆς
1477 1429 1846 1509 ἐρωτήςεως
1914 1429 1985 1493 ἐν
2042 1429 2364 1498 διαζεύξει.
2460 1430 2530 1495 ἐν
2596 1432 2711 1510 μὲν
2777 1432 2899 1511 γὰρ
2965 1439 3058 1518 τῷ

439 1517 509 1596 ‘fl
557 1519 783 1597 δολιχὴ
831 1521 1062 1584 νοῦςος
1097 1518 1138 1596 ἢ
1175 1518 1468 1599 Ἄρτεμι(
1511 1518 1824 1598 ἰοχέαιρα’
1873 1520 2305 1585 διαζευκτικὸν
2340 1519 2418 1584 τὸ
2458 1519 2794 1599 αἰφνιδίως
2839 1525 3056 1586 τελευ-

437 1611 616 1686 τῆςαι
661 1611 780 1672 τοῦ
827 1612 1310 1687 μακροχρονεῑν.
1394 1608 1547 1673 ὅθεν
1594 1607 1632 1672 6
1679 1612 1939 1687 πρῶτος
1986 1609 2354 1685 ἐγκλίνεται,
2403 1609 2441 1673 6
2479 1611 2552 1674 δὲ
2599 1610 2897 1690 δεύτερος
2944 1632 3055 1676 πε-

438 1700 747 1778 ριςπᾶται.
839 1696 911 1761 ἐν
958 1697 1173 1776 μέντοι
1220 1700 1355 1761 τοῖς
1400 1697 1842 1775 ὑποκειμένοις
1890 1697 2062 1763 ἔπεςι
2118 1697 2355 1763 πάντες
2409 1703 2839 1778 περιςπῶνται
2896 1700 3054 1781 έρω-

437 1787 765 1865 τηματικοὶ
810 1785 1021 1862 ὄντες,
1071 1787 1188 1850 οὐκ
1235 1786 1307 1851 ἐν
1353 1786 1684 1854 διαζεύξει·

615 1875 691 1954 ἦέ
737 1897 795 1940 τι
843 1875 1303 1956 Μυρμιδόνεςςι
1351 1876 1733 1956 πιφαύςκεαι
1779 1874 1819 1954 ἦ
1869 1876 2010 1955 ἐμοὶ
2054 1876 2258 1961 αὐτῷ;

435 1966 474 2045 ἦ
522 1971 616 2051 τῷ
664 1965 940 2044 Ἀχιλλεῖ
984 1963 1023 2044 ἦ
1071 1969 1208 2029 τοῖς
1255 1966 1664 2044 Μυρμιδόςιν,
1713 1964 1853 2030 ἀντὶ
1900 1968 2018 2031 τοῦ
2065 1965 2278 2051 τούτῳ
2325 1966 2655 2049 κάκείνοις.

612 2054 688 2134 ἦέ
734 2054 849 2119 τιν’
897 2054 1201 2132 ἀγγελίην
1248 2055 1445 2133 Φθίης
1491 2054 1557 2121 ἐξ
1605 2054 1825 2120 ἔκλυες
1872 2053 2011 2121 οἶος
2057 2051 2153 2141 (Π
2193 2062 2292 2119 12.
2335 2061 2416 2120 13
2460 2077 2474 2131 ;

611 2143 689 2223 ἦε
735 2142 867 2220 ςύγ’
915 2143 1221 2223 Ἀργείων
1267 2143 1624 2223 ὀλοφύρεαι
1671 2143 1761 2208 ὡς
1807 2143 2145 2209 ὀλέκονται
2192 2141 2286 2231 (Π
2328 2152 2408 2209 17

613 2237 837 2309 Quibus
883 2238 1068 2297 Lentz
1114 2237 1568 2297 scholiastarum
1611 2238 1959 2298 testimonia
2004 2238 2237 2298 adiecit.
2906 2261 2914 2265 ·

616 2329 762 2403 224,
783 2328 820 2386 5
862 2322 1008 2388 ὧςεί
1045 2327 1205 2403 apud
1237 2326 1350 2403 Ap.
1380 2328 1615 2403 saepius
1652 2326 1812 2386 idem
1847 2329 1938 2387 est
1976 2327 2135 2404 quod
2174 2323 2278 2399 ὡς,
2314 2323 2493 2404 ‘wie',
2529 2332 2599 2389 ut
2633 2332 2789 2406 synt.
2816 2331 2919 2406 96,
2943 2333 3054 2406 183

434 2418 582 2478 coni.
616 2418 885 2491 227,26.
927 2418 1209 2491 236,17;
1254 2416 1460 2492 itaque
1497 2419 1679 2475 etiam
1718 2412 1864 2477 ὡςεὶ
1909 2414 2013 2478 καὶ
2061 2412 2114 2477 εἰ
2160 2417 2303 2477 ferri
2348 2436 2521 2495 posse
2565 2421 2729 2495 pute.

614 2508 818 2581 224,7
868 2500 1239 2585 δεδείξεται]
1288 2506 1436 2565 coni.
1480 2507 1748 2581 254,16.

614 2597 866 2671 224,10
913 2595 990 2655 ad
1034 2614 1201 2672 pron.
1247 2597 1436 2670 7,143
1482 2595 1659 2655 schol.
1690 2595 1747 2655 A
1788 2595 1864 2654 ad
1904 2591 1955 2655 Α
1995 2597 2123 2655 120
2169 2590 2207 2655 ὅ
2255 2591 2386 2675 μοι]
2436 2590 2736 2673 ἀποκοπὴ
2784 2597 2902 2660 τοῦ
2951 2593 3050 2659 ὅτι

433 2702 562 2761 μοι;
611 2684 790 2746 schoL
828 2684 877 2755 Q
925 2685 1001 2744 ad
1048 2700 1089 2756 γ
1130 2686 1271 2744 146.
1357 2684 1499 2745 Lob.
1537 2685 1652 2744 En.
1691 2684 1754 2742 11
1801 2686 1946 2744 297.

612 2777 757 2851 224,
782 2777 865 2835 10
911 2772 1001 2836 ὥς
1045 2790 1237 2847 τινες,
1287 2775 1503 2835 omisso
1549 2775 1729 2836 verbo
1775 2775 2057 2852 putandi3
2111 2774 2189 2835 ad
2231 2795 2399 2852 pron.
2434 2778 2626 2852 7‚28;
2663 2771 3052 2859 <ᾡήθηςαν>

432 2865 768 2926 addendum
813 2883 938 2925 esse
984 2867 1183 2925 censet
1226 2864 1506 2943 Egenolff
1543 2864 1575 2923 I
1622 2866 1767 2924 847.

613 2956 760 3028 224,
783 2956 860 3014 11
912 2952 1326 3033 corrigendum
1380 2972 1504 3015 esse
1554 2949 1594 3030 ἦ
1641 2956 1800 3014 recte
1853 2957 2057 3014 monet
2102 2954 2387 3015 Ludwich
2441 2955 2505 3014 in
2551 2955 2704 3015 Ann.
2752 2957 2870 3016 litt.
2917 2957 3048 3017 Jen.

611 3136 760 3210 224,
793 3134 1050 3192 11—12
1112 3130 1284 3193 πᾶςα
1333 3129 1499 3196 λέξις
1534 3164 1623 3175 —-
1660 3128 2091 3212 δηλούμενον]
2153 3134 2224 3195 cf.
2265 3133 2413 3193 coni.
2465 3135 2611 3210 254,
2643 3135 2846 3211 5—63
2904 3135 3050 3197 Lob.

612 3314 757 3388 224,
781 3313 861 3372 13
911 3308 1127 3388 φαμὲν
1172 3306 1309 3390 <δῶ
1358 3306 1428 3372 ἐν
1475 3305 1776 3391 ἀποκοπῇ
1824 3310 1943 3372 τοῦ
1979 3307 2230 3391 δῶμα>·
2303 3306 2473 3374 ἀλλὰ
2508 3307 2703 3374 πάλιν
2741 3312 3050 3388 δηλοῦται

431 3399 509 3464 τὸ
556 3402 764 3476 δῶμα·
837 3396 1194 3481 (δέδεικται
1230 3397 1353 3475 γὰρ
1392 3395 1524 3481 nbc>
1567 3397 1650 3461 τὰ
1696 3395 1865 3476 πάθη
1914 3396 1994 3461 οὐ
2031 3400 2163 3461 τῶν
2206 3398 2624 3476 δηλουμένων
2670 3397 2880 3482 <ἀλλά
2917 3403 3050 3463 τῶν

429 3487 719 3570 φωνῶν>
776 3491 1056 3569 Egenolff
1091 3491 1124 3549 I
1171 3491 1328 3565 8473
1382 3486 1461 3551 οὐ
1522 3490 1655 3550 τῶν
1710 3485 2128 3564 δηλουμένων
2187 3485 2371 3569 (ἀλλ’
2428 3487 2507 3552 οὐ
2564 3491 2697 3552 τῶν
2758 3489 3048 3571 φωνῶν>

428 3578 530 3640 καὶ
591 3577 630 3654 ἡ
691 3575 868 3655 παρά
892 3577 979 3658 (P)
1040 3580 1223 3640 Lehrs
1284 3582 1346 3639 in
1393 3580 1548 3639 Ann.
1595 3580 1711 3639 litt.
1759 3578 1890 3639 Jen.
1944 3581 2113 3640 1879
2159 3600 2218 3657 p.
2260 3583 2404 3640 224.
2498 3580 2663 3651 Quae
2722 3585 3051 3658 sequuntur

426 3670 640 3731 Matth„
668 3670 701 3728 I
732 3671 812 3730 26
853 3672 938 3730 sic
973 3670 1187 3730 reficit:
1233 3667 1337 3730 καὶ
1370 3665 1411 3744 ἡ
1450 3664 1628 3745 παρά
1664 3664 1918 3740 λέγεται
1954 3664 2111 3743 πάρ·
2178 3664 2332 3745 ’πὰρ
2362 3665 2563 3744 Ζηνί’,
2604 3666 2757 3746 (πὰρ
2796 3666 3047 3751 Φόλῳ’·

428 3754 573 3838 (καὶ
627 3755 746 3819 οὐκ
799 3754 1113 3837 ἔλ>αττον
1168 3759 1355 3833 δηλοῖ
1409 3754 1710 3819 ἐντελοῦς
1764 3757 1877 3832 τῆς
1931 3754 2108 3834 παρά
2163 3751 2369 3840 (πάρα
2423 3752 2698 3841 Mam),
2753 3760 3047 3821 coniciens

429 3844 644 3909 Φόλος
697 3866 823 3908 esse
877 3866 1092 3908 nomen
1144 3849 1403 3925 pastoris
1458 3849 1622 3908 illius
1678 3848 1783 3925 qui
1837 3849 2074 3924 saepius
2130 3868 2250 3907 una
2304 3868 2440 3908 cum
2483 3849 2739 3909 Hercule
2795 3868 3046 3909 comme·

427 3940 711 4013 morassur,
757 3940 826 3996 ut
870 3937 1110 3997 Theocr.
1141 3937 1261 3996 VII
1300 3939 1446 4013 149,
1493 3937 1672 3999 schol.
1712 3936 1790 3997 ad
1833 3936 2082 3997 Aristot.
2121 3938 2257 3997 Eth.
2296 3938 2524 3998 Nicom.
2555 3938 2648 3997 III
2689 3940 2746 4014 5,
2769 3938 2825 3998 5.
2900 3938 3043 3999 Pro-

429 4028 584 4087 fecto
629 4045 836 4086 verum
880 4025 1048 4086 vidit.

608 4117 857 4190 224,17
916 4116 987 4174 cf.
1038 4114 1168 4174 adv.
1220 4118 1470 4191 158,14
1531 4114 1663 4176 τῶν
1723 4110 1847 4191 γὰρ
1910 4114 2157 4192 φωνῶν
2215 4111 2297 4176 τὰ
2354 4111 2553 4191 πάθη,
2614 4114 2717 4177 καὶ
2778 4114 2857 4179 οὐ
2912 4116 3047 4179 τῶν

430 4201 927 4280 ςημαινομένων.
1001 4198 1336 4266 ἀποκοπὲν
1373 4201 1450 4266 τὸ
1486 4204 1581 4265 δῶ
1620 4200 1904 4279 ςημαίνει
1940 4201 2018 4266 τὸ
2055 4205 2264 4280 δῶμα·
2335 4199 2689 4282 ἀφαιρεθὲν
2724 4204 2801 4267 τὸ
2841 4202 3044 4268 ἐθέλω

427 4294 545 4356 τοῦ
589 4292 627 4354 ἒ
669 4290 747 4355 τὸ
808 4289 968 4354 αὐτὸ
1029 4290 1333 4368 ςημαίνει,
1395 4290 1471 4354 τὸ
1527 4290 1722 4366 θέλω,
1783 4290 1888 4354 καὶ
1943 4289 2036 4355 ἔτι
2090 4293 2609 4371 προςαφαιρεθὲν
2666 4291 2737 4356 ἐν
2791 4298 2885 4376 τῷ
2932 4295 3046 4356 λῶ.

427 4384 720 4454 Quoniam
764 4382 876 4460 Ap.
925 4384 988 4441 in
1035 4383 1258 4443 eisdem
1291 4383 1465 4444 rebus
1512 4383 1875 4461 explicandis
1922 4384 2143 4444 eisdem
2178 4386 2462 4462 exemplis
2507 4386 2599 4445 uti
2646 4386 2814 4463 solet,
2861 4387 3045 4462 scrip-

426 4474 629 4534 serim:
676 4468 844 4534 ἀλλά
890 4469 1012 4548 μὴν
1056 4467 1203 4549 (καὶ
1246 4469 1323 4534 τὸ
1369 4473 1464 4534 λῶ
1503 4468 1653 4551 ἀ>π’
1692 4467 2276 4553 ἰςο<δυναμοῦντος
2316 4473 2434 4535 τοῦ
2483 4470 2695 4554 θέλω)
2740 4470 2819 4536 οὐ
2866 4470 3044 4550 παρὰ

427 4560 504 4624 τὸ
550 4558 757 4624 πάθος
805 4558 1168 4637 ἐναλλαγὴν
1213 4558 1367 4642 (τῆς
1414 4558 1668 4624 ἐννοίας
1713 4558 2137 4642 παρέλαβ>εν.

607 4655 755 4728 224,
779 4653 858 4713 18
899 4647 1136 4729 ‘Itaque
1173 4653 1224 4712 ei
1255 4646 1295 4726 ἦ
1326 4672 1396 4711 ex
1432 4647 1561 4727 ἦρα
1596 4651 1972 4712 decurtatum
2010 4654 2181 4727 esset,
2216 4654 2281 4712 in
2317 4652 2492 4712 initio
2529 4654 2825 4713 enuntiati
2859 4672 3041 4729 pone-

425 4746 592 4803 retur
637 4734 891 4824 (pariter
937 4745 1117 4818 atque
1161 4735 1303 4816 ἦρα,
1352 4743 1493 4818 quia
1536 4760 1644 4819 per
1684 4736 1893 4802 πάθος
1938 4742 2105 4800 notio
2152 4744 2213 4801 et
2256 4758 2397 4802 usus
2434 4760 2647 4802 vocum
2691 4762 2812 4802 non
2848 4746 3042 4801 muta-

424 4823 581 4914 tur):
627 4830 731 4892 sed
776 4850 846 4891 ex
890 4831 1189 4891 contrario
1225 4825 1265 4905 ἦ
1303 4832 1368 4890 in
1411 4830 1609 4891 medio
1647 4831 1957 4891 enuntiato
1995 4831 2351 4891 collocem:
2398 4823 2695 4913 (sequitur
2740 4833 2809 4889 ut
2843 4825 2882 4906 ἦ
2921 4851 3040 4891 non

425 4923 508 4981 sit
541 4922 769 4980 factum
805 4941 874 4980 ex
911 4911 1106 5002 ἦραγ.
1173 4918 1515 4980 Subiectum
1551 4920 1719 4980 verbi
1754 4915 2285 4996 παρελαμβάνετο
2323 4924 2414 4981 est
2449 4915 2487 4980 ὁ
2519 4915 2645 4996 ἦρα
2682 4913 3039 4997 ἀποκεκομ-

428 5007 618 5085 μένος
663 5012 701 5069 i.
733 5030 780 5070 e.
817 5004 876 5085 ἦ.
957 5011 1143 5070 Deest
1188 5001 1268 5069 ἄν
1313 5011 1625 5087 particula,
1671 5012 1741 5070 ut
1786 5010 2038 5087 saepius.
2124 5007 2210 5069 Of.
2258 5029 2464 5071 comm.
2511 5010 2585 5070 de
2625 5010 2738 5087 Ap.
2777 5014 3036 5073 consuet.
