3738 5530
646 318 1092 375 Commentarius
1123 319 1349 374 criticus
1377 321 1437 375 et
1463 318 1785 390 exegeticus
1814 318 1875 374 in
1901 317 2188 390 Apollonii
2215 318 2444 389 Dyscoli
2472 317 2682 390 scripta
2708 317 2940 375 minora.
3013 318 3143 384 267

535 490 1046 551 coniunctionibus
1090 489 1442 550 tribuendae
1478 507 1660 549 necne
1698 488 2117 567 ambigebatur
2154 482 2332 572 (213,
2356 482 2468 573 16)
2507 508 2773 567 quaeque
2814 491 2971 550 falso
3011 510 3144 550 con-

534 579 937 640 iunctionibus
984 580 1379 639 addebantur:
1435 579 1715 639 discimus
1762 580 1823 638 et
1867 598 1939 638 ex
1985 582 2363 656 antonymico
2411 572 2524 661 (ibi
2578 582 2737 639 enim
2792 580 2947 639 hanc
2993 599 3146 640 com-

529 672 960 729 mentationem
987 671 1051 728 in
1084 668 1200 728 fine
1227 670 1455 747 primae
1483 665 1630 743 περὶ
1656 667 1768 742 τῆς
1807 663 2062 729 ἑννοίας
2088 671 2278 745 partis
2306 670 2623 731 collocavit
2652 672 2754 745 22,
2776 671 3057 744 25—35,
3078 662 3146 751 5)

534 763 594 818 et
649 779 721 818 ex
775 758 1227 836 epirrhematico
1288 752 1420 840 (ubi
1479 758 1587 818 has
1645 775 1739 817 res
1798 759 1945 833 125,
1967 759 2249 835 6-145,
2273 761 2352 819 25
2414 752 2730 841 edisserit).
2821 758 2918 819 Ad
2980 761 3145 835 prius

534 851 717 925 caput
761 851 1028 925 spectare
1076 848 1354 908 videntur
1387 848 1532 907 haec
1568 849 1724 924 synt.
1759 847 2013 922 205,18
2062 843 2133 908 ἐν
2177 849 2255 927 τῇ
2304 848 2746 929 ευνδεεμικῇ
2795 843 3146 909 ευντάξει

534 934 982 1014 ἐντελέετερον
1016 933 1099 998 τὰ
1134 937 1402 998 τοιαῦτα
1437 929 1692 1019 (placita
1717 936 1791 995 de
1822 930 1903 996 ἄν
1930 930 2254 1019 particula)
2285 933 2685 999 δέδεικται.
2730 937 2826 996 Ad
2852 939 3148 1014 posterius

531 1030 714 1103 caput
749 1028 1002 1106 relegari
1039 1045 1148 1087 nos
1184 1030 1246 1087 et
1281 1026 1338 1085 h.
1369 1026 1405 1085 l.
1436 1027 1586 1086 coni.
1620 1027 1765 1101 221,
1788 1026 1868 1084 25
1902 1028 1963 1085 et
1989 1025 2066 1085 ib.
2100 1028 2245 1102 257,
2270 1029 2371 1101 10,
2406 1027 2698 1087 Matthiae
2728 1019 2787 1109 (1
2820 1020 2931 1109 19)
2959 1026 3147 1086 liben-

532 1120 628 1175 ter
661 1117 931 1177 concedo.
1006 1116 1168 1176 Illud
1203 1135 1437 1193 quoque
1475 1107 1673 1198 (ibid.)
1720 1118 1879 1175 reete
1916 1118 2177 1176 statuere
2213 1116 2467 1193 videtur,
2505 1137 2574 1176 ex
2611 1116 2815 1176 eadem
2850 1117 3150 1194 particula

535 1206 848 1283 desumpta
895 1224 1019 1266 esse
1065 1224 1154 1281 ea,
1200 1224 1351 1282 quae
1401 1207 1549 1281 222,
1572 1205 1785 1265 1—23
1829 1204 1903 1263 de
1940 1206 2154 1265 vocula
2196 1201 2255 1281 ἦ,
2302 1208 2456 1267 sitne
2500 1205 2845 1265 adverbium
2892 1226 2966 1266 an
3013 1225 3150 1265 con—

535 1296 783 1371 iuncti0,
837 1296 1233 1374 disputantur.
1325 1295 1383 1353 N
1386 1314 1482 1354 am
1535 1295 1802 1373 profecto
1846 1295 1981 1353 tota
2024 1294 2170 1355 haec
2216 1297 2483 1372 quaestio
2527 1297 2729 1373 inepte
2783 1297 2847 1354 in
2892 1296 3150 1354 mediam

534 1386 607 1444 de
667 1380 707 1460 ἦ
768 1386 1057 1446 disertiva
1117 1386 1674 1445 commentationem
1731 1384 2041 1459 inseritur,
2104 1387 2195 1444 ita
2253 1385 2492 1462 quidem
2550 1388 2620 1444 ut
2679 1404 2830 1462 quae
2894 1387 3040 1460 222,
3065 1387 3148 1444 24

538 1474 820 1553 leguntur
875 1470 916 1548 ἡ
975 1471 1238 1549 τοιαύτη
1299 1470 1585 1549 διαφορὰ
1641 1472 1760 1534 τοῦ
1826 1469 2173 1547 (υνδέεμου
2240 1494 2357 1551 quo
2414 1474 2750 1535 referantur
2811 1494 2969 1534 nunc
3030 1493 3151 1533 non

532 1564 825 1624 habeant:
883 1563 1108 1623 habent
1162 1566 1362 1623 autem
1417 1566 1607 1623 eiecta
1661 1563 2067 1639 disputatione
2122 1563 2531 1639 antecedente,
2584 1583 2725 1623 nam
2778 1565 2923 1640 quin
2977 1563 3054 1623 ad
3107 1558 3147 1638 ἤ

539 1655 1015 1714 coniunctionem
1059 1653 1235 1715 modo
1281 1649 1712 1727 διαζευκτικήν
1756 1651 1933 1712 modo
1975 1651 2434 1728 διαεαφητικήν
2469 1656 2738 1731 spectent
2771 1672 2944 1713 nemo
2981 1651 3153 1711 dubi-

535 1743 710 1803 tabit.
804 1742 920 1803 Sed
976 1761 1109 1803 eam
1164 1743 1237 1803 ob
1283 1763 1406 1802 rem
1462 1743 1645 1802 etiam
1690 1742 1728 1801 l.
1780 1744 1861 1801 25
1913 1735 2002 1802 εἰ(
2045 1739 2165 1815 τὴν
2210 1740 2669 1819 διαεαφητικήν
2713 1742 2965 1803 delenda
3008 1760 3152 1817 esse,

529 1836 603 1893 ut
665 1833 729 1891 in
785 1831 998 1909 quibus
1055 1851 1259 1893 rursus
1317 1851 1560 1892 manum
1619 1832 1744 1892 eius
1803 1831 2307 1908 deprehendamus
2367 1835 2472 1909 qui
2528 1832 2798 1891 libellum
2855 1831 2919 1891 in
2978 1851 3151 1892 suum

530 1941 704 1981 usum
744 1924 1277 1997 transformaverit,
1323 1942 1441 1983 non
1489 1921 1662 1982 credo
1701 1914 2012 2004 (Egenolff
2041 1919 2130 1979 IV
2167 1923 2249 1980 46
2291 1914 2484 2003 extr).
2562 1920 2841 1982 Gontorte
2880 1924 3038 1980 enim
3082 1924 3152 1980 ut

531 2013 685 2072 solet
727 2012 994 2087 loquitur
1028 2011 1350 2089 Dyscolu83
1394 2012 1588 2089 magis
1632 2012 1945 2088 perspicue
1982 2010 2248 2086 profecto
2294 2013 2380 2071 sic
2413 2012 2686 2071 dixisset:
2736 2006 3041 2072 Φαίνεται
3077 2008 3152 2071 δὲ

533 2096 634 2161 ὅτι
681 2096 719 2161 ὁ
767 2097 1109 2175 εύνδεεμο(
1156 2094 1309 2183 (scii.
1337 2092 1407 2182 ἦ)
1456 2095 1587 2161 ἀπὸ
1634 2100 1746 2175 τῆς
1793 2099 2222 2174 διαζευκτικῆε
2269 2097 2616 2162 ευνδέεεωε
2664 2097 3010 2176 μετέβαλεν
3058 2094 3148 2159 εἰ(

531 2187 649 2266 τὴν
696 2186 998 2264 τοιαύτην
1045 2186 1371 2266 διαφοράν
1410 2183 1474 2272 (i.
1506 2209 1559 2265 q.
1601 2184 1689 2251 eie
1734 2186 1851 2264 τὴν
1898 2185 2204 2264 τοιαύτην
2251 2185 2574 2265 διάφορον
2620 2185 2953 2268 (ύνδεειν),
2997 2205 3145 2250 του-

530 2276 741 2341 τέετιν
789 2274 878 2339 εἰς
921 2277 1040 2353 τὴν
1086 2276 1545 2355 διαεαφητικὴν
1592 2275 1877 2339 (ύνδεειν
1925 2271 2006 2361 (v.
2048 2271 2473 2361 commentar).

712 2368 1139 2445 Sequebantur,
1194 2369 1258 2427 ni
1313 2370 1508 2443 fallor,
1562 2368 1790 2446 placita
1843 2363 1991 2443 περὶ
2037 2363 2379 2442 (χημάτων
2427 2366 2606 2450 (213,
2631 2373 2684 2429 7.
2737 2370 2817 2428 17
2832 2391 2848 2445 ;
2902 2368 3152 2427 fortasse

534 2460 717 2519 etiam
762 2455 908 2535 περὶ
954 2451 1175 2541 εἰδῶν)
1212 2459 1275 2517 in
1314 2458 1527 2534 quibus
1573 2456 1973 2536 quaerebatur
2015 2476 2310 2533 quaenam
2346 2459 2788 2518 coniunctiones
2835 2457 3153 2535 simplices,

534 2568 685 2625 quae
723 2549 1103 2625 compositae,
1138 2567 1291 2629 quae
1328 2548 1782 2624 decompositae,
1817 2566 1969 2622 quae
2006 2548 2368 2623 primitivae,
2405 2566 2558 2625 quae
2595 2547 2900 2608 derivatae
2940 2550 3152 2621 essent,

535 2640 700 2698 cuius
757 2639 971 2714 capitis
1025 2639 1427 2716 fragmentum
1481 2637 1718 2697 videtur
1773 2640 2077 2697 servatum
2133 2655 2257 2697 esse
2308 2639 2455 2713 214,
2479 2638 2802 2711 27—215,
2827 2639 2937 2713 133
2997 2636 3154 2713 quod

535 2730 848 2789 restituere
895 2746 1077 2805 supra
1121 2730 1368 2788 conatus
1416 2747 1562 2789 sum.

712 2818 823 2877 His
869 2817 1123 2878 fortasse
1177 2818 1492 2878 subiuncta
1546 2820 1717 2877 erant
1767 2819 2087 2894 praecepta
2141 2816 2213 2876 de
2268 2816 2352 2877 eis
2408 2817 2949 2893 coniunctionibus,
3004 2835 3155 2893 quae

533 2907 866 2984 promiscue
903 2910 1269 2984 usurpantur
1304 2899 1483 2988 (213,
1505 2909 1572 2982 43
1620 2926 1983 2983 quamquam
2018 2907 2163 2966 haec
2200 2908 2383 2965 etiam
2421 2907 2915 2983 explicationibus
2953 2909 3154 2984 singu-

533 2998 730 3056 lorum
777 3015 1059 3074 generum
1105 2996 1413 3056 admisceri
1458 2989 1765 3078 poterant)
1813 2998 1876 3055 et
1920 2996 1992 3055 de
2037 2996 2424 3056 inclinatione
2471 2988 2651 3077 (213,
2675 2989 2804 3078 19).

712 3085 858 3144 Inde
889 3105 926 3145 a
951 3105 1008 3163 p.
1043 3087 1189 3161 215,
1213 3088 1293 3145 14
1332 3104 1518 3161 usque
1548 3085 1622 3144 ad
1659 3085 1836 3144 finem
1866 3086 2308 3145 coniunctiones
2334 3085 2611 3145 tributim
2637 3086 3149 3162 percensebantur.

535 3174 802 3234 Dubium
856 3194 974 3234 non
1030 3178 1120 3234 est
1166 3176 1310 3251 quin
1354 3174 1465 3252 Ap.
1512 3175 1659 3234 haec
1704 3193 1923 3252 genera
1968 3175 2078 3235 hoc
2125 3174 2329 3234 ordine
2381 3176 2815 3235 enumeraverit
2861 3178 2921 3234 et
2967 3174 3151 3251 expli-

537 3266 764 3324 caverit
806 3257 887 3346 (v.
928 3268 1235 3325 comment.
1275 3265 1350 3324 ad
1392 3266 1539 3338 214,
1562 3256 1673 3345 26)
1726 3257 1794 3344 1)
1842 3260 2282 3337 ευμπλεκτικοί
2328 3264 2426 3323 vel
2473 3258 2871 3338 ἀθροιετικοί.
2932 3255 3002 3345 2)
3049 3280 3151 3324 cu·

537 3351 846 3414 ναπτικοί.
898 3345 967 3435 3)
995 3350 1558 3428 παραευναπτικοί.
1615 3347 1686 3434 4)
1718 3345 2223 3434 ἐπιζευκτικοί.*)
2275 3345 2342 3434 5)
2373 3348 2787 3425 αἰτιολογικοί
2814 3353 2909 3413 vel
2943 3348 3153 3413 αἰτιώ-

537 3444 683 3504 δειε.
744 3435 812 3524 6)
843 3437 1334 3504 ἀποτελεετικοί.
1386 3445 1420 3501 7
1488 3439 1885 3518 βεβαιωτικοί
1912 3443 2007 3503 vel
2047 3438 2571 3517 διαβεβαιωτικοί.
2624 3435 2694 3524 8)
2728 3438 3157 3505 διαζευκτικοί.

543 3525 611 3614 9)
661 3528 1273 3607 παραδιαζευκτικοί.
1348 3535 1432 3592 10
1510 3528 1968 3608 διαεαφητικοί.
2043 3524 2155 3613 11)
2204 3528 2742 3607 ἐναντιωματικοί.
2821 3523 2932 3612 12)
2981 3527 3156 3592 ἀναι-

542 3618 776 3697 ρετικοί
814 3622 910 3681 vel
949 3618 1292 3696 δυνητικοί.
1361 3613 1474 3702 13)
1513 3618 1967 3693 ςυλλογιετικοί
2003 3622 2100 3682 vel
2138 3616 2502 3697 ἐπιφορικοί
2546 3622 2641 3681 vel
2686 3616 3158 3696 προεληπτικοί.

551 3702 663 3791 14)
711 3708 1153 3785 διαπορητικοί
1198 3711 1294 3770 vel
1343 3705 1822 3786 ἀπορηματικοί.
1888 3702 2000 3792 15)
2047 3706 2724 3785 παραπληρωματικοίε
2788 3710 3161 3770 Priscianum

542 3802 699 3859 enim
747 3801 998 3859 eundem
1035 3801 1303 3861 ordinem
1346 3803 1614 3860 secutum
1650 3818 1775 3861 esse
1813 3804 1994 3876 atque
2029 3799 2416 3877 Apollonium
2451 3798 2759 3877 probabile
2796 3802 2976 3876 atque
3014 3799 3160 3859 adeo

542 3891 770 3949 certum
816 3892 920 3949 est.

722 3977 813 4037 Ex
856 3979 949 4038 his
996 3977 1290 4055 capitibus
1327 3978 1378 4038 si
1423 3998 1544 4038 non
1589 3979 1825 4057 integra
1866 3981 1932 4037 at
1974 3978 2192 4038 mutila
2228 3980 2465 4038 servata
2501 3981 2643 4037 sunt
2686 3978 2859 4038 haec:
2908 3971 2978 4060 8)
3024 3977 3158 4038 δια-

547 4063 855 4129 ζευκτικοί
905 4070 1533 4143 215,14-219,11;
1601 4061 1667 4150 9)
1714 4063 2306 4142 παραδιαζευκτικοί
2355 4069 2981 4143 219,12-221,15;
3048 4059 3161 4148 10)

542 4154 986 4232 διαεαφητικοί
1023 4159 1635 4232 221,16-223,22;
1686 4149 1797 4238 14)
1828 4152 2268 4231 διαπορητικοί
2300 4158 2396 4216 vel
2425 4150 2887 4232 ἀπορηματικοί
2919 4159 3159 4232 223,24

542 4247 784 4321 -231,
806 4247 877 4322 33
926 4238 994 4327 5)
1034 4242 1445 4319 αἰτιολογικοί
1473 4247 1568 4306 vel
1599 4241 1912 4306 αἰτιώδει(
1944 4247 2394 4322 231,4-247,
2419 4248 2531 4322 213
2580 4237 2692 4327 15)
2728 4246 3161 4321 παραπληρω-

547 4331 796 4410 ματικοί
855 4338 1002 4411 247,
1023 4337 1347 4413 22-258,
1371 4338 1482 4412 173
1543 4355 1720 4412 quae,
1775 4337 1829 4394 si
1875 4355 1912 4394 a
1956 4335 2290 4395 causalibus
2335 4337 2657 4411 recesseris,
2711 4335 2911 4395 eodem
2960 4336 3165 4395 ordine

546 4444 665 4501 quo
712 4424 873 4501 apud
917 4425 1289 4485 Priscianum
1335 4428 1792 4502 pertractantur.
1885 4425 2098 4501 Itaque
2156 4444 2275 4484 non
2321 4424 2494 4484 video
2541 4444 2659 4501 quo
2703 4426 2832 4484 iure
2875 4424 3164 4485 Matthias

545 4506 604 4596 (I
655 4506 768 4595 23)
814 4514 928 4575 hoc
973 4514 1319 4574 contendat:
1381 4509 1560 4574 ‘Puto
1607 4515 1764 4574 enim
1812 4533 1900 4589 ea,
1946 4533 2098 4591 quae
2146 4513 2315 4574 nobis
2362 4514 2434 4573 de
2467 4513 2581 4590 Ap.
2631 4513 2999 4591 syndesmico
3045 4533 3165 4574 ser-

544 4607 688 4664 vata
735 4606 892 4679 sunt,
938 4603 1138 4664 deberi
1183 4604 1379 4679 alicui,
1426 4604 1530 4681 qui
1575 4604 1812 4682 singula
1858 4604 2085 4681 capita,
2137 4606 2379 4663 nescio
2428 4622 2566 4679 quo
2610 4622 2778 4663 usus
2825 4603 3164 4678 consiliO,

546 4712 735 4769 neque
790 4695 1041 4772 singulis
1097 4696 1408 4754 sententiis
1454 4694 1519 4753 in
1563 4696 1906 4755 universum
1952 4696 2235 4754 coartatis
2280 4712 2504 4770 neque
2562 4694 2813 4752 ordine
2874 4696 3162 4753 servato

720 4899 767 4968 *)
804 4903 949 4969 synt.
972 4905 1092 4966 275,
1114 4904 1179 4952 27
1219 4901 1356 4955 πότε
1385 4899 1586 4968 (scribe
1614 4901 1828 4970 πόθεν)
1863 4902 1972 4970 γὰρ
2000 4902 2202 4970 ῥήματι
2239 4899 2316 4955 εἰ(
2342 4905 2395 4955 ὤ
2423 4900 2651 4970 λήγοντι
2681 4901 2750 4956 οὐ
2785 4900 3155 4955 ευνάπτονται

546 4969 907 5027 ἑπιζευκτικοί
943 4976 1075 5041 κτλ.,
1114 4971 1181 5026 cl.
1214 4973 1358 5040 synt.
1390 4977 1512 5040 275,
1534 4976 1615 5027 19.
1657 4977 1778 5041 276,
1801 4977 1849 5027 1.
