3738 5530
606 313 1049 369 Commentarius
1077 312 1304 368 criticus
1332 314 1391 368 et
1417 310 1737 382 exegeticus
1764 310 1826 366 in
1852 309 2142 381 Apollonii
2169 309 2398 379 Dycsoli
2426 310 2637 381 scripta
2664 311 2897 366 minora.
2987 311 3073 376 65

645 486 852 561 37,18
901 483 973 543 cf.
1019 502 1188 560 pron.
1239 484 1341 559 11,
1362 484 1462 542 27.
1511 497 1517 506 ’

645 574 749 650 37,
772 576 851 635 19
902 567 1285 633 ἀδιάσολον
1330 569 1407 633 τὸ
1453 567 1670 651 γένος]
1711 566 2078 633 ἀδιάετολοι
2115 568 2232 631 τοῦ
2274 567 2505 642 γένους
2542 570 2821 649 Egenolff
2851 570 2882 629 I
2921 571 3078 632 840:

466 658 728 723 ‘obwohl
781 662 878 723 ich
931 661 1098 722 nicht
1153 662 1406 740 leugnen
1455 662 1582 722 will
1628 661 1759 722 dass
1807 656 2185 723 ἀδιάετολοε
2240 660 2352 721 wie
2408 660 2681 721 nhnliche
2736 660 2888 721 such
2941 679 3077 737 pas-

466 752 684 814 sivisch
729 752 828 812 bei
872 752 984 829 Ap.
1031 746 1409 812 vorkommt'.
1501 750 1572 809 V.
1619 750 1739 810 ind.

648 844 753 918 37,
774 843 854 901 21
906 836 1396 916 (υνταχθήεεται
1449 844 1520 901 ut
1572 842 1867 901 scribatur
1911 840 2210 901 sententia
2254 839 2519 918 flagitat,
2578 859 2720 899 nam
2763 839 2836 901 de
2882 835 3078 901 αὐτό(

467 950 659 992 sermo
713 934 819 992 est.
892 963 967 973 -
1039 927 1154 991 Καὶ
1208 926 1314 991 ἐπὶ
1366 927 1620 991 τούτων
1677 925 1737 990 εἰ.
1776 950 1823 991 e.
1872 929 2006 991 τῶν
2059 924 2222 990 κατὰ
2273 925 2351 990 τὸ
2405 926 2624 1007 τρίτον
2679 924 3078 991 ἀδιαετόλων

466 1015 722 1093 γένου(’
771 1019 893 1080 Sko
937 1019 970 1078 I
1007 1020 1065 1079 8.

648 1111 752 1187 37,
774 1113 855 1170 22
907 1103 1126 1170 ἄπεετι
1170 1103 1323 1187 γάρ]
1390 1102 1743 1169 ‘subiectum
1797 1111 2001 1169 autem
2053 1107 2217 1169 verbi
2277 1102 2496 1169 ἄπεετι
2542 1108 2895 1187 pronomina
2941 1111 3083 1196 sunt

467 1203 607 1261 tert.
650 1218 832 1277 pem:
877 1217 1012 1258 cum
1058 1199 1216 1258 enim
1259 1216 1354 1258 res
1399 1198 1473 1259 de
1520 1200 1737 1276 quibus
1781 1217 2111 1276 pronomen
2154 1197 2399 1276 ponitur
2444 1198 2540 1258 vel
2586 1218 2771 1276 prope
2817 1200 2940 1259 sint
2984 1199 3081 1259 vel

469 1290 688 1365 absint,
731 1289 1086 1366 pronomina
1129 1289 1264 1366 ipss.
1306 1288 1406 1347 vel
1452 1288 1655 1348 adesse
1699 1289 1981 1348 dicuntur
2016 1289 2113 1349 vel
2147 1287 2434 1348 remotius
2472 1287 2711 1348 distare.
2790 1287 2875 1348 cf.
2913 1308 3081 1366 pron.

474 1379 997 1455 21,6.9.11.23;
1045 1372 1456 1453 57‚11—12’
1499 1377 1627 1437 Ska
1661 1377 1694 1437 I
1733 1379 1789 1437 8.

651 1469 756 1544 37,
777 1469 858 1527 26
906 1467 1019 1527 hoc
1065 1484 1301 1544 quoque
1345 1468 1475 1527 loco
1515 1463 1864 1539 ἐγκλιτικὰ(
1909 1487 2020 1545 pro
2067 1462 2521 1543 ἑγκλινομέναε
2564 1467 2915 1545 reposueris.
2994 1466 3085 1526 De

473 1578 537 1619 re
583 1558 655 1618 cf.
703 1560 858 1634 synt.
909 1557 1057 1633 146,
1078 1558 1190 1633 253
1234 1555 1374 1616 Her.
1421 1557 1452 1616 I
1491 1558 1638 1634 560,
1662 1558 1715 1616 2.
1776 1557 1838 1616 Π
1878 1559 1983 1634 94,
2002 1559 2059 1617 4.

653 1648 758 1721 37,
779 1648 865 1707 30
910 1648 1064 1723 synt.
1116 1647 1385 1721 137,22.

521 1759 526 1764 ⁴
652 1737 756 1811 38,
776 1738 814 1796 3
861 1735 1046 1796 modo.
1084 1731 1424 1811 παρέλκειν
1474 1735 1621 1795 dicit
1663 1736 1776 1814 Ap.
1824 1735 2021 1795 modo=
2051 1732 2487 1811 παρέλκεεθαι,
2538 1735 2714 1795 modo
2764 1734 3083 1810 παραετῆ-

473 1843 572 1887 (αι
616 1824 793 1885 modo
837 1821 1364 1902 παραετήεαεθαι,
1408 1824 1585 1885 modo
1633 1821 1843 1902 εὑρεῖν
1889 1825 2065 1886 modo
2112 1820 2416 1901 εὑρέεθαι.
2490 1825 2562 1883 V.
2605 1844 2814 1886 comm.
2863 1826 2934 1885 de
2969 1825 3083 1903 Ap.

473 1918 737 1976 consuet.

653 2004 948 2081 38,4-5
1006 2006 1160 2081 synt.
1213 2005 1481 2079 142,10.
1556 1998 1754 2064 ‘Alter
1805 2022 2011 2065 versus
2066 2021 2186 2063 non
2240 2004 2395 2065 alius
2448 2003 2689 2065 videtur
2734 2022 2860 2065 esse
2907 2022 3087 2080 quam

474 2089 528 2155 Ω
571 2096 721 2170 472,
766 2093 880 2154 etsi
924 2092 1010 2153 ibi
1053 2092 1280 2171 legitur
1324 2089 1396 2154 ἐν
1440 2112 1560 2153 non
1605 2089 1720 2168 ἠδὲ
1766 2094 1862 2154 vel
1907 2090 1999 2169 ἠέ,
2044 2093 2225 2170 idque
2269 2089 2454 2154 recte’
2498 2095 2538 2154 b
2585 2094 2650 2153 in
2693 2113 2816 2154 var.
2864 2093 2997 2152 lect.

654 2184 816 2258 38‚7
866 2177 1027 2243 ὅταν
1074 2177 1543 2262 ἐφιετάνωμεν]
1589 2202 1756 2261 pron.
1806 2186 2013 2260 42,11
2052 2201 2167 2260 sq.;
2215 2185 2453 2260 43‚12;
2500 2184 2604 2259 43,
2626 2185 2708 2244 33
2741 2202 2857 2259 sq.;
2905 2183 3008 2258 55,
3032 2184 3087 2242 9.

650 2273 816 2333 Reeti
871 2274 2913 2347 tenorismttomnescaeusdualisprimaeetseeundaepers.
3006 2272 3092 2331 Et

474 2363 862 2423 nominativos
914 2363 1146 2437 quidem
1199 2364 1345 2422 sabis
1398 2362 1616 2422 dionem
1672 2365 1755 2422 est
1806 2363 1883 2422 ab
1935 2363 2309 2422 inclinatione
2367 2363 2705 2434 abhorrere,·
2770 2380 2877 2421 cur
2922 2364 3091 2421 ceteri

478 2470 651 2512 casus
693 2468 814 2511 non
855 2453 1224 2521 inclinentur,
1269 2452 1411 2510 haee
1455 2469 1577 2511 esse
1621 2468 1805 2511 cauea
1848 2453 2094 2519 videtur,
2141 2453 2294 2525 quod
2337 2468 2503 2512 omne
2537 2452 2883 2511 vocabulum
2919 2453 3091 2510 encli-

478 2544 654 2602 ticum
697 2544 802 2600 mat
833 2543 1308 2616 peri-wemmam
1352 2544 1459 2600 aut
1500 2544 1811 2617 ooeytomm
1855 2544 1962 2610 est,
2010 2542 2355 2616 barytmmm
2397 2542 2678 2601 ivwlinari
2719 2557 2840 2600 non
2873 2544 3092 2615 potest:

475 2632 538 2691 hi
600 2648 774 2691 casus
834 2630 906 2690 de
968 2631 1178 2705 quibus
1238 2647 1426 2690 sermo
1491 2634 1574 2690 est
1636 2631 1903 2706 barytoni
1960 2634 2111 2691 sunt.
2211 2631 2350 2690 Hac
2412 2632 2566 2690 enim
2626 2632 2854 2690 ratione
2917 2632 3092 2689 etiam

479 2716 778 2782 ἐκεῖνος
824 2723 877 2781 et
920 2714 1147 2782 οὗτος
1191 2736 1415 2795 semper
1457 2724 1677 2781 rectum
1721 2723 1920 2781 tonum
1962 2724 2214 2790 servant,
2261 2738 2394 2781 owm
2439 2714 2668 2781 αὐτό(
2716 2711 3090 2803 (accusativo

478 2802 650 2892 casu)
707 2812 881 2870 eidam
930 2811 1365 2870 inclinationem
1417 2812 1699 2871 admittat.
1803 2809 2067 2886 Quacum
2119 2811 2325 2885 τομαῖα
2376 2826 2496 2870 non
2542 2813 2821 2885 puqnant
2861 2811 3092 2884 formae

475 2902 663 2960 wnico
706 2918 865 2959 more
908 2901 1219 2960 distractae
1254 2891 1436 2981 (ἐμέο
1480 2894 1696 2974 ἡμέων
1735 2891 1926 2980 sima)
1969 2917 2113 2959 nam
2154 2917 2275 2959 non
2317 2903 2457 2959 sunt
2497 2904 2719 2960 natura
2755 2900 3089 2976 barytonaa

477 2991 580 3049 sed
608 3007 676 3048 ex
700 2990 974 3064 yenwmis
998 2990 1223 3063 formis,
1252 3006 1402 3063 quae
1418 2992 1861 3063 per-ispomenae
1890 2993 2072 3058 erant,
2110 2989 2483 3049 distrahendo
2507 2989 2701 3062 factae
2730 2989 2834 3065 38,
2856 2990 2978 3048 9—
2990 2991 3090 3049 19.

481 3077 567 3137 Cf.
603 3097 771 3155 pron.
814 3078 1048 3155 76,27;
1106 3080 1296 3155 91,4;
1356 3080 1510 3155 synt.
1559 3079 1808 3154 134,13
1839 3096 1954 3154 sq.;
2013 3078 2248 3155 135‚9;
2310 3078 2450 3138 Her.
2490 3078 2521 3137 I
2559 3079 2842 3155 558,11;
2904 3077 3091 3139 Lehrs

478 3187 534 3244 q.
573 3186 622 3226 e.
664 3168 809 3227 123.

659 3258 871 3333 38,1o
916 3252 1358 3336 παλιλλογεῑν]
1406 3258 1478 3316 cf.
1528 3258 1887 3333 37,1—12.

660 3347 764 3421 38,
787 3348 867 3407 12
917 3340 1268 3426 ἀδύνατον]
1316 3348 1471 3423 synt.
1523 3348 1668 3424 134,
1692 3348 1772 3407 16
1803 3365 1891 3424 sq.

660 3437 868 3512 38,15
916 3436 988 3496 cf.
1036 3439 1192 3513 synt.
1244 3436 1391 3512 135,
1413 3438 1468 3496 9.
1494 3438 1575 3495 14
1605 3456 1721 3514 sq.;
1772 3437 2128 3513 136,12sq.

661 3525 866 3601 38,16
918 3520 1139 3604 αὐτός]
1188 3524 1264 3584 ad
1312 3526 1416 3601 37,
1437 3526 1493 3585 5.

661 3615 766 3690 38,
789 3616 866 3674 17
917 3610 997 3675 οὐ
1044 3610 1383 3694 μάχονται]
1441 3615 1563 3675 scil.
1610 3615 1703 3696 τῷ
1758 3613 1890 3675 πᾶν
1937 3611 2165 3689 μόριον
2212 3610 2564 3687 ἐγκλιτικὸν
2607 3609 2751 3689 ἤτοι
2799 3610 2931 3675 ἀπὸ
2977 3631 3091 3677 πε-

483 3699 884 3779 ριεπωμένου
930 3700 969 3778 ἢ
1017 3698 1148 3765 ἀπὸ
1196 3699 1508 3766 ὀξυτόνου
1555 3700 1960 3776 ἐγκεκλίεθαι.
2046 3702 2131 3764 Of.
2160 3703 2345 3764 Lehrs
2374 3724 2427 3781 q.
2467 3724 2515 3764 e.
2558 3706 2702 3764 123.
2776 3703 2865 3764 La
2892 3704 3092 3765 Roche

481 3793 537 3852 h.
577 3794 643 3852 Τ.
686 3795 831 3852 277.
921 3793 1308 3870 Apollonium
1361 3793 1474 3854 hac
1523 3795 1588 3854 in
1630 3814 1696 3854 re
1741 3814 1778 3853 a.
1821 3813 1964 3854 vero
2011 3794 2286 3854 aberrare
2328 3796 2534 3854 monet
2579 3792 2772 3854 Oauer
2814 3794 2879 3854 in
2926 3792 3089 3855 Ourt.

485 3881 652 3942 Stud.
684 3880 800 3941 VH
840 3883 983 3942 125.

664 3970 828 4046 Quae
871 3970 894 4034 ἰ
939 3973 1130 4032 butera
1159 3969 1471 4033 abundant
1516 3968 1719 4051 (ἐμεῖο
1758 3970 1890 4033 ctio
1929 3965 2072 4050 εἷο),
2116 3977 2334 4032 rectum
2370 3977 2567 4033 tonum
2601 3977 2867 4045 servant,·
2911 3991 3095 4048 neque

425 4052 432 4061 ’
481 4062 547 4121 id
607 4063 853 4121 mirum:
912 4079 1055 4122 nam
1121 4065 1294 4122 etiam
1358 4080 1427 4123 ea
1490 4080 1560 4122 ea·
1620 4063 1830 4137 quibus
1891 4063 2053 4134 facta
2105 4066 2245 4123 sumt
2294 4067 2511 4123 recmm
2565 4066 2814 4123 tenorem
2864 4063 3092 4122 habent.

488 4150 737 4210 ommno
781 4169 1152 4226 quaecumque
1194 4169 1356 4212 voces
1389 4153 1798 4226 pleonasmmn
1834 4153 1924 4211 vel
1959 4153 2189 4227 ellipsin
2221 4170 2444 4227 passae
2478 4156 2631 4221 eunt,
2677 4156 2852 4212 antea
2876 4154 3095 4227 plenae

487 4240 583 4301 vel
628 4241 922 4318 genuinae
965 4243 1191 4314 formae
1236 4245 1418 4301 erant.
1521 4242 1662 4300 Iam
1704 4243 1758 4301 si
1803 4244 2026 4300 constat
2068 4242 2536 4301 orthotonwnena
2570 4244 2928 4316 pronomina
2974 4260 3095 4302 esse

479 4331 756 4405 qemeina,
805 4333 978 4389 etiam
1023 4348 1122 4390 eas
1165 4331 1391 4403 formas
1435 4348 1584 4404 quae
1617 4348 1732 4405 per
1756 4332 2166 4405 pleonasmum
2203 4348 2270 4390 ex
2307 4334 2388 4390 eis
2422 4333 2616 4405 factae
2650 4335 2789 4391 sunt
2820 4348 2941 4390 non
2974 4333 3096 4391 nisi

485 4420 969 4480 orffiotonumenis
1004 4421 1222 4480 ascribi
1246 4423 1499 4495 possunt
1527 4420 1629 4495 38,
1650 4421 1928 4480 20—27.
2006 4419 2090 4479 cf.
2120 4439 2285 4497 pron.
2319 4422 2421 4495 76,
2444 4423 2554 4496 213
2599 4424 2756 4497 synt.
2782 4422 2982 4496 133,3
3005 4439 3091 4498 sq.

667 4510 772 4585 38,
793 4511 875 4568 22
919 4507 1050 4570 πᾶν
1086 4540 1175 4551 -
1216 4511 1295 4569 23
1336 4503 1646 4589 ἐλλείψει]
1686 4509 1755 4568 cf.
1794 4528 1961 4587 pron.
2003 4509 2296 4584 59,6-7
2347 4502 2751 4593 (RSchneider
2784 4509 2877 4568 III
2907 4502 3095 4593 591);

488 4601 642 4675 synt.
695 4599 974 4675 133‚14;
1024 4600 1290 4674 142‚24.

668 4688 772 4764 38,
795 4688 1052 4748 25—27
1100 4686 1401 4748 Hoersch.'
1431 4688 1556 4747 376
1606 4707 1715 4765 pro
1761 4682 1861 4747 ἐπ’
1910 4682 2128 4748 ἄλλων
2165 4684 2204 4762 ἢ
2244 4683 2347 4748 ἐπὶ
2392 4687 2524 4748 τῶν
2563 4683 2698 4764 ὀρθ.
2737 4689 2942 4750 scribit
2984 4683 3092 4749 dn?

491 4770 708 4837 ἄλλων
750 4773 791 4852 ἢ
838 4771 970 4837 ἀπὸ
1016 4777 1149 4840 τῶν
1195 4773 1330 4853 ὀρθ.
1378 4779 1439 4837 et
1482 4776 1569 4837 sic
1612 4777 2068 4854 interpretatur:
2114 4771 2311 4836 ‘wenn
2356 4796 2471 4835 nur
2516 4777 2612 4836 die
2658 4780 3094 4839 orthotonirten

489 4866 850 4927 Pronomina
897 4862 1173 4928 ἐντελεῖς
1218 4866 1369 4941 sind,
1414 4865 1574 4925 dann
1618 4867 1858 4926 konnen
1904 4866 1998 4926 die
2044 4866 2451 4940 Pleonasmen‚
2496 4865 2591 4924 die
2638 4887 2754 4926 von
2801 4868 2914 4927 den
2952 4867 3104 4927 Pro-'

490 4956 733 5016 nomina
793 4955 1130 5034 fiberhaupt
1191 4956 1589 5033 abstammen,
1649 4976 1767 5017 nur
1828 4975 1945 5016 von
2009 4955 2122 5015 den
2186 4953 2619 5016 orthotonirten
2683 4952 3095 5019 abstammen'.

596 5064 871 5119 Apollonius
897 5066 1133 5123 Dyscoltu.
1167 5066 1205 5109 1.
1233 5076 1284 5111 11.
2636 5059 2668 5109 ὃ
