3738 5530
596 955 628 1004 5

567 1464 629 1511 10

566 1971 627 2019 15

559 2477 626 2526 20

561 2980 628 3028 25

664 323 748 388 58
1606 329 1783 379 ΠΕΡΙ
1817 328 2320 385 ΔΝΤΩΝΤΜΙΑΣ.

1538 450 1581 488 1).
1609 438 1658 477 73
1686 438 1795 487 (333)
1824 440 1861 478 Β
1888 439 1913 477 4
1940 459 1992 468 --
2016 438 2067 478 75
2095 438 2206 487 (335)
2234 439 2267 479 Ο
2295 439 2321 478 6
2349 439 2378 479 b

663 528 967 607 μεμπτέοι
1013 532 1136 609 γὰρ
1183 530 1245 596 οἱ
1290 536 1505 612 ψιλῶς
1535 532 1960 621 ἀναγνόντες,
2001 530 2111 598 ἵνα
2156 532 2195 598 ὁ
2239 533 2341 597 καί
2385 535 2637 612 νοῆται,
2686 530 3255 613 ὑπολαμβάνοντες

664 630 866 709 αὐτὴν
912 636 1233 697 δεικτικῶς
1276 632 1491 713 μόνως
1533 635 1825 698 τίθεςθαι.

834 732 965 811 Τὴν
1021 733 1268 825 ἐκεῖνός
1329 756 1480 815 φαςι
1535 743 1627 820 τῷ
1680 740 1716 799 ἒ
1771 737 2179 813 πλεονάζειν,
2241 736 2489 801 «καθότι
2545 735 2610 799 αἱ
2664 735 2979 800 διάλεκτοι
3023 754 3253 813 μαρτυ-

664 838 917 916 ροῦςιν,
975 836 1194 901 Ἴωνες
1240 841 1536 921 κεῖνος,
1589 838 1838 903 Αἰολεῖς
1896 842 2167 916 κῆνος,
2212 839 2492 918 Δωριεῖς
2534 841 2788 916 τῆνος.
2854 873 2930 884 —-
2989 835 3064 900 τό
3109 856 3176 900 τε
3219 837 3255 898 ἒ

662 936 792 1015 πρὸ
846 941 964 1002 τοῦ
1022 942 1058 1003 ἱ
1113 937 1405 1018 κείμενον
1465 938 1826 1022 δαςύνεται,
1885 938 1994 1004 ὅτε
2050 941 2132 1021 μὴ
2188 941 2258 1006 ἐν
2313 939 2502 1004 κλίςει
2564 938 2954 1017 παρακέοιτο
3010 936 3249 1003 ἔξωθεν
3290 939 3331 994 C

663 1039 1207 1120 προςερχόμενον.
1296 1044 1413 1105 τοῦ
1459 1043 1574 1120 μὲν
1621 1038 1740 1105 οὖν
1784 1042 2110 1120 προτέρου
2155 1040 2447 1119 Ἑκάτη,
2493 1041 2797 1123 Ἐκάβη,
2843 1037 3051 1115 ἑκάς,
3099 1038 3253 1117 ἑκη-

666 1139 929 1218 βόλος,
978 1141 1206 1219 ἑκών,
1254 1143 1371 1207 κᾶν
1418 1141 1549 1209 ἀπὸ
1594 1145 1710 1206 τοῦ
1756 1141 1907 1207 εἴκω
1952 1144 2302 1209 ἐνεςτῶτος
2344 1142 2877 1222 ἐςχηματιςμένον
2923 1142 2991 1224 ᾗ·
3035 1142 3151 1203 τοῦ
3181 1141 3254 1204 δὲ

664 1242 972 1321 δευτέρου
1019 1244 1386 1321 ἐκάλουν,
1434 1244 1725 1327 ἔκλων,
1770 1244 2106 1311 ἔκλυον..
2175 1245 2369 1324 ἐχρῆν
2416 1244 2537 1310 οὖν
2583 1246 2659 1309 τὸ
2704 1244 2950 1307 ἐκεῖνος
2993 1240 3253 1306 δαςύνε-

665 1347 817 1406 ςθαι.
874 1380 947 1390 —-
997 1348 1072 1411 τὸ
1118 1346 1189 1410 ἐν
1234 1347 1469 1426 τρίτοις
1512 1346 1885 1425 προςώποις
1927 1347 1962 1410 ἒ
2008 1346 2371 1423 δαςύνεται,
2427 1346 2637 1425 ἕθεν,
2697 1345 2813 1426 ἕο,
2874 1344 3025 1409 ἑοῖ·
3110 1348 3251 1407 πῶς

667 1442 788 1510 οὖν
834 1449 1043 1526 ψιλῶς
1087 1448 1163 1512 τὸ
1208 1447 1515 1531 ἐκεῖνος»;

836 1546 1036 1627 Ὑπὲρ
1081 1551 1197 1612 τοῦ
1244 1549 1364 1614 οὖν
1411 1552 1492 1630 μὴ
1537 1549 1919 1617 πλεονάζειν
1965 1550 2243 1616 λεκτέον.
2317 1550 2380 1614 αἱ
2424 1549 2739 1614 διάλεκτοι
2781 1548 2883 1612 καὶ
2911 1547 3253 1627 ἀφαιροῦςι

668 1647 771 1710 καὶ
799 1649 1297 1730 πλεονάζουςιν,
1346 1651 1570 1730 ἑορτή
1617 1651 1844 1736 ὁρτή,
1891 1651 2183 1716 τελέως
2231 1653 2459 1730 λέως,
2506 1650 2794 1730 τρόμος
2838 1650 3251 1728 τέτρομος,
3291 1648 3436 1702 ἨΑ

665 1746 823 1823 ἐγώ
870 1749 1136 1831 ἐγώνη.
1225 1751 1390 1817 ἀλλὰ
1433 1754 1535 1818 καὶ
1578 1754 1851 1834 Ἀλκμὰν
1896 1752 2137 1837 πρώτῳ

920 1851 1162 1932 μάκαρς
1207 1854 1451 1919 ἐκεῖνος
1494 1854 1602 1938 (fr.
1640 1856 1718 1917 14
1748 1852 1967 1938 Bergk
1981 1853 2036 1939 ³)

664 1953 832 2032 φηςί.
894 1989 968 1998 -
1029 1954 1337 2019 Ψιλοῦται
1391 1958 1467 2021 τὸ
1526 1956 1561 2022 ἒ
1603 1959 1731 2035 πρὸ
1776 1960 1892 2021 τοῦ
1939 1962 1997 2033 κ,
2056 1956 2364 2020 ἔκταςις
2419 1957 2523 2019 καὶ
2566 1956 2809 2020 ἐκτός.
2913 1953 3056 2018 ἀλλ’
3098 1952 3251 2017 ἴςως

663 2055 778 2132 τὴν
824 2055 1125 2133 πρόθεςιν
1173 2056 1513 2121 αἰτιάςαιτο
1559 2056 1640 2122 ἄν
1685 2076 1805 2121 τις·
1861 2060 1966 2122 καὶ
2017 2059 2093 2122 τὸ
2147 2056 2396 2123 ἁπαλός
2452 2056 2891 2136 δαςυνόμενον
2936 2055 3256 2135 ἐπιφορᾶς

661 2156 1013 2236 γενομένης
1078 2162 1195 2221 τοῦ
1251 2160 1287 2222 τ
1345 2160 1665 2241 ἐψιλώθη,
1731 2158 2054 2223 ἀταλός·
2124 2158 2275 2223 ἴςως
2341 2157 2469 2238 ἄρα
2523 2159 2625 2222 καὶ
2680 2160 2754 2223 τὸ
2810 2161 2847 2221 ιὶ
2903 2158 2974 2221 ἐκ
3029 2156 3255 2220 δαςέος

662 2257 895 2335 ἑψίλου
947 2259 1026 2323 τὸ
1082 2262 1134 2323 ἒ.
1195 2296 1274 2305 -
1334 2260 1434 2342 [Αἱ
1491 2258 1854 2341 ἀφαιρέςεις
1912 2263 2110 2340 ψιλὴν
2170 2260 2706 2339 καταλιμπάνουςι
2751 2262 2866 2338 τὴν
2911 2258 3253 2338 ἄρχουςαν,

665 2357 957 2439 λείβειν
1015 2359 1292 2441 εἴβειν,
1352 2363 1545 2443 φημί
1588 2362 1746 2442 ἠμί,
1805 2365 1991 2438 γαῖα
2034 2360 2195 2426 αἶα·
2255 2362 2396 2425 ἀλλ’
2440 2361 2651 2425 οὐκέτι
2701 2361 2776 2424 τὸ
2829 2359 2903 2426 ὗς
2955 2358 3086 2423 ἀπὸ
3131 2361 3249 2422 τοῦ
3287 2360 3340 2413 Β

662 2464 768 2524 ςῦς
822 2461 1144 2544 ἐψιλώθη,
1186 2464 1284 2528 ὅτι
1329 2462 1623 2543 ἀρκτικὸν
1677 2465 1756 2529 ὂν
1797 2464 1874 2528 τὸ
1918 2467 1953 2527 ὖ
1997 2463 2352 2528 δαςύνεται.
2397 2463 2507 2545 -J
2561 2462 2651 2527 Τὸ
2693 2460 2726 2526 ἒ
2768 2461 3132 2527 πλεονάζον
3177 2460 3250 2523 ἐν

664 2562 1065 2644 διςυλλάβοις
1110 2565 1468 2646 ἀναβιβάζει
1511 2566 1628 2632 τὸν
1672 2566 1900 2641 τόνον,
1947 2565 2242 2646 ἔειπεν,
2299 2563 2614 2647 ἕοργεν,
2672 2564 2935 2639 ἔεδνα,
2996 2561 3252 2643 ἕαδεν,

663 2664 719 2727 εἰ
774 2664 1204 2745 πλεοναςμός·
1260 2667 1336 2729 τὸ
1396 2668 1520 2746 γὰρ
1575 2667 1802 2746 ἑώρων
1859 2667 1966 2730 διὰ
2007 2667 2083 2729 τὸ
2128 2667 2432 2744 χρονικόν
2475 2666 2896 2745 παράγγελμα
2942 2663 3062 2727 οὐκ
3105 2663 3252 2727 ἀνε-

665 2763 873 2844 βίβαςε
929 2768 1045 2832 τὸν
1097 2768 1313 2833 τόνον.
1414 2774 1553 2832 πῶς
1611 2769 1731 2834 οὖν
1789 2770 1869 2834 οὐ
1914 2768 2470 2848 προπαροξύνεται
2513 2770 2588 2832 τὸ
2634 2769 2880 2832 ἐκεῖνος
2896 2788 2911 2843 ;
2959 2802 3035 2811 -
3084 2764 3173 2829 Τὸ
3217 2767 3255 2828 ἒ

665 2865 823 2931 κατὰ
894 2867 970 2930 τὸ
1043 2867 1259 2947 τρίτον
1326 2870 1658 2934 δαςύνεται
1725 2869 2214 2949 ἀφαιρουμένου
2278 2873 2393 2933 τοῦ
2460 2870 2617 2934 κατὰ
2681 2870 2758 2933 τὸ
2824 2867 3132 2946 δεύτερον
3186 2870 3250 2942 ἱ,

665 2967 797 3030 ςέο
843 2968 956 3051 ἕο,
1017 2970 1237 3035 ςέθεν
1283 2971 1490 3035 ἕθεν·
1549 2971 1624 3035 τὸ
1679 2973 1750 3035 δὲ
1795 2967 2039 3035 ἐκεῖνος
2085 2971 2204 3051 οὐχ
2252 2971 2461 3036 οὕτως
2505 2971 2651 3050 ἔχει.
2709 3006 2783 3016 -
2844 2970 2935 3035 Τὸ
2979 2972 3014 3033 ἒ
3056 2970 3250 3033 πλεο-

642 3067 837 3134 ’νάζει
893 3069 963 3133 ἐν
1021 3073 1159 3135 ταῖς
1216 3071 1347 3135 ἀπὸ
1406 3073 1785 3151 φωνήεντος
1840 3071 2223 3152 ἀρχομέναις
2283 3075 2553 3152 λέξεςιν,
2626 3071 2935 3153 ἑώρων,
3000 3070 3252 3151 ἐῳνο-

664 3170 864 3252 χόει,
911 3170 1069 3254 ἑός,
1115 3170 1224 3254 ἑέ,
1270 3173 1422 3254 ἑοῖ,
1454 3173 1625 3251 .ἑῆς·
1680 3179 1822 3237 πῶς
1868 3174 1989 3238 οὖν
2033 3174 2105 3238 ἐν
2150 3182 2242 3258 τῷ
2288 3176 2534 3239 ἐκεῖνος
2578 3172 2946 3248 πλεονάζει;
3002 3171 3251 3249 ἐδείχθη

662 3272 787 3349 γὰρ
854 3272 944 3335 ὡς
999 3272 1075 3334 τὸ
1131 3273 1310 3352 ἐχθές
1364 3273 1809 3352 ἐντελέςτερον
1862 3278 1983 3338 τοῦ
2038 3276 2186 3354 χθές
2242 3277 2343 3339 καὶ
2399 3277 2473 3339 τὸ
2527 3275 2731 3339 ἐθέλω
2775 3277 2893 3338 τοῦ
2937 3273 3121 3338 θέλω.
3169 3308 3250 3317 -

800 3454 1016 3508 Anava.
1086 3464 1118 3510 3
1155 3456 1218 3508 In
1256 3459 1470 3513 ἐκεῖνος
1503 3458 1834 3526 pronomine
1873 3457 2103 3527 quidam
2137 3464 2172 3514 ἒ
2207 3458 2524 3513 redundare
2561 3461 2814 3522 censent3
2849 3474 2982 3512 nam
3017 3458 3076 3510 id
3111 3459 3154 3524 1)
3180 3472 3251 3510 ex

670 3538 1040 3593 dialectorum
1093 3541 1287 3593 formis
1323 3557 1622 3610 apparere;
1679 3543 1726 3608 2)
1769 3547 1829 3606 ἓ,
1878 3560 2023 3610 quae
2067 3549 2101 3597 ἱ
2146 3543 2369 3597 litterae
2422 3543 2831 3612 praeponatur,
2878 3557 3077 3611 aspero
3122 3555 3252 3610 pro-

663 3623 799 3677 ferri
843 3627 1071 3693 praeter
1116 3628 1508 3695 augmentum3
1562 3629 1608 3694 3)
1651 3629 1685 3680 ἓ
1728 3626 1787 3679 in
1838 3628 2263 3694 pronominibus
2307 3627 2510 3681 tertiae
2556 3627 2730 3679 denso
2775 3627 2976 3694 spiritu
3021 3625 3147 3680 dici.
3185 3655 3254 3664 -

666 3715 746 3760 ll.
783 3708 939 3773 Quae
975 3710 1324 3764 refelluntur.
1374 3713 1418 3779 1)
1453 3711 1532 3763 Ex
1569 3710 1823 3764 dialectis
1858 3712 1999 3764 nihil
2034 3712 2346 3781 colligitur3
2389 3713 2436 3778 2)
2475 3717 2507 3765 ἒ
2543 3712 2676 3765 ante
2713 3715 2745 3764 κ
2780 3710 2985 3763 leniter
3020 3710 3256 3778 aspirari

663 3794 828 3857 solet3
865 3795 911 3861 8)
946 3793 976 3847 ἐ
1014 3794 1073 3847 in
1106 3793 1280 3848 tertia
1312 3810 1553 3864 persona
1585 3795 1758 3848 denso
1793 3811 1907 3848 non
1943 3796 2249 3865 aspiratur,
2288 3796 2396 3848 nisi
2428 3802 2463 3850 ἰ
2496 3795 2717 3862 littera,
2755 3812 2924 3863 quam
2961 3795 3136 3849 habet
3168 3811 3254 3848 se·

664 3877 873 3942 cunda,
922 3879 1178 3932 detracta
1213 3880 1313 3933 est.
1353 3909 1415 3918 —-
1454 3879 1757 3932 Praeterea
1789 3882 1823 3934 ἒ
1859 3879 2153 3933 abundans
2189 3880 2286 3933 ubi
2321 3880 2394 3933 ad
2429 3896 2595 3933 voees
2631 3880 2869 3933 duarum
2905 3879 3254 3947 syllabarum

663 3961 897 4028 accedit,
919 3965 1183 4017 accentus
1199 3962 1529 4026 retrahitur3
1559 3993 1614 4002 —
1644 3970 1679 4017 “ε“
1696 3979 1808 4016 non
1826 3964 2095 4029 abundat,
2121 3964 2230 4016 nisi
2248 3964 2304 4016 in
2325 3964 2485 4017 initio
2504 3980 2720 4029 vocum,
2747 3980 2893 4032 quae
2914 3980 2948 4016 a
2965 3963 3256 4016 vocalibus

662 4045 965 4114 incipiunt3
1005 4077 1071 4086 —
1106 4052 1139 4102 ἐ’
1174 4048 1289 4100 leni
1326 4047 1631 4115 aspiratur,
1665 4046 1763 4100 ubi
1798 4063 1902 4116 per
1937 4049 2267 4117 aphaeresin
2305 4064 2501 4101 vocem
2537 4046 2807 4116 relinquit
2827 4064 2939 4101 non
2963 4047 3251 4114 mutilam3

662 4159 728 4168 —
765 4129 977 4198 aliquid
1014 4130 1328 4185 redundare
1365 4131 1536 4199 plena
1569 4133 1749 4184 forma
1780 4130 2085 4185 indicatur:
2125 4134 2186 4185 at
2218 4132 2390 4200 plena
2424 4138 2508 4186 κεῖ
2543 4132 2723 4186 forma
2756 4148 2868 4185 non
2903 4133 3102 4185 exstat.

799 4295 993 4353 Diseu.
1037 4319 1244 4356 scum.
1306 4307 1352 4353 1.
1396 4317 1687 4366 μεμπαιοι,
1723 4317 1837 4353 non
1873 4300 1938 4353 ut
1971 4299 2008 4352 b
2045 4301 2218 4354 refert
2253 4302 2576 4366 μεμπταιοι,
2604 4301 2646 4353 Α
2675 4302 2683 4366 Ι
2719 4307 2766 4356 3.
2792 4300 3083 4369 inscriptio
3118 4316 3254 4366 περι

663 4398 765 4448 της
802 4398 1019 4437 εκεινος
1054 4384 1285 4437 maiuse.
1327 4385 1369 4437 Α
1409 4387 1421 4449 Ι
1457 4391 1542 4451 τῷ
1584 4388 1614 4438 ἔ
1649 4385 1713 4450 b,
1750 4401 1818 4438 το
1857 4401 1885 4438 ε
1924 4386 1966 4438 Α
2014 4387 2023 4441 Ι
2056 4388 2105 4436 4.
2141 4387 2337 4451 δωριει
2371 4386 2413 4438 Α
2454 4387 2464 4452 Ι
2502 4392 2551 4438 5.
2590 4401 2687 4438 οτε
2726 4386 2786 4448 Α,
2824 4387 2918 4437 ὅτι
2951 4385 2987 4436 b
3027 4386 3037 4452 Ι
3080 4391 3127 4441 9.
3167 4387 3255 4438 ἑοῖ

663 4463 1037 4532 RSehneider,
1075 4469 1161 4521 ἔοι
1194 4467 1231 4519 b
1273 4469 1281 4535 Ι
1325 4474 1406 4522 11.
1444 4485 1780 4535 αφαιρουςιν
1817 4469 1859 4521 Α
1910 4470 1920 4536 Ι
1969 4474 2045 4524 12.
2081 4471 2296 4522 τελεως
2332 4472 2477 4522 λεως
2515 4471 2588 4535 Α,
2626 4470 2777 4522 θέλω
2814 4470 2897 4521 λῶ
2933 4468 2970 4521 b
3011 4470 3020 4534 Ι
3064 4474 3143 4522 ¹5.
3179 4471 3255 4522 τὸ

660 4553 697 4603 ἓ
731 4549 1120 4617 RSkrzeezka,
1157 4569 1223 4605 τε
1260 4552 1352 4605 Ab
1384 4553 1393 4618 Ι
1426 4555 1506 4607 16.
1541 4554 1787 4615 απαλος,
1824 4552 2131 4620 posteriore
2169 4570 2205 4606 α
2240 4551 2433 4606 littera
2468 4554 2742 4617 correcta,
2781 4555 2855 4618 Α,
2902 4553 3126 4607 ἁπαλόν
3160 4552 3198 4605 b
3242 4554 3250 4618 1

668 4639 747 4689 1‘1.
783 4638 873 4688 καὶ
907 4637 978 4689 τὸ
1014 4642 1049 4689 ἓ
1085 4636 1207 4701 Ab,
1253 4638 1345 4689 καὶ
1380 4638 1449 4690 τὸ
1482 4637 1518 4688 ἢ
1554 4635 1761 4689 conicit
1791 4634 2145 4705 JGuttentag
2201 4640 2209 4704 Ι
2276 4642 2355 4691 18.
2392 4638 2459 4692 Αἰ
2495 4638 2816 4703 ἀφαιρὲςεις
2862 4664 2928 4674 ·-
2974 4643 3058 4691 20.
3093 4638 3256 4690 δαςὺ·

666 4734 826 4772 νεται
871 4719 1005 4772 eioit
1038 4719 1405 4777 RSln-zeczka
1441 4722 1451 4784 Ι
1488 4725 1572 4771 21.
1610 4719 1930 4784 ἀναβιβάζει
1973 4720 2077 4772 τὸν
2111 4719 2311 4790 τόνον]
2349 4721 2445 4774 fol.
2485 4725 2580 4775 166
2602 4737 2648 4773 r.
2681 4723 2688 4786 Ι
2730 4737 2947 4788 εωργεν
2983 4723 3027 4775 Α
3071 4723 3080 4788 Ι
3120 4723 3256 4776 εαδε

666 4804 710 4858 Α
742 4802 752 4870 Ι
782 4807 998 4857 22-23.
1035 4807 1360 4869 ανεβιβαςεν
1395 4807 1439 4859 Α
1470 4803 1480 4871 Ι
1510 4809 1727 4857 26—2‘1.
1766 4819 2063 4870 εωινοχοει
2097 4807 2141 4859 Α
2173 4807 2182 4873 Ι
2222 4811 2305 4864 27,
2344 4805 2416 4872 ἑέ,
2455 4806 2536 4859 ἑοῑ
2570 4803 2942 4871 RSchneider,
2979 4806 3055 4872 ἕε,
3092 4805 3177 4859 ἔοι
3214 4805 3254 4860 b
