<?xml version="1.0" encoding="UTF-8"?>
<!DOCTYPE html PUBLIC "-//W3C//DTD XHTML 1.0 Transitional//EN"
    "http://www.w3.org/TR/xhtml1/DTD/xhtml1-transitional.dtd">
<html xmlns="http://www.w3.org/1999/xhtml" xml:lang="en" lang="en">
 <head>
  <title>
</title>
<meta http-equiv="Content-Type" content="text/html;charset=utf-8" />
  <meta name='ocr-system' content='tesseract 3.04.00' />
  <meta name='ocr-capabilities' content='ocr_page ocr_carea ocr_par ocr_line ocrx_word'/>
</head>
<body>
  <div class='ocr_page' id='page_1' title='image "./grammaticigraec00unkngoog_0123.png"; bbox 0 0 3738 5530; ppageno 0'>
   <div class='ocr_carea' id='block_1_1' title="bbox 0 11 572 15">
    <p class='ocr_par' dir='ltr' id='par_1_1' title="bbox 0 11 572 15">
     <span class='ocr_line' id='line_1_1' title="bbox 0 11 572 15; baseline 0 0"><span class='ocrx_word' id='word_1_1' title='bbox 0 11 572 15; x_wconf 95' lang='lat' dir='ltr'> </span> 
     </span>
    </p>
   </div>
   <div class='ocr_carea' id='block_1_2' title="bbox 1339 392 3104 460">
    <p class='ocr_par' dir='ltr' id='par_1_2' title="bbox 1339 392 3104 460">
     <span class='ocr_line' id='line_1_2' title="bbox 1339 392 3104 460; baseline 0.001 -14"><span class='ocrx_word' id='word_1_2' title='bbox 1339 392 1774 447; x_wconf 73' lang='lat' dir='ltr'>PRoNomNA</span> <span class='ocrx_word' id='word_1_3' title='bbox 1811 393 2266 447; x_wconf 74' lang='lat' dir='ltr'><strong>POSSESSIVA.</strong></span> <span class='ocrx_word' id='word_1_4' title='bbox 2981 394 3104 460; x_wconf 78' lang='lat'>105</span> 
     </span>
    </p>
   </div>
   <div class='ocr_carea' id='block_1_3' title="bbox 434 596 3177 1191">
    <p class='ocr_par' dir='ltr' id='par_1_3' title="bbox 434 596 3177 1191">
     <span class='ocr_line' id='line_1_3' title="bbox 434 596 3104 680; baseline 0.001 -17"><span class='ocrx_word' id='word_1_5' title='bbox 434 610 485 663; x_wconf 84' lang='grc' dir='ltr'>Β</span> <span class='ocrx_word' id='word_1_6' title='bbox 513 619 674 679; x_wconf 85' lang='grc' dir='ltr'>ματα</span> <span class='ocrx_word' id='word_1_7' title='bbox 726 600 848 678; x_wconf 88' lang='grc' dir='ltr'>τὴν</span> <span class='ocrx_word' id='word_1_8' title='bbox 903 599 976 666; x_wconf 83' lang='grc' dir='ltr'>ἐν</span> <span class='ocrx_word' id='word_1_9' title='bbox 1031 598 1425 680; x_wconf 72' lang='grc' dir='ltr'>ἀμφοτέροις</span> <span class='ocrx_word' id='word_1_10' title='bbox 1479 600 1691 677; x_wconf 86' lang='grc' dir='ltr'>κτῆςιν</span> <span class='ocrx_word' id='word_1_11' title='bbox 1748 596 2279 679; x_wconf 82' lang='grc' dir='ltr'>ὕπακουομένην,</span> <span class='ocrx_word' id='word_1_12' title='bbox 2334 599 2452 676; x_wconf 90' lang='grc' dir='ltr'>τὴν</span> <span class='ocrx_word' id='word_1_13' title='bbox 2495 603 2627 664; x_wconf 87' lang='grc' dir='ltr'>τῶν</span> <span class='ocrx_word' id='word_1_14' title='bbox 2671 603 2899 665; x_wconf 87' lang='grc' dir='ltr'>διςςῶν</span> <span class='ocrx_word' id='word_1_15' title='bbox 2945 620 3104 679; x_wconf 89' lang='grc' dir='ltr'>προ-</span> 
     </span>
     <span class='ocr_line' id='line_1_4' title="bbox 512 699 3107 785; baseline 0 -19"><span class='ocrx_word' id='word_1_16' title='bbox 512 702 745 768; x_wconf 88' lang='grc' dir='ltr'>ςώπων</span> <span class='ocrx_word' id='word_1_17' title='bbox 790 700 1081 778; x_wconf 82' lang='grc' dir='ltr'>ἔννοιαν,</span> <span class='ocrx_word' id='word_1_18' title='bbox 1127 702 1200 765; x_wconf 88' lang='grc' dir='ltr'>τὸ</span> <span class='ocrx_word' id='word_1_19' title='bbox 1248 700 1336 764; x_wconf 86' lang='grc' dir='ltr'>εἰς</span> <span class='ocrx_word' id='word_1_20' title='bbox 1377 700 1633 775; x_wconf 85' lang='grc' dir='ltr'>γενικὰς</span> <span class='ocrx_word' id='word_1_21' title='bbox 1679 699 2062 765; x_wconf 87' lang='grc' dir='ltr'>ἀναλύεςθαι</span> <span class='ocrx_word' id='word_1_22' title='bbox 2091 702 2247 777; x_wconf 89' lang='grc' dir='ltr'>μετὰ</span> <span class='ocrx_word' id='word_1_23' title='bbox 2275 704 2393 765; x_wconf 85' lang='grc' dir='ltr'>τοῦ</span> <span class='ocrx_word' id='word_1_24' title='bbox 2424 700 2765 778; x_wconf 88' lang='grc' dir='ltr'>κτήματος·</span> <span class='ocrx_word' id='word_1_25' title='bbox 2810 701 2890 785; x_wconf 72' lang='grc' dir='ltr'>οὐ</span> <span class='ocrx_word' id='word_1_26' title='bbox 2921 701 3107 767; x_wconf 87' lang='grc' dir='ltr'>κοινὰ</span> 
     </span>
     <span class='ocr_line' id='line_1_5' title="bbox 512 800 3108 883; baseline 0 -16"><span class='ocrx_word' id='word_1_27' title='bbox 512 802 616 883; x_wconf 87' lang='grc' dir='ltr'>δέ,</span> <span class='ocrx_word' id='word_1_28' title='bbox 673 802 834 867; x_wconf 86' lang='grc' dir='ltr'>καθὸ</span> <span class='ocrx_word' id='word_1_29' title='bbox 891 801 957 867; x_wconf 83' lang='grc' dir='ltr'>αἱ</span> <span class='ocrx_word' id='word_1_30' title='bbox 1015 801 1403 881; x_wconf 88' lang='grc' dir='ltr'>ἀντωνυμίαι</span> <span class='ocrx_word' id='word_1_31' title='bbox 1459 802 1668 868; x_wconf 84' lang='grc' dir='ltr'>κοιναὶ</span> <span class='ocrx_word' id='word_1_32' title='bbox 1724 802 1968 866; x_wconf 89' lang='grc' dir='ltr'>παντὸς</span> <span class='ocrx_word' id='word_1_33' title='bbox 2023 801 2332 881; x_wconf 88' lang='grc' dir='ltr'>κτήτορός</span> <span class='ocrx_word' id='word_1_34' title='bbox 2389 800 2549 877; x_wconf 87' lang='grc' dir='ltr'>είςι,·</span> <span class='ocrx_word' id='word_1_35' title='bbox 2591 803 2671 866; x_wconf 91' lang='grc' dir='ltr'>τὰ</span> <span class='ocrx_word' id='word_1_36' title='bbox 2726 803 2798 867; x_wconf 81' lang='grc' dir='ltr'>δὲ</span> <span class='ocrx_word' id='word_1_37' title='bbox 2853 803 3108 881; x_wconf 87' lang='grc' dir='ltr'>κτητικὰ</span> 
     </span>
     <span class='ocr_line' id='line_1_6' title="bbox 515 902 3110 983; baseline 0 -16"><span class='ocrx_word' id='word_1_38' title='bbox 515 902 729 970; x_wconf 86' lang='grc' dir='ltr'>ἰδιάζει</span> <span class='ocrx_word' id='word_1_39' title='bbox 773 904 936 969; x_wconf 81' lang='grc' dir='ltr'>κατὰ</span> <span class='ocrx_word' id='word_1_40' title='bbox 978 905 1095 969; x_wconf 87' lang='grc' dir='ltr'>τὸν</span> <span class='ocrx_word' id='word_1_41' title='bbox 1140 904 1415 983; x_wconf 92' lang='grc' dir='ltr'>κτήτορα</span> <span class='ocrx_word' id='word_1_42' title='bbox 1459 903 1596 968; x_wconf 77' lang='grc' dir='ltr'>ἔςθ’</span> <span class='ocrx_word' id='word_1_43' title='bbox 1653 902 1780 967; x_wconf 89' lang='grc' dir='ltr'>ὅτε.</span> <span class='ocrx_word' id='word_1_44' title='bbox 1880 904 1956 969; x_wconf 84' lang='grc' dir='ltr'>τὸ</span> <span class='ocrx_word' id='word_1_45' title='bbox 2001 904 2117 983; x_wconf 81' lang='grc' dir='ltr'>μὲν</span> <span class='ocrx_word' id='word_1_46' title='bbox 2162 904 2288 982; x_wconf 87' lang='grc' dir='ltr'>γὰρ</span> <span class='ocrx_word' id='word_1_47' title='bbox 2334 903 2511 982; x_wconf 83' lang='grc' dir='ltr'>ἐμός,</span> <span class='ocrx_word' id='word_1_48' title='bbox 2569 903 2678 969; x_wconf 90' lang='grc' dir='ltr'>ςός</span> <span class='ocrx_word' id='word_1_49' title='bbox 2733 904 2957 971; x_wconf 81' lang='grc' dir='ltr'>κοινὸν</span> <span class='ocrx_word' id='word_1_50' title='bbox 3002 904 3110 969; x_wconf 86' lang='grc' dir='ltr'>ἐπὶ</span> 
     </span>
     <span class='ocr_line' id='line_1_7' title="bbox 512 1003 3177 1089; baseline 0 -18"><span class='ocrx_word' id='word_1_51' title='bbox 512 1007 810 1084; x_wconf 85' lang='grc' dir='ltr'>πάντων,</span> <span class='ocrx_word' id='word_1_52' title='bbox 866 1007 943 1070; x_wconf 87' lang='grc' dir='ltr'>τὸ</span> <span class='ocrx_word' id='word_1_53' title='bbox 998 1006 1069 1071; x_wconf 78' lang='grc' dir='ltr'>δὲ</span> <span class='ocrx_word' id='word_1_54' title='bbox 1122 1006 1476 1085; x_wconf 80' lang='grc' dir='ltr'>Ἑκτόρειος</span> <span class='ocrx_word' id='word_1_55' title='bbox 1532 1003 1733 1071; x_wconf 81' lang='grc' dir='ltr'>ἴδιον·</span> <span class='ocrx_word' id='word_1_56' title='bbox 1788 1005 1893 1071; x_wconf 81' lang='grc' dir='ltr'>ἐπὶ</span> <span class='ocrx_word' id='word_1_57' title='bbox 1935 1006 2061 1085; x_wconf 81' lang='grc' dir='ltr'>γὰρ</span> <span class='ocrx_word' id='word_1_58' title='bbox 2105 1006 2312 1084; x_wconf 86' lang='grc' dir='ltr'>μόνου</span> <span class='ocrx_word' id='word_1_59' title='bbox 2355 1005 2681 1083; x_wconf 84' lang='grc' dir='ltr'>Ἕκτορος.</span> <span class='ocrx_word' id='word_1_60' title='bbox 2785 1007 2839 1089; x_wconf 83' lang='grc' dir='ltr'>ᾧ</span> <span class='ocrx_word' id='word_1_61' title='bbox 2883 1005 3108 1089; x_wconf 90' lang='grc' dir='ltr'>τρόπῳ</span> <span class='ocrx_word' id='word_1_62' title='bbox 3143 1022 3177 1070; x_wconf 71' lang='lat'><strong>5</strong></span> 
     </span>
     <span class='ocr_line' id='line_1_8' title="bbox 514 1106 3108 1191; baseline 0.001 -20"><span class='ocrx_word' id='word_1_63' title='bbox 514 1107 802 1188; x_wconf 86' lang='grc' dir='ltr'>διαφέρει</span> <span class='ocrx_word' id='word_1_64' title='bbox 846 1106 949 1172; x_wconf 85' lang='grc' dir='ltr'>καὶ</span> <span class='ocrx_word' id='word_1_65' title='bbox 991 1107 1068 1172; x_wconf 86' lang='grc' dir='ltr'>τὸ</span> <span class='ocrx_word' id='word_1_66' title='bbox 1112 1107 1370 1173; x_wconf 84' lang='grc' dir='ltr'>Ἰλιόθεν</span> <span class='ocrx_word' id='word_1_67' title='bbox 1412 1114 1529 1174; x_wconf 85' lang='grc' dir='ltr'>τοῦ</span> <span class='ocrx_word' id='word_1_68' title='bbox 1574 1109 1884 1175; x_wconf 87' lang='grc' dir='ltr'>ἄλλοθεν·</span> <span class='ocrx_word' id='word_1_69' title='bbox 1929 1108 2006 1173; x_wconf 84' lang='grc' dir='ltr'>τὸ</span> <span class='ocrx_word' id='word_1_70' title='bbox 2049 1107 2164 1184; x_wconf 78' lang='grc' dir='ltr'>μὲν</span> <span class='ocrx_word' id='word_1_71' title='bbox 2208 1107 2281 1171; x_wconf 82' lang='grc' dir='ltr'>ἐκ</span> <span class='ocrx_word' id='word_1_72' title='bbox 2322 1106 2532 1172; x_wconf 88' lang='grc' dir='ltr'>τόπου</span> <span class='ocrx_word' id='word_1_73' title='bbox 2576 1108 2733 1185; x_wconf 85' lang='grc' dir='ltr'>μετὰ</span> <span class='ocrx_word' id='word_1_74' title='bbox 2773 1106 3108 1191; x_wconf 80' lang='grc' dir='ltr'>ἰδιότητος,</span> 
     </span>
    </p>
   </div>
   <div class='ocr_carea' id='block_1_4' title="bbox 440 1209 3111 1395">
    <p class='ocr_par' dir='ltr' id='par_1_4' title="bbox 440 1209 3111 1395">
     <span class='ocr_line' id='line_1_9' title="bbox 513 1209 3111 1290; baseline 0 -16"><span class='ocrx_word' id='word_1_75' title='bbox 513 1210 588 1274; x_wconf 87' lang='grc' dir='ltr'>τὸ</span> <span class='ocrx_word' id='word_1_76' title='bbox 641 1212 711 1274; x_wconf 84' lang='grc' dir='ltr'>δὲ</span> <span class='ocrx_word' id='word_1_77' title='bbox 770 1209 994 1276; x_wconf 81' lang='grc' dir='ltr'>κοινὸν</span> <span class='ocrx_word' id='word_1_78' title='bbox 1050 1209 1294 1275; x_wconf 85' lang='grc' dir='ltr'>παντὸς</span> <span class='ocrx_word' id='word_1_79' title='bbox 1350 1212 1576 1276; x_wconf 88' lang='grc' dir='ltr'>τόπου.</span> <span class='ocrx_word' id='word_1_80' title='bbox 1645 1248 1729 1259; x_wconf 95' lang='grc'><strong>-</strong></span> <span class='ocrx_word' id='word_1_81' title='bbox 1788 1210 2085 1276; x_wconf 85' lang='grc' dir='ltr'>Πάντοτε</span> <span class='ocrx_word' id='word_1_82' title='bbox 2138 1209 2210 1276; x_wconf 83' lang='grc' dir='ltr'>ἐν</span> <span class='ocrx_word' id='word_1_83' title='bbox 2265 1210 2403 1275; x_wconf 78' lang='grc' dir='ltr'>δυςὶ</span> <span class='ocrx_word' id='word_1_84' title='bbox 2455 1209 2689 1289; x_wconf 86' lang='grc' dir='ltr'>τρίτοις</span> <span class='ocrx_word' id='word_1_85' title='bbox 2731 1211 2812 1275; x_wconf 86' lang='grc' dir='ltr'>τὰ</span> <span class='ocrx_word' id='word_1_86' title='bbox 2854 1209 3111 1290; x_wconf 87' lang='grc' dir='ltr'>κτητικά</span> 
     </span>
     <span class='ocr_line' id='line_1_10' title="bbox 440 1308 3107 1395; baseline -0 -17"><span class='ocrx_word' id='word_1_87' title='bbox 440 1321 480 1377; x_wconf 87' lang='lat' dir='ltr'>C</span> <span class='ocrx_word' id='word_1_88' title='bbox 516 1315 792 1395; x_wconf 83' lang='grc' dir='ltr'>νοεῖται,</span> <span class='ocrx_word' id='word_1_89' title='bbox 837 1310 903 1375; x_wconf 80' lang='grc' dir='ltr'>αἱ</span> <span class='ocrx_word' id='word_1_90' title='bbox 946 1311 1016 1376; x_wconf 78' lang='grc' dir='ltr'>δὲ</span> <span class='ocrx_word' id='word_1_91' title='bbox 1062 1308 1452 1392; x_wconf 88' lang='grc' dir='ltr'>ἀντωνυμίαι</span> <span class='ocrx_word' id='word_1_92' title='bbox 1497 1313 1579 1378; x_wconf 89' lang='grc' dir='ltr'>οὐ</span> <span class='ocrx_word' id='word_1_93' title='bbox 1623 1313 1932 1392; x_wconf 88' lang='grc' dir='ltr'>πάντοτε,</span> <span class='ocrx_word' id='word_1_94' title='bbox 1989 1311 2079 1376; x_wconf 81' lang='grc' dir='ltr'>ὡς</span> <span class='ocrx_word' id='word_1_95' title='bbox 2124 1310 2390 1391; x_wconf 86' lang='grc' dir='ltr'>ἐδείχθη.</span> <span class='ocrx_word' id='word_1_96' title='bbox 2447 1349 2526 1359; x_wconf 91' lang='lat'>-—-</span> <span class='ocrx_word' id='word_1_97' title='bbox 2591 1312 2759 1376; x_wconf 84' lang='grc' dir='ltr'>Κατὰ</span> <span class='ocrx_word' id='word_1_98' title='bbox 2800 1313 2919 1378; x_wconf 85' lang='grc' dir='ltr'>τὸν</span> <span class='ocrx_word' id='word_1_99' title='bbox 2965 1312 3107 1390; x_wconf 84' lang='grc' dir='ltr'>κτή-</span> 
     </span>
    </p>
   </div>
   <div class='ocr_carea' id='block_1_5' title="bbox 310 1412 3217 3746">
    <p class='ocr_par' dir='ltr' id='par_1_5' title="bbox 310 1412 3216 2829">
     <span class='ocr_line' id='line_1_11' title="bbox 514 1412 3106 1496; baseline 0 -17"><span class='ocrx_word' id='word_1_100' title='bbox 514 1435 678 1495; x_wconf 89' lang='grc' dir='ltr'>τορα</span> <span class='ocrx_word' id='word_1_101' title='bbox 731 1413 1194 1494; x_wconf 82' lang='grc' dir='ltr'>ἀμφιβάλλεται</span> <span class='ocrx_word' id='word_1_102' title='bbox 1258 1414 1297 1479; x_wconf 87' lang='grc' dir='ltr'>ὁ</span> <span class='ocrx_word' id='word_1_103' title='bbox 1354 1413 1618 1494; x_wconf 87' lang='grc' dir='ltr'>ἀριθμὸς</span> <span class='ocrx_word' id='word_1_104' title='bbox 1675 1415 1746 1481; x_wconf 87' lang='grc' dir='ltr'>ἐν</span> <span class='ocrx_word' id='word_1_105' title='bbox 1804 1416 2330 1496; x_wconf 88' lang='grc' dir='ltr'>προςηγορικοῖς,</span> <span class='ocrx_word' id='word_1_106' title='bbox 2397 1412 2854 1492; x_wconf 83' lang='grc' dir='ltr'>ἀνθρώπεια</span> <span class='ocrx_word' id='word_1_107' title='bbox 2905 1413 3106 1495; x_wconf 82' lang='grc' dir='ltr'>ἴχνη,</span> 
     </span>
     <span class='ocr_line' id='line_1_12' title="bbox 517 1514 3212 1597; baseline -0.001 -15"><span class='ocrx_word' id='word_1_108' title='bbox 517 1517 796 1597; x_wconf 90' lang='grc' dir='ltr'>πότερον</span> <span class='ocrx_word' id='word_1_109' title='bbox 853 1516 1000 1582; x_wconf 85' lang='grc' dir='ltr'>ἑνὸς</span> <span class='ocrx_word' id='word_1_110' title='bbox 1055 1516 1095 1595; x_wconf 86' lang='grc' dir='ltr'>ἢ</span> <span class='ocrx_word' id='word_1_111' title='bbox 1150 1518 1471 1583; x_wconf 90' lang='grc' dir='ltr'>πλειόνων</span> <span class='ocrx_word' id='word_1_112' title='bbox 1492 1536 1506 1551; x_wconf 90' lang='grc'><em>·</em></span> <span class='ocrx_word' id='word_1_113' title='bbox 1562 1517 1627 1583; x_wconf 87' lang='grc' dir='ltr'>αἱ</span> <span class='ocrx_word' id='word_1_114' title='bbox 1682 1521 1754 1585; x_wconf 82' lang='grc' dir='ltr'>δὲ</span> <span class='ocrx_word' id='word_1_115' title='bbox 1811 1516 2202 1597; x_wconf 88' lang='grc' dir='ltr'>ἀντωνυμίαι</span> <span class='ocrx_word' id='word_1_116' title='bbox 2246 1515 2507 1582; x_wconf 87' lang='grc' dir='ltr'>οὔποτε.</span> <span class='ocrx_word' id='word_1_117' title='bbox 2619 1515 2826 1582; x_wconf 84' lang='grc' dir='ltr'>αἴτιον</span> <span class='ocrx_word' id='word_1_118' title='bbox 2872 1517 2944 1581; x_wconf 78' lang='grc' dir='ltr'>δὲ</span> <span class='ocrx_word' id='word_1_119' title='bbox 2988 1514 3110 1580; x_wconf 88' lang='grc' dir='ltr'>οὐκ</span> <span class='ocrx_word' id='word_1_120' title='bbox 3151 1533 3212 1579; x_wconf 87' lang='lat'>10</span> 
     </span>
     <span class='ocr_line' id='line_1_13' title="bbox 516 1616 3108 1702; baseline -0 -19"><span class='ocrx_word' id='word_1_121' title='bbox 516 1618 680 1684; x_wconf 86' lang='grc' dir='ltr'>ἀλλο</span> <span class='ocrx_word' id='word_1_122' title='bbox 737 1618 861 1682; x_wconf 86' lang='grc' dir='ltr'>ἐςτὶ</span> <span class='ocrx_word' id='word_1_123' title='bbox 904 1621 1017 1696; x_wconf 87' lang='grc' dir='ltr'>τῆς</span> <span class='ocrx_word' id='word_1_124' title='bbox 1061 1617 1444 1699; x_wconf 86' lang='grc' dir='ltr'>ἀμφιβολίας</span> <span class='ocrx_word' id='word_1_125' title='bbox 1488 1622 1528 1699; x_wconf 87' lang='grc' dir='ltr'>ἢ</span> <span class='ocrx_word' id='word_1_126' title='bbox 1572 1623 1648 1686; x_wconf 87' lang='grc' dir='ltr'>τὸ</span> <span class='ocrx_word' id='word_1_127' title='bbox 1703 1621 1891 1686; x_wconf 83' lang='grc' dir='ltr'>τέλος</span> <span class='ocrx_word' id='word_1_128' title='bbox 1947 1623 2065 1684; x_wconf 86' lang='grc' dir='ltr'>τοῦ</span> <span class='ocrx_word' id='word_1_129' title='bbox 2122 1617 2475 1702; x_wconf 89' lang='grc' dir='ltr'>ὀνόματος,</span> <span class='ocrx_word' id='word_1_130' title='bbox 2540 1618 2632 1683; x_wconf 77' lang='grc' dir='ltr'>δι’</span> <span class='ocrx_word' id='word_1_131' title='bbox 2686 1616 2768 1682; x_wconf 84' lang='grc' dir='ltr'>οὗ</span> <span class='ocrx_word' id='word_1_132' title='bbox 2809 1618 2928 1683; x_wconf 87' lang='grc' dir='ltr'>τὸν</span> <span class='ocrx_word' id='word_1_133' title='bbox 2973 1616 3108 1696; x_wconf 86' lang='grc' dir='ltr'>ἀρι·</span> 
     </span>
     <span class='ocr_line' id='line_1_14' title="bbox 516 1719 3112 1801; baseline -0.001 -15"><span class='ocrx_word' id='word_1_134' title='bbox 516 1722 679 1800; x_wconf 87' lang='grc' dir='ltr'>θμὸν</span> <span class='ocrx_word' id='word_1_135' title='bbox 726 1720 1368 1801; x_wconf 86' lang='grc' dir='ltr'>καταλαμβανόμεθα,</span> <span class='ocrx_word' id='word_1_136' title='bbox 1414 1721 1577 1801; x_wconf 89' lang='grc' dir='ltr'>ὅπερ</span> <span class='ocrx_word' id='word_1_137' title='bbox 1622 1723 1782 1787; x_wconf 86' lang='grc' dir='ltr'>κατὰ</span> <span class='ocrx_word' id='word_1_138' title='bbox 1826 1722 2220 1801; x_wconf 86' lang='grc' dir='ltr'>παραγωγὴν</span> <span class='ocrx_word' id='word_1_139' title='bbox 2263 1725 2382 1786; x_wconf 85' lang='grc' dir='ltr'>τοῦ</span> <span class='ocrx_word' id='word_1_140' title='bbox 2425 1725 2719 1801; x_wconf 79' lang='grc' dir='ltr'>κτητικοῦ</span> <span class='ocrx_word' id='word_1_141' title='bbox 2761 1719 3112 1801; x_wconf 86' lang='grc' dir='ltr'>παραφθεί·</span> 
     </span>
     <span class='ocr_line' id='line_1_15' title="bbox 515 1821 3111 1906; baseline -0 -19"><span class='ocrx_word' id='word_1_142' title='bbox 515 1842 705 1901; x_wconf 91' lang='grc' dir='ltr'>ρεται.</span> <span class='ocrx_word' id='word_1_143' title='bbox 807 1821 917 1887; x_wconf 87' lang='grc' dir='ltr'>ὅτε</span> <span class='ocrx_word' id='word_1_144' title='bbox 972 1823 1089 1901; x_wconf 80' lang='grc' dir='ltr'>μὲν</span> <span class='ocrx_word' id='word_1_145' title='bbox 1146 1821 1270 1903; x_wconf 85' lang='grc' dir='ltr'>γάρ</span> <span class='ocrx_word' id='word_1_146' title='bbox 1329 1823 1495 1890; x_wconf 79' lang='grc' dir='ltr'>ἐςτιν</span> <span class='ocrx_word' id='word_1_147' title='bbox 1541 1822 1656 1888; x_wconf 85' lang='grc' dir='ltr'>ὑός</span> <span class='ocrx_word' id='word_1_148' title='bbox 1701 1825 1740 1902; x_wconf 86' lang='grc' dir='ltr'>ἢ</span> <span class='ocrx_word' id='word_1_149' title='bbox 1786 1825 1927 1890; x_wconf 81' lang='grc' dir='ltr'>ὑῶν</span> <span class='ocrx_word' id='word_1_150' title='bbox 1947 1873 1963 1902; x_wconf 85' lang='grc'>,</span> <span class='ocrx_word' id='word_1_151' title='bbox 2015 1825 2256 1890; x_wconf 88' lang='grc' dir='ltr'>νοεῖται</span> <span class='ocrx_word' id='word_1_152' title='bbox 2301 1822 2341 1888; x_wconf 83' lang='grc' dir='ltr'>ὁ</span> <span class='ocrx_word' id='word_1_153' title='bbox 2384 1822 2648 1902; x_wconf 89' lang='grc' dir='ltr'>ἀριθμός</span> <span class='ocrx_word' id='word_1_154' title='bbox 2668 1872 2687 1906; x_wconf 98' lang='grc'>,</span> <span class='ocrx_word' id='word_1_155' title='bbox 2729 1823 2837 1887; x_wconf 85' lang='grc' dir='ltr'>ἐπὶ</span> <span class='ocrx_word' id='word_1_156' title='bbox 2878 1822 2951 1886; x_wconf 78' lang='grc' dir='ltr'>δὲ</span> <span class='ocrx_word' id='word_1_157' title='bbox 2991 1824 3111 1887; x_wconf 84' lang='grc' dir='ltr'>τοῦ</span> 
     </span>
     <span class='ocr_line' id='line_1_16' title="bbox 310 1922 3111 2009; baseline 0.001 -24"><span class='ocrx_word' id='word_1_158' title='bbox 310 1941 402 1986; x_wconf 79' lang='grc' dir='ltr'>ι3ι</span> <span class='ocrx_word' id='word_1_159' title='bbox 435 1940 477 1989; x_wconf 80' lang='grc' dir='ltr'>Α</span> <span class='ocrx_word' id='word_1_160' title='bbox 516 1924 679 1990; x_wconf 83' lang='grc' dir='ltr'>ὕειαι</span> <span class='ocrx_word' id='word_1_161' title='bbox 723 1926 762 2003; x_wconf 86' lang='grc' dir='ltr'>ἢ</span> <span class='ocrx_word' id='word_1_162' title='bbox 809 1925 1012 2006; x_wconf 90' lang='grc' dir='ltr'>βόειαι</span> <span class='ocrx_word' id='word_1_163' title='bbox 1056 1925 1280 2003; x_wconf 85' lang='grc' dir='ltr'>ςάρκες</span> <span class='ocrx_word' id='word_1_164' title='bbox 1324 1925 1557 1991; x_wconf 83' lang='grc' dir='ltr'>οὐκέτι.</span> <span class='ocrx_word' id='word_1_165' title='bbox 1655 1927 1720 1993; x_wconf 80' lang='grc' dir='ltr'>αἱ</span> <span class='ocrx_word' id='word_1_166' title='bbox 1764 1929 1982 2009; x_wconf 88' lang='grc' dir='ltr'>μέντοι</span> <span class='ocrx_word' id='word_1_167' title='bbox 2026 1923 2445 2005; x_wconf 88' lang='grc' dir='ltr'>ἀντωνυμίαι,</span> <span class='ocrx_word' id='word_1_168' title='bbox 2491 1924 2651 1990; x_wconf 84' lang='grc' dir='ltr'>κατὰ</span> <span class='ocrx_word' id='word_1_169' title='bbox 2693 1923 2964 2003; x_wconf 83' lang='grc' dir='ltr'>ἀριθμὸν</span> <span class='ocrx_word' id='word_1_170' title='bbox 3008 1922 3111 1988; x_wconf 87' lang='grc' dir='ltr'>θέ-</span> 
     </span>
     <span class='ocr_line' id='line_1_17' title="bbox 515 2024 3211 2110; baseline -0.001 -18"><span class='ocrx_word' id='word_1_171' title='bbox 515 2046 680 2107; x_wconf 89' lang='grc' dir='ltr'>ματα</span> <span class='ocrx_word' id='word_1_172' title='bbox 737 2026 951 2110; x_wconf 84' lang='grc' dir='ltr'>οὗςαι,</span> <span class='ocrx_word' id='word_1_173' title='bbox 1006 2026 1217 2093; x_wconf 83' lang='grc' dir='ltr'>οὐκέτι</span> <span class='ocrx_word' id='word_1_174' title='bbox 1272 2026 1662 2109; x_wconf 85' lang='grc' dir='ltr'>ἀμφιβολίαν</span> <span class='ocrx_word' id='word_1_175' title='bbox 1716 2030 2092 2098; x_wconf 79' lang='grc' dir='ltr'>ἐνεποίουν·</span> <span class='ocrx_word' id='word_1_176' title='bbox 2150 2027 2303 2093; x_wconf 78' lang='grc' dir='ltr'>οὐδὲ</span> <span class='ocrx_word' id='word_1_177' title='bbox 2357 2026 2484 2105; x_wconf 86' lang='grc' dir='ltr'>γὰρ</span> <span class='ocrx_word' id='word_1_178' title='bbox 2538 2025 2670 2091; x_wconf 88' lang='grc' dir='ltr'>ἀπὸ</span> <span class='ocrx_word' id='word_1_179' title='bbox 2713 2033 2845 2092; x_wconf 89' lang='grc' dir='ltr'>τῶν</span> <span class='ocrx_word' id='word_1_180' title='bbox 2891 2024 3109 2091; x_wconf 80' lang='grc' dir='ltr'>αὐτῶν</span> <span class='ocrx_word' id='word_1_181' title='bbox 3151 2039 3211 2088; x_wconf 81' lang='lat'>15</span> 
     </span>
     <span class='ocr_line' id='line_1_18' title="bbox 516 2128 3112 2211; baseline -0.002 -16"><span class='ocrx_word' id='word_1_182' title='bbox 516 2131 852 2209; x_wconf 90' lang='grc' dir='ltr'>ςυλλαβῶν</span> <span class='ocrx_word' id='word_1_183' title='bbox 894 2129 1197 2209; x_wconf 85' lang='grc' dir='ltr'>ἤρχοντο.</span> <span class='ocrx_word' id='word_1_184' title='bbox 1273 2131 1377 2194; x_wconf 85' lang='grc' dir='ltr'>διὰ</span> <span class='ocrx_word' id='word_1_185' title='bbox 1420 2134 1615 2196; x_wconf 89' lang='grc' dir='ltr'>τοῦτο</span> <span class='ocrx_word' id='word_1_186' title='bbox 1662 2131 1793 2198; x_wconf 87' lang='grc' dir='ltr'>ἀπὸ</span> <span class='ocrx_word' id='word_1_187' title='bbox 1836 2135 1949 2211; x_wconf 83' lang='grc' dir='ltr'>τῆς</span> <span class='ocrx_word' id='word_1_188' title='bbox 1980 2132 2139 2211; x_wconf 84' lang='grc' dir='ltr'>ἐμοῦ</span> <span class='ocrx_word' id='word_1_189' title='bbox 2168 2132 2420 2207; x_wconf 86' lang='grc' dir='ltr'>γενικῆς</span> <span class='ocrx_word' id='word_1_190' title='bbox 2450 2128 2762 2211; x_wconf 90' lang='grc' dir='ltr'>&lt;ἑνικῶς&gt;</span> <span class='ocrx_word' id='word_1_191' title='bbox 2792 2129 3112 2207; x_wconf 86' lang='grc' dir='ltr'>παρελαμ-</span> 
     </span>
     <span class='ocr_line' id='line_1_19' title="bbox 517 2229 3113 2314; baseline -0.002 -16"><span class='ocrx_word' id='word_1_192' title='bbox 517 2231 746 2311; x_wconf 85' lang='grc' dir='ltr'>βάνετο</span> <span class='ocrx_word' id='word_1_193' title='bbox 803 2231 844 2309; x_wconf 89' lang='grc' dir='ltr'>ἡ</span> <span class='ocrx_word' id='word_1_194' title='bbox 899 2231 1083 2309; x_wconf 80' lang='grc' dir='ltr'>ἐμός,</span> <span class='ocrx_word' id='word_1_195' title='bbox 1143 2232 1246 2297; x_wconf 84' lang='grc' dir='ltr'>καὶ</span> <span class='ocrx_word' id='word_1_196' title='bbox 1300 2232 1394 2297; x_wconf 86' lang='grc' dir='ltr'>ἔτι</span> <span class='ocrx_word' id='word_1_197' title='bbox 1454 2236 1613 2298; x_wconf 85' lang='grc' dir='ltr'>νῶιν</span> <span class='ocrx_word' id='word_1_198' title='bbox 1656 2234 1964 2314; x_wconf 89' lang='grc' dir='ltr'>νωίτερος</span> <span class='ocrx_word' id='word_1_199' title='bbox 2018 2235 2250 2297; x_wconf 83' lang='grc' dir='ltr'>δυῖκῶς</span> <span class='ocrx_word' id='word_1_200' title='bbox 2303 2230 2464 2296; x_wconf 82' lang='grc' dir='ltr'>κατὰ</span> <span class='ocrx_word' id='word_1_201' title='bbox 2499 2230 2617 2297; x_wconf 87' lang='grc' dir='ltr'>τὸν</span> <span class='ocrx_word' id='word_1_202' title='bbox 2659 2229 2958 2312; x_wconf 89' lang='grc' dir='ltr'>κτήτορα,</span> <span class='ocrx_word' id='word_1_203' title='bbox 3013 2229 3113 2293; x_wconf 85' lang='grc' dir='ltr'>καὶ</span> 
     </span>
     <span class='ocr_line' id='line_1_20' title="bbox 517 2332 3112 2415; baseline 0 -18"><span class='ocrx_word' id='word_1_204' title='bbox 517 2333 610 2397; x_wconf 82' lang='grc' dir='ltr'>ἔτι</span> <span class='ocrx_word' id='word_1_205' title='bbox 665 2335 1106 2412; x_wconf 86' lang='grc' dir='ltr'>πληθυντικῶς</span> <span class='ocrx_word' id='word_1_206' title='bbox 1162 2333 1344 2413; x_wconf 87' lang='grc' dir='ltr'>ἡμῶν</span> <span class='ocrx_word' id='word_1_207' title='bbox 1400 2335 1726 2415; x_wconf 87' lang='grc' dir='ltr'>ἡμέτερος.</span> <span class='ocrx_word' id='word_1_208' title='bbox 1829 2336 1970 2401; x_wconf 84' lang='grc' dir='ltr'>ἐπεὶ</span> <span class='ocrx_word' id='word_1_209' title='bbox 2031 2337 2102 2400; x_wconf 84' lang='grc' dir='ltr'>δὲ</span> <span class='ocrx_word' id='word_1_210' title='bbox 2169 2334 2250 2398; x_wconf 88' lang='grc' dir='ltr'>τὰ</span> <span class='ocrx_word' id='word_1_211' title='bbox 2314 2332 2498 2412; x_wconf 84' lang='grc' dir='ltr'>κύρια</span> <span class='ocrx_word' id='word_1_212' title='bbox 2551 2332 2775 2397; x_wconf 84' lang='grc' dir='ltr'>ἑνικῶς</span> <span class='ocrx_word' id='word_1_213' title='bbox 2828 2332 3112 2397; x_wconf 89' lang='grc' dir='ltr'>πάντοτε</span> 
     </span>
     <span class='ocr_line' id='line_1_21' title="bbox 468 2422 3111 2519; baseline 0 -19"><span class='ocrx_word' id='word_1_214' title='bbox 468 2422 479 2428; x_wconf 57' lang='grc'><strong>”</strong></span> <span class='ocrx_word' id='word_1_215' title='bbox 520 2436 793 2517; x_wconf 93' lang='grc' dir='ltr'>νοεῖται,</span> <span class='ocrx_word' id='word_1_216' title='bbox 863 2434 997 2511; x_wconf 86' lang='grc' dir='ltr'>εἴγε</span> <span class='ocrx_word' id='word_1_217' title='bbox 1049 2433 1214 2502; x_wconf 87' lang='grc' dir='ltr'>ἰδίαν</span> <span class='ocrx_word' id='word_1_218' title='bbox 1268 2435 1578 2516; x_wconf 91' lang='grc' dir='ltr'>ποιότητα</span> <span class='ocrx_word' id='word_1_219' title='bbox 1639 2437 1951 2518; x_wconf 85' lang='grc' dir='ltr'>ςημαίνει,</span> <span class='ocrx_word' id='word_1_220' title='bbox 2019 2435 2234 2515; x_wconf 89' lang='grc' dir='ltr'>ὀρθῶς</span> <span class='ocrx_word' id='word_1_221' title='bbox 2286 2433 2529 2519; x_wconf 79' lang='grc' dir='ltr'>(οὐδὲ)</span> <span class='ocrx_word' id='word_1_222' title='bbox 2582 2435 2664 2499; x_wconf 87' lang='grc' dir='ltr'>τὰ</span> <span class='ocrx_word' id='word_1_223' title='bbox 2718 2433 2840 2499; x_wconf 77' lang='grc' dir='ltr'>ἀπ’</span> <span class='ocrx_word' id='word_1_224' title='bbox 2894 2433 3111 2500; x_wconf 87' lang='grc' dir='ltr'>αὐτῶν</span> 
     </span>
     <span class='ocr_line' id='line_1_22' title="bbox 522 2534 3216 2622; baseline -0.002 -21"><span class='ocrx_word' id='word_1_225' title='bbox 522 2536 775 2615; x_wconf 87' lang='grc' dir='ltr'>κτητικά</span> <span class='ocrx_word' id='word_1_226' title='bbox 818 2536 926 2601; x_wconf 79' lang='grc' dir='ltr'>ἐπὶ</span> <span class='ocrx_word' id='word_1_227' title='bbox 967 2538 1255 2616; x_wconf 87' lang='grc' dir='ltr'>πλήθους</span> <span class='ocrx_word' id='word_1_228' title='bbox 1298 2540 1574 2622; x_wconf 88' lang='grc' dir='ltr'>νοεῖται,</span> <span class='ocrx_word' id='word_1_229' title='bbox 1621 2540 1794 2616; x_wconf 90' lang='grc' dir='ltr'>λέγω</span> <span class='ocrx_word' id='word_1_230' title='bbox 1839 2541 1912 2605; x_wconf 76' lang='grc' dir='ltr'>δὲ</span> <span class='ocrx_word' id='word_1_231' title='bbox 1955 2540 2032 2605; x_wconf 87' lang='grc' dir='ltr'>τὸ</span> <span class='ocrx_word' id='word_1_232' title='bbox 2062 2538 2414 2617; x_wconf 85' lang='grc' dir='ltr'>Ἑκτόρειος</span> <span class='ocrx_word' id='word_1_233' title='bbox 2444 2537 2548 2601; x_wconf 88' lang='grc' dir='ltr'>καὶ</span> <span class='ocrx_word' id='word_1_234' title='bbox 2573 2536 2654 2600; x_wconf 85' lang='grc' dir='ltr'>τὰ</span> <span class='ocrx_word' id='word_1_235' title='bbox 2683 2534 3110 2615; x_wconf 89' lang='grc' dir='ltr'>παραπλήςια.</span> <span class='ocrx_word' id='word_1_236' title='bbox 3148 2547 3216 2596; x_wconf 80' lang='grc'><strong>20</strong></span> 
     </span>
     <span class='ocr_line' id='line_1_23' title="bbox 444 2636 3111 2725; baseline 0 -24"><span class='ocrx_word' id='word_1_237' title='bbox 444 2649 486 2701; x_wconf 86' lang='grc' dir='ltr'>Β</span> <span class='ocrx_word' id='word_1_238' title='bbox 526 2638 791 2703; x_wconf 90' lang='grc' dir='ltr'>Κάκεῖνο</span> <span class='ocrx_word' id='word_1_239' title='bbox 846 2638 917 2703; x_wconf 78' lang='grc' dir='ltr'>δὲ</span> <span class='ocrx_word' id='word_1_240' title='bbox 972 2640 1451 2719; x_wconf 73' lang='grc' dir='ltr'>διαφέρουςιν,“</span> <span class='ocrx_word' id='word_1_241' title='bbox 1476 2643 1516 2725; x_wconf 84' lang='grc' dir='ltr'>ᾖ</span> <span class='ocrx_word' id='word_1_242' title='bbox 1574 2640 1881 2722; x_wconf 88' lang='grc' dir='ltr'>ἀςύνηθες</span> <span class='ocrx_word' id='word_1_243' title='bbox 1936 2648 2030 2724; x_wconf 84' lang='grc' dir='ltr'>τῷ</span> <span class='ocrx_word' id='word_1_244' title='bbox 2074 2640 2189 2720; x_wconf 81' lang='grc' dir='ltr'>μὲν</span> <span class='ocrx_word' id='word_1_245' title='bbox 2233 2637 2560 2704; x_wconf 88' lang='grc' dir='ltr'>Αίάντειος</span> <span class='ocrx_word' id='word_1_246' title='bbox 2600 2636 2679 2703; x_wconf 88' lang='grc' dir='ltr'>τὸ</span> <span class='ocrx_word' id='word_1_247' title='bbox 2723 2637 2932 2716; x_wconf 89' lang='grc' dir='ltr'>πατήρ</span> <span class='ocrx_word' id='word_1_248' title='bbox 2977 2637 3111 2703; x_wconf 81' lang='grc' dir='ltr'>ἐπι-</span> 
     </span>
     <span class='ocr_line' id='line_1_24' title="bbox 518 2740 2381 2829; baseline 0 -24"><span class='ocrx_word' id='word_1_249' title='bbox 518 2741 773 2822; x_wconf 87' lang='grc' dir='ltr'>φέρειν,</span> <span class='ocrx_word' id='word_1_250' title='bbox 820 2740 1013 2823; x_wconf 90' lang='grc' dir='ltr'>&lt;παῖς</span> <span class='ocrx_word' id='word_1_251' title='bbox 1059 2743 1174 2825; x_wconf 84' lang='grc' dir='ltr'>δὲ)</span> <span class='ocrx_word' id='word_1_252' title='bbox 1217 2741 1257 2821; x_wconf 86' lang='grc' dir='ltr'>ἢ</span> <span class='ocrx_word' id='word_1_253' title='bbox 1302 2741 1613 2828; x_wconf 88' lang='grc' dir='ltr'>ἀδελφός,</span> <span class='ocrx_word' id='word_1_254' title='bbox 1659 2749 1751 2829; x_wconf 83' lang='grc' dir='ltr'>τῷ</span> <span class='ocrx_word' id='word_1_255' title='bbox 1796 2747 1868 2810; x_wconf 84' lang='grc' dir='ltr'>δὲ</span> <span class='ocrx_word' id='word_1_256' title='bbox 1916 2743 2068 2823; x_wconf 85' lang='grc' dir='ltr'>ἐμός</span> <span class='ocrx_word' id='word_1_257' title='bbox 2110 2742 2215 2808; x_wconf 86' lang='grc' dir='ltr'>καὶ</span> <span class='ocrx_word' id='word_1_258' title='bbox 2257 2740 2381 2808; x_wconf 86' lang='grc' dir='ltr'>ςός.</span> 
     </span>
    </p>

    <p class='ocr_par' dir='ltr' id='par_1_6' title="bbox 520 2843 3217 3232">
     <span class='ocr_line' id='line_1_25' title="bbox 684 2843 3116 2926; baseline 0 -19"><span class='ocrx_word' id='word_1_259' title='bbox 684 2843 808 2908; x_wconf 88' lang='grc' dir='ltr'>Ὃν</span> <span class='ocrx_word' id='word_1_260' title='bbox 863 2844 1110 2923; x_wconf 89' lang='grc' dir='ltr'>τρόπον</span> <span class='ocrx_word' id='word_1_261' title='bbox 1163 2844 1244 2909; x_wconf 87' lang='grc' dir='ltr'>τὰ</span> <span class='ocrx_word' id='word_1_262' title='bbox 1300 2844 1388 2911; x_wconf 84' lang='grc' dir='ltr'>εἰς</span> <span class='ocrx_word' id='word_1_263' title='bbox 1445 2850 1520 2910; x_wconf 62' lang='grc' dir='ltr'>οἳ</span> <span class='ocrx_word' id='word_1_264' title='bbox 1576 2846 1858 2924; x_wconf 80' lang='grc' dir='ltr'>λήγοντα</span> <span class='ocrx_word' id='word_1_265' title='bbox 1913 2847 2167 2926; x_wconf 88' lang='grc' dir='ltr'>τριγενῆ</span> <span class='ocrx_word' id='word_1_266' title='bbox 2226 2843 2513 2922; x_wconf 88' lang='grc' dir='ltr'>ὀνόματα</span> <span class='ocrx_word' id='word_1_267' title='bbox 2555 2843 2645 2909; x_wconf 84' lang='grc' dir='ltr'>εἰς</span> <span class='ocrx_word' id='word_1_268' title='bbox 2688 2844 2770 2909; x_wconf 84' lang='grc' dir='ltr'>τὰ</span> <span class='ocrx_word' id='word_1_269' title='bbox 2810 2843 2967 2923; x_wconf 83' lang='grc' dir='ltr'>γένη</span> <span class='ocrx_word' id='word_1_270' title='bbox 3012 2844 3116 2908; x_wconf 88' lang='grc' dir='ltr'>καὶ</span> 
     </span>
     <span class='ocr_line' id='line_1_26' title="bbox 520 2943 3114 3029; baseline 0 -18"><span class='ocrx_word' id='word_1_271' title='bbox 520 2945 673 3011; x_wconf 87' lang='grc' dir='ltr'>τοὺς</span> <span class='ocrx_word' id='word_1_272' title='bbox 715 2943 1024 3026; x_wconf 87' lang='grc' dir='ltr'>ἀριθμοὺς</span> <span class='ocrx_word' id='word_1_273' title='bbox 1067 2946 1167 3011; x_wconf 82' lang='grc' dir='ltr'>καὶ</span> <span class='ocrx_word' id='word_1_274' title='bbox 1212 2947 1326 3012; x_wconf 87' lang='grc' dir='ltr'>τὰς</span> <span class='ocrx_word' id='word_1_275' title='bbox 1368 2948 1636 3013; x_wconf 83' lang='grc' dir='ltr'>πτώςεις</span> <span class='ocrx_word' id='word_1_276' title='bbox 1681 2947 2302 3029; x_wconf 83' lang='grc' dir='ltr'>μεταςχηματίζεται,</span> <span class='ocrx_word' id='word_1_277' title='bbox 2348 2947 2464 3011; x_wconf 90' lang='grc' dir='ltr'>τὸν</span> <span class='ocrx_word' id='word_1_278' title='bbox 2508 2945 2711 3012; x_wconf 85' lang='grc' dir='ltr'>αὐτὸν</span> <span class='ocrx_word' id='word_1_279' title='bbox 2756 2946 2833 3024; x_wconf 86' lang='grc' dir='ltr'>δὴ</span> <span class='ocrx_word' id='word_1_280' title='bbox 2866 2944 3114 3024; x_wconf 86' lang='grc' dir='ltr'>τρόπον</span> 
     </span>
     <span class='ocr_line' id='line_1_27' title="bbox 522 3048 3217 3130; baseline 0 -18"><span class='ocrx_word' id='word_1_281' title='bbox 522 3049 623 3112; x_wconf 82' lang='grc' dir='ltr'>καὶ</span> <span class='ocrx_word' id='word_1_282' title='bbox 665 3048 731 3112; x_wconf 81' lang='grc' dir='ltr'>αἱ</span> <span class='ocrx_word' id='word_1_283' title='bbox 773 3048 1053 3127; x_wconf 85' lang='grc' dir='ltr'>κτητικαὶ</span> <span class='ocrx_word' id='word_1_284' title='bbox 1094 3053 1224 3114; x_wconf 90' lang='grc' dir='ltr'>τῶν</span> <span class='ocrx_word' id='word_1_285' title='bbox 1270 3050 1689 3130; x_wconf 88' lang='grc' dir='ltr'>άντωνυμιῶν</span> <span class='ocrx_word' id='word_1_286' title='bbox 1733 3051 1894 3115; x_wconf 86' lang='grc' dir='ltr'>κατὰ</span> <span class='ocrx_word' id='word_1_287' title='bbox 1938 3051 2014 3116; x_wconf 87' lang='grc' dir='ltr'>τὸ</span> <span class='ocrx_word' id='word_1_288' title='bbox 2056 3050 2242 3115; x_wconf 86' lang='grc' dir='ltr'>τέλος</span> <span class='ocrx_word' id='word_1_289' title='bbox 2274 3049 2752 3128; x_wconf 86' lang='grc' dir='ltr'>ςχηματίζονται</span> <span class='ocrx_word' id='word_1_290' title='bbox 2783 3049 2941 3112; x_wconf 88' lang='grc' dir='ltr'>κατὰ</span> <span class='ocrx_word' id='word_1_291' title='bbox 2980 3048 3112 3113; x_wconf 85' lang='grc' dir='ltr'>πᾶν</span> <span class='ocrx_word' id='word_1_292' title='bbox 3149 3057 3217 3106; x_wconf 74' lang='grc'><strong>25</strong></span> 
     </span>
     <span class='ocr_line' id='line_1_28' title="bbox 525 3148 3114 3232; baseline -0 -18"><span class='ocrx_word' id='word_1_293' title='bbox 525 3149 898 3229; x_wconf 88' lang='grc' dir='ltr'>πρόςωπον.</span> <span class='ocrx_word' id='word_1_294' title='bbox 988 3148 1080 3214; x_wconf 87' lang='grc' dir='ltr'>ὡς</span> <span class='ocrx_word' id='word_1_295' title='bbox 1120 3152 1245 3229; x_wconf 85' lang='grc' dir='ltr'>γὰρ</span> <span class='ocrx_word' id='word_1_296' title='bbox 1288 3153 1363 3216; x_wconf 89' lang='grc' dir='ltr'>τὸ</span> <span class='ocrx_word' id='word_1_297' title='bbox 1409 3152 1633 3230; x_wconf 88' lang='grc' dir='ltr'>καλός,</span> <span class='ocrx_word' id='word_1_298' title='bbox 1680 3152 1854 3219; x_wconf 81' lang='grc' dir='ltr'>οὕτω</span> <span class='ocrx_word' id='word_1_299' title='bbox 1900 3154 2003 3218; x_wconf 83' lang='grc' dir='ltr'>καὶ</span> <span class='ocrx_word' id='word_1_300' title='bbox 2044 3154 2118 3217; x_wconf 89' lang='grc' dir='ltr'>τὸ</span> <span class='ocrx_word' id='word_1_301' title='bbox 2165 3151 2317 3232; x_wconf 82' lang='grc' dir='ltr'>ἐμός</span> <span class='ocrx_word' id='word_1_302' title='bbox 2359 3151 2464 3216; x_wconf 82' lang='grc' dir='ltr'>καὶ</span> <span class='ocrx_word' id='word_1_303' title='bbox 2505 3151 2759 3220; x_wconf 84' lang='grc' dir='ltr'>ςός.καὶ</span> <span class='ocrx_word' id='word_1_304' title='bbox 2802 3150 2909 3228; x_wconf 87' lang='grc' dir='ltr'>ὅς,</span> <span class='ocrx_word' id='word_1_305' title='bbox 2955 3150 3114 3216; x_wconf 87' lang='grc' dir='ltr'>κατὰ</span> 
     </span>
    </p>

    <p class='ocr_par' dir='ltr' id='par_1_7' title="bbox 445 3251 3217 3641">
     <span class='ocr_line' id='line_1_29' title="bbox 445 3251 3114 3337; baseline 0.001 -22"><span class='ocrx_word' id='word_1_306' title='bbox 445 3260 487 3315; x_wconf 86' lang='lat' dir='ltr'>C</span> <span class='ocrx_word' id='word_1_307' title='bbox 524 3254 599 3317; x_wconf 88' lang='grc' dir='ltr'>τὸ</span> <span class='ocrx_word' id='word_1_308' title='bbox 643 3252 828 3317; x_wconf 82' lang='grc' dir='ltr'>ἐντὸς</span> <span class='ocrx_word' id='word_1_309' title='bbox 872 3251 1099 3318; x_wconf 86' lang='grc' dir='ltr'>ἑνικῶς</span> <span class='ocrx_word' id='word_1_310' title='bbox 1140 3254 1524 3337; x_wconf 86' lang='grc' dir='ltr'>νοούμεναι,</span> <span class='ocrx_word' id='word_1_311' title='bbox 1569 3256 1672 3320; x_wconf 88' lang='grc' dir='ltr'>καὶ</span> <span class='ocrx_word' id='word_1_312' title='bbox 1718 3256 1809 3321; x_wconf 81' lang='grc' dir='ltr'>ὡς</span> <span class='ocrx_word' id='word_1_313' title='bbox 1838 3256 1914 3319; x_wconf 89' lang='grc' dir='ltr'>τὸ</span> <span class='ocrx_word' id='word_1_314' title='bbox 1944 3254 2318 3332; x_wconf 84' lang='grc' dir='ltr'>ὁςιώτερος,</span> <span class='ocrx_word' id='word_1_315' title='bbox 2366 3252 2541 3318; x_wconf 83' lang='grc' dir='ltr'>οὕτω</span> <span class='ocrx_word' id='word_1_316' title='bbox 2573 3253 2780 3318; x_wconf 87' lang='grc' dir='ltr'>καὶτὸ</span> <span class='ocrx_word' id='word_1_317' title='bbox 2809 3251 3114 3330; x_wconf 89' lang='grc' dir='ltr'>νωίτερος</span> 
     </span>
     <span class='ocr_line' id='line_1_30' title="bbox 523 3353 3115 3438; baseline 0 -20"><span class='ocrx_word' id='word_1_318' title='bbox 523 3354 627 3419; x_wconf 82' lang='grc' dir='ltr'>καὶ</span> <span class='ocrx_word' id='word_1_319' title='bbox 683 3354 1071 3435; x_wconf 87' lang='grc' dir='ltr'>ςφωίτερος,</span> <span class='ocrx_word' id='word_1_320' title='bbox 1130 3357 1364 3420; x_wconf 84' lang='grc' dir='ltr'>δυῖκῶς</span> <span class='ocrx_word' id='word_1_321' title='bbox 1423 3355 1583 3420; x_wconf 86' lang='grc' dir='ltr'>κατὰ</span> <span class='ocrx_word' id='word_1_322' title='bbox 1636 3358 1713 3421; x_wconf 88' lang='grc' dir='ltr'>τὸ</span> <span class='ocrx_word' id='word_1_323' title='bbox 1771 3356 1959 3420; x_wconf 83' lang='grc' dir='ltr'>ἐντὸς</span> <span class='ocrx_word' id='word_1_324' title='bbox 2011 3353 2361 3435; x_wconf 82' lang='grc' dir='ltr'>νοούμεναι</span> <span class='ocrx_word' id='word_1_325' title='bbox 2418 3353 2611 3438; x_wconf 84' lang='grc' dir='ltr'>(ὑπὲρ</span> <span class='ocrx_word' id='word_1_326' title='bbox 2666 3354 2791 3433; x_wconf 87' lang='grc' dir='ltr'>γὰρ</span> <span class='ocrx_word' id='word_1_327' title='bbox 2842 3356 2953 3430; x_wconf 88' lang='grc' dir='ltr'>τῆς</span> <span class='ocrx_word' id='word_1_328' title='bbox 2996 3358 3115 3419; x_wconf 86' lang='grc' dir='ltr'>τοῦ</span> 
     </span>
     <span class='ocr_line' id='line_1_31' title="bbox 524 3445 3113 3542; baseline 0.001 -23"><span class='ocrx_word' id='word_1_329' title='bbox 524 3455 740 3535; x_wconf 87' lang='grc' dir='ltr'>τρίτου</span> <span class='ocrx_word' id='word_1_330' title='bbox 783 3456 1133 3536; x_wconf 84' lang='grc' dir='ltr'>ἐκλείψεως</span> <span class='ocrx_word' id='word_1_331' title='bbox 1180 3455 1468 3542; x_wconf 86' lang='grc' dir='ltr'>εἴρηται)·</span> <span class='ocrx_word' id='word_1_332' title='bbox 1513 3459 1617 3522; x_wconf 89' lang='grc' dir='ltr'>καὶ</span> <span class='ocrx_word' id='word_1_333' title='bbox 1660 3458 1750 3523; x_wconf 86' lang='grc' dir='ltr'>ἔτι</span> <span class='ocrx_word' id='word_1_334' title='bbox 1795 3455 1886 3521; x_wconf 81' lang='grc' dir='ltr'>ὡς</span> <span class='ocrx_word' id='word_1_335' title='bbox 1924 3458 2002 3521; x_wconf 85' lang='grc' dir='ltr'>τὸ</span> <span class='ocrx_word' id='word_1_336' title='bbox 2044 3457 2478 3536; x_wconf 87' lang='grc' dir='ltr'>χαριέςτατος,</span> <span class='ocrx_word' id='word_1_337' title='bbox 2526 3454 2700 3521; x_wconf 87' lang='grc' dir='ltr'>οὕτω</span> <span class='ocrx_word' id='word_1_338' title='bbox 2729 3456 2940 3519; x_wconf 87' lang='grc' dir='ltr'>καὶτὸ</span> <span class='ocrx_word' id='word_1_339' title='bbox 2970 3445 3113 3535; x_wconf 70' lang='grc' dir='ltr'>ἡμέ-</span> 
     </span>
     <span class='ocr_line' id='line_1_32' title="bbox 526 3557 3217 3641; baseline -0.001 -19"><span class='ocrx_word' id='word_1_340' title='bbox 526 3577 739 3641; x_wconf 91' lang='grc' dir='ltr'>τερος,</span> <span class='ocrx_word' id='word_1_341' title='bbox 784 3557 1118 3639; x_wconf 86' lang='grc' dir='ltr'>ὑμέτερος,</span> <span class='ocrx_word' id='word_1_342' title='bbox 1163 3561 1604 3637; x_wconf 91' lang='grc' dir='ltr'>πληθυντικῶς</span> <span class='ocrx_word' id='word_1_343' title='bbox 1646 3560 1805 3624; x_wconf 86' lang='grc' dir='ltr'>κατὰ</span> <span class='ocrx_word' id='word_1_344' title='bbox 1847 3559 1966 3625; x_wconf 86' lang='grc' dir='ltr'>τὸν</span> <span class='ocrx_word' id='word_1_345' title='bbox 2009 3558 2287 3638; x_wconf 87' lang='grc' dir='ltr'>κτήτορα</span> <span class='ocrx_word' id='word_1_346' title='bbox 2329 3557 2700 3636; x_wconf 84' lang='grc' dir='ltr'>νοούμεναι.</span> <span class='ocrx_word' id='word_1_347' title='bbox 3149 3565 3217 3613; x_wconf 78' lang='grc'>30</span> 
     </span>
    </p>

    <p class='ocr_par' dir='ltr' id='par_1_8' title="bbox 694 3657 3116 3746">
     <span class='ocr_line' id='line_1_33' title="bbox 694 3657 3116 3746; baseline -0.001 -21"><span class='ocrx_word' id='word_1_348' title='bbox 694 3659 766 3725; x_wconf 88' lang='grc' dir='ltr'>Ἣ</span> <span class='ocrx_word' id='word_1_349' title='bbox 811 3660 987 3726; x_wconf 90' lang='grc' dir='ltr'>τεός</span> <span class='ocrx_word' id='word_1_350' title='bbox 1030 3660 1296 3740; x_wconf 89' lang='grc' dir='ltr'>Δωρικὴ</span> <span class='ocrx_word' id='word_1_351' title='bbox 1341 3665 1418 3746; x_wconf 80' lang='grc' dir='ltr'>τῇ</span> <span class='ocrx_word' id='word_1_352' title='bbox 1464 3662 1572 3728; x_wconf 87' lang='grc' dir='ltr'>ςός</span> <span class='ocrx_word' id='word_1_353' title='bbox 1627 3660 1968 3741; x_wconf 87' lang='grc' dir='ltr'>ὁμωνυμεῖ.</span> <span class='ocrx_word' id='word_1_354' title='bbox 2063 3661 2164 3726; x_wconf 83' lang='grc' dir='ltr'>καὶ</span> <span class='ocrx_word' id='word_1_355' title='bbox 2218 3666 2449 3726; x_wconf 89' lang='grc' dir='ltr'>κοινῶς</span> <span class='ocrx_word' id='word_1_356' title='bbox 2503 3659 2621 3739; x_wconf 87' lang='grc' dir='ltr'>μέν</span> <span class='ocrx_word' id='word_1_357' title='bbox 2664 3657 2796 3724; x_wconf 85' lang='grc' dir='ltr'><em>πού</em></span> <span class='ocrx_word' id='word_1_358' title='bbox 2840 3678 3032 3739; x_wconf 90' lang='grc' dir='ltr'>φηςιν</span> <span class='ocrx_word' id='word_1_359' title='bbox 3076 3657 3116 3723; x_wconf 86' lang='grc' dir='ltr'>ό</span> 
     </span>
    </p>
   </div>
   <div class='ocr_carea' id='block_1_6' title="bbox 524 3762 785 3840">
    <p class='ocr_par' dir='ltr' id='par_1_9' title="bbox 524 3762 785 3840">
     <span class='ocr_line' id='line_1_34' title="bbox 524 3762 785 3840; baseline 0.004 -15"><span class='ocrx_word' id='word_1_360' title='bbox 524 3762 785 3840; x_wconf 87' lang='grc' dir='ltr'>ποιητὴς</span> 
     </span>
    </p>
   </div>
   <div class='ocr_carea' id='block_1_7' title="bbox 532 3901 929 3908">
    <p class='ocr_par' dir='ltr' id='par_1_10' title="bbox 532 3901 929 3908">
     <span class='ocr_line' id='line_1_35' title="bbox 532 3901 929 3908; baseline 0 0"><span class='ocrx_word' id='word_1_361' title='bbox 532 3901 929 3908; x_wconf 95' lang='lat' dir='ltr'> </span> 
     </span>
    </p>
   </div>
   <div class='ocr_carea' id='block_1_8' title="bbox 523 3964 3119 4204">
    <p class='ocr_par' dir='ltr' id='par_1_11' title="bbox 523 3964 3119 4204">
     <span class='ocr_line' id='line_1_36' title="bbox 657 3964 3118 4034; baseline 0.001 -17"><span class='ocrx_word' id='word_1_362' title='bbox 657 3965 872 4017; x_wconf 68' lang='lat' dir='ltr'>Auen.</span> <span class='ocrx_word' id='word_1_363' title='bbox 948 3969 1011 4019; x_wconf 82' lang='lat'>18</span> <span class='ocrx_word' id='word_1_364' title='bbox 1056 3979 1239 4033; x_wconf 88' lang='lat' dir='ltr'>neque</span> <span class='ocrx_word' id='word_1_365' title='bbox 1285 3964 1345 4018; x_wconf 90' lang='lat' dir='ltr'>in</span> <span class='ocrx_word' id='word_1_366' title='bbox 1388 3965 1714 4034; x_wconf 69' lang='lat' dir='ltr'>possessivis</span> <span class='ocrx_word' id='word_1_367' title='bbox 1761 3982 1797 4019; x_wconf 78' lang='lat' dir='ltr'>a</span> <span class='ocrx_word' id='word_1_368' title='bbox 1835 3964 2079 4034; x_wconf 72' lang='lat' dir='ltr'>propriis</span> <span class='ocrx_word' id='word_1_369' title='bbox 2112 3964 2433 4020; x_wconf 72' lang='lat' dir='ltr'>nominibus</span> <span class='ocrx_word' id='word_1_370' title='bbox 2468 3964 2669 4019; x_wconf 73' lang='lat' dir='ltr'>ductis.</span> <span class='ocrx_word' id='word_1_371' title='bbox 2706 3995 2771 4004; x_wconf 91' lang='lat'>—-</span> <span class='ocrx_word' id='word_1_372' title='bbox 2809 3971 2874 4019; x_wconf 98' lang='grc'>22</span> <span class='ocrx_word' id='word_1_373' title='bbox 2913 3964 2990 4018; x_wconf 76' lang='lat' dir='ltr'>Ut</span> <span class='ocrx_word' id='word_1_374' title='bbox 3023 3964 3118 4019; x_wconf 73' lang='lat' dir='ltr'>ad-</span> 
     </span>
     <span class='ocr_line' id='line_1_37' title="bbox 523 4047 3119 4120; baseline 0 -19"><span class='ocrx_word' id='word_1_375' title='bbox 523 4047 732 4102; x_wconf 78' lang='lat' dir='ltr'>iectiva</span> <span class='ocrx_word' id='word_1_376' title='bbox 773 4048 832 4102; x_wconf 87' lang='lat' dir='ltr'>in</span> <span class='ocrx_word' id='word_1_377' title='bbox 877 4053 944 4103; x_wconf 77' lang='grc' dir='ltr'>ὃῖ</span> <span class='ocrx_word' id='word_1_378' title='bbox 989 4047 1161 4102; x_wconf 77' lang='lat' dir='ltr'>trium</span> <span class='ocrx_word' id='word_1_379' title='bbox 1196 4047 1690 4116; x_wconf 58' lang='lat' dir='ltr'>nominationum,</span> <span class='ocrx_word' id='word_1_380' title='bbox 1738 4050 1824 4104; x_wconf 74' lang='lat' dir='ltr'>ita</span> <span class='ocrx_word' id='word_1_381' title='bbox 1856 4049 2172 4118; x_wconf 69' lang='lat' dir='ltr'>possessiva</span> <span class='ocrx_word' id='word_1_382' title='bbox 2203 4066 2308 4118; x_wconf 85' lang='lat' dir='ltr'>per</span> <span class='ocrx_word' id='word_1_383' title='bbox 2340 4065 2577 4120; x_wconf 75' lang='lat' dir='ltr'>genera,</span> <span class='ocrx_word' id='word_1_384' title='bbox 2620 4064 2911 4117; x_wconf 69' lang='lat' dir='ltr'>numeros,</span> <span class='ocrx_word' id='word_1_385' title='bbox 2956 4065 3119 4104; x_wconf 70' lang='lat' dir='ltr'><strong>canus</strong></span> 
     </span>
     <span class='ocr_line' id='line_1_38' title="bbox 525 4131 2227 4204; baseline 0.002 -19"><span class='ocrx_word' id='word_1_386' title='bbox 525 4131 842 4188; x_wconf 68' lang='lat' dir='ltr'>flectuntur.</span> <span class='ocrx_word' id='word_1_387' title='bbox 886 4163 952 4172; x_wconf 89' lang='lat'>—-</span> <span class='ocrx_word' id='word_1_388' title='bbox 988 4139 1051 4188; x_wconf 83' lang='lat'>31</span> <span class='ocrx_word' id='word_1_389' title='bbox 1089 4131 1405 4188; x_wconf 74' lang='lat' dir='ltr'>Pos&#39;eeseiva</span> <span class='ocrx_word' id='word_1_390' title='bbox 1439 4133 1766 4204; x_wconf 69' lang='lat' dir='ltr'><strong>singillatim</strong></span> <span class='ocrx_word' id='word_1_391' title='bbox 1802 4135 2227 4203; x_wconf 66' lang='lat' dir='ltr'>percontentur.</span> 
     </span>
    </p>
   </div>
   <div class='ocr_carea' id='block_1_9' title="bbox 527 4240 928 4247">
    <p class='ocr_par' dir='ltr' id='par_1_12' title="bbox 527 4240 928 4247">
     <span class='ocr_line' id='line_1_39' title="bbox 527 4240 928 4247; baseline 0 0"><span class='ocrx_word' id='word_1_392' title='bbox 527 4240 928 4247; x_wconf 95' lang='lat' dir='ltr'> </span> 
     </span>
    </p>
   </div>
   <div class='ocr_carea' id='block_1_10' title="bbox 527 4301 3117 4966">
    <p class='ocr_par' dir='ltr' id='par_1_13' title="bbox 527 4301 3117 4966">
     <span class='ocr_line' id='line_1_40' title="bbox 656 4301 3113 4374; baseline 0.001 -19"><span class='ocrx_word' id='word_1_393' title='bbox 656 4301 845 4356; x_wconf 71' lang='lat' dir='ltr'><strong>Dmcn.</strong></span> <span class='ocrx_word' id='word_1_394' title='bbox 897 4319 1094 4360; x_wconf 67' lang='lat' dir='ltr'><strong>somn.</strong></span> <span class='ocrx_word' id='word_1_395' title='bbox 1124 4337 1137 4348; x_wconf 92' lang='lat'><strong>·</strong></span> <span class='ocrx_word' id='word_1_396' title='bbox 1166 4308 1213 4361; x_wconf 89' lang='lat'>1.</span> <span class='ocrx_word' id='word_1_397' title='bbox 1260 4305 1476 4359; x_wconf 88' lang='grc' dir='ltr'>δυςςων</span> <span class='ocrx_word' id='word_1_398' title='bbox 1513 4333 1579 4344; x_wconf 92' lang='lat'>--</span> <span class='ocrx_word' id='word_1_399' title='bbox 1615 4306 1659 4360; x_wconf 99' lang='lat' dir='ltr'><strong>A</strong></span> <span class='ocrx_word' id='word_1_400' title='bbox 1723 4306 1734 4374; x_wconf 87' lang='grc'>1</span> <span class='ocrx_word' id='word_1_401' title='bbox 1807 4312 1856 4360; x_wconf 77' lang='lat'>3.</span> <span class='ocrx_word' id='word_1_402' title='bbox 1894 4305 2172 4372; x_wconf 87' lang='grc' dir='ltr'>κτήτορός</span> <span class='ocrx_word' id='word_1_403' title='bbox 2205 4302 2596 4370; x_wconf 74' lang='lat' dir='ltr'>RSkrzeczka,</span> <span class='ocrx_word' id='word_1_404' title='bbox 2646 4303 2933 4369; x_wconf 88' lang='grc' dir='ltr'>κτήματός</span> <span class='ocrx_word' id='word_1_405' title='bbox 2971 4303 3064 4359; x_wconf 89' lang='lat' dir='ltr'>Ab</span> <span class='ocrx_word' id='word_1_406' title='bbox 3106 4307 3113 4373; x_wconf 87' lang='grc' dir='ltr'>Ι</span> 
     </span>
     <span class='ocr_line' id='line_1_41' title="bbox 527 4387 3117 4457; baseline 0.001 -17"><span class='ocrx_word' id='word_1_407' title='bbox 527 4402 661 4441; x_wconf 88' lang='grc' dir='ltr'>ειςιν</span> <span class='ocrx_word' id='word_1_408' title='bbox 694 4387 739 4441; x_wconf 87' lang='grc' dir='ltr'>Α</span> <span class='ocrx_word' id='word_1_409' title='bbox 769 4389 779 4454; x_wconf 81' lang='lat' dir='ltr'>l</span> <span class='ocrx_word' id='word_1_410' title='bbox 807 4393 960 4442; x_wconf 84' lang='lat'><strong>8-9.</strong></span> <span class='ocrx_word' id='word_1_411' title='bbox 996 4403 1266 4456; x_wconf 87' lang='grc' dir='ltr'>κτητωρα</span> <span class='ocrx_word' id='word_1_412' title='bbox 1302 4387 1347 4441; x_wconf 87' lang='grc' dir='ltr'>Α</span> <span class='ocrx_word' id='word_1_413' title='bbox 1378 4390 1388 4455; x_wconf 78' lang='lat' dir='ltr'>l</span> <span class='ocrx_word' id='word_1_414' title='bbox 1422 4394 1500 4446; x_wconf 90' lang='grc'>10.</span> <span class='ocrx_word' id='word_1_415' title='bbox 1536 4405 1767 4444; x_wconf 89' lang='grc' dir='ltr'>ουπωτε</span> <span class='ocrx_word' id='word_1_416' title='bbox 1803 4391 1847 4445; x_wconf 91' lang='grc' dir='ltr'>Α</span> <span class='ocrx_word' id='word_1_417' title='bbox 1880 4391 1890 4457; x_wconf 89' lang='grc' dir='ltr'>Ι</span> <span class='ocrx_word' id='word_1_418' title='bbox 1925 4395 2002 4447; x_wconf 86' lang='grc'>11.</span> <span class='ocrx_word' id='word_1_419' title='bbox 2040 4405 2190 4444; x_wconf 87' lang='grc' dir='ltr'>εςτιν</span> <span class='ocrx_word' id='word_1_420' title='bbox 2224 4390 2269 4444; x_wconf 87' lang='grc' dir='ltr'>Α</span> <span class='ocrx_word' id='word_1_421' title='bbox 2309 4390 2320 4457; x_wconf 89' lang='grc' dir='ltr'>Ι</span> <span class='ocrx_word' id='word_1_422' title='bbox 2364 4395 2441 4442; x_wconf 87' lang='grc'>12.</span> <span class='ocrx_word' id='word_1_423' title='bbox 2477 4391 2828 4456; x_wconf 88' lang='grc' dir='ltr'>παραγωγὴν</span> <span class='ocrx_word' id='word_1_424' title='bbox 2860 4391 2966 4441; x_wconf 81' lang='grc' dir='ltr'>τοο</span> <span class='ocrx_word' id='word_1_425' title='bbox 3002 4388 3117 4455; x_wconf 85' lang='lat' dir='ltr'>Ab,</span> 
     </span>
     <span class='ocr_line' id='line_1_42' title="bbox 528 4470 3114 4541; baseline 0.001 -16"><span class='ocrx_word' id='word_1_426' title='bbox 528 4478 650 4525; x_wconf 71' lang='lat' dir='ltr'>‘sen</span> <span class='ocrx_word' id='word_1_427' title='bbox 699 4470 934 4526; x_wconf 66' lang='lat' dir='ltr'>foi-teme</span> <span class='ocrx_word' id='word_1_428' title='bbox 978 4476 1332 4539; x_wconf 83' lang='grc' dir='ltr'>παραγωγὴν</span> <span class='ocrx_word' id='word_1_429' title='bbox 1366 4473 1477 4539; x_wconf 82' lang='grc' dir='ltr'>τὴν</span> <span class='ocrx_word' id='word_1_430' title='bbox 1511 4476 1640 4526; x_wconf 80' lang='grc' dir='ltr'>τόθ’</span> <span class='ocrx_word' id='word_1_431' title='bbox 1674 4473 1713 4526; x_wconf 90' lang='lat' dir='ltr'>b</span> <span class='ocrx_word' id='word_1_432' title='bbox 1758 4472 1818 4527; x_wconf 80' lang='lat' dir='ltr'>in</span> <span class='ocrx_word' id='word_1_433' title='bbox 1854 4488 1970 4532; x_wconf 74' lang='lat' dir='ltr'>var.</span> <span class='ocrx_word' id='word_1_434' title='bbox 2006 4473 2138 4528; x_wconf 82' lang='lat' dir='ltr'>leet.</span> <span class='ocrx_word' id='word_1_435' title='bbox 2203 4475 2214 4541; x_wconf 92' lang='grc' dir='ltr'>Ι</span> <span class='ocrx_word' id='word_1_436' title='bbox 2283 4480 2362 4528; x_wconf 85' lang='grc'>13.</span> <span class='ocrx_word' id='word_1_437' title='bbox 2402 4474 2494 4528; x_wconf 79' lang='grc' dir='ltr'>ἐπὶ</span> <span class='ocrx_word' id='word_1_438' title='bbox 2530 4475 2591 4527; x_wconf 82' lang='grc' dir='ltr'>δὲ</span> <span class='ocrx_word' id='word_1_439' title='bbox 2627 4472 2691 4538; x_wconf 87' lang='lat' dir='ltr'>b,</span> <span class='ocrx_word' id='word_1_440' title='bbox 2740 4488 2887 4527; x_wconf 88' lang='grc' dir='ltr'>οπου</span> <span class='ocrx_word' id='word_1_441' title='bbox 2922 4474 2984 4528; x_wconf 87' lang='grc' dir='ltr'>δε</span> <span class='ocrx_word' id='word_1_442' title='bbox 3020 4473 3064 4527; x_wconf 91' lang='grc' dir='ltr'>Α</span> <span class='ocrx_word' id='word_1_443' title='bbox 3106 4474 3114 4539; x_wconf 96' lang='grc' dir='ltr'>Ι</span> 
     </span>
     <span class='ocr_line' id='line_1_43' title="bbox 534 4554 3116 4627; baseline 0.002 -21"><span class='ocrx_word' id='word_1_444' title='bbox 534 4560 607 4608; x_wconf 83' lang='grc'>16.</span> <span class='ocrx_word' id='word_1_445' title='bbox 642 4560 866 4624; x_wconf 84' lang='grc' dir='ltr'>γενικῆς</span> <span class='ocrx_word' id='word_1_446' title='bbox 903 4556 1103 4611; x_wconf 82' lang='grc' dir='ltr'>ἑνικῶς</span> <span class='ocrx_word' id='word_1_447' title='bbox 1137 4555 1516 4622; x_wconf 80' lang='lat' dir='ltr'>RSchneider,</span> <span class='ocrx_word' id='word_1_448' title='bbox 1553 4573 1779 4626; x_wconf 88' lang='grc' dir='ltr'>γενικης</span> <span class='ocrx_word' id='word_1_449' title='bbox 1815 4558 1888 4623; x_wconf 91' lang='grc' dir='ltr'>Α,</span> <span class='ocrx_word' id='word_1_450' title='bbox 1928 4558 2130 4614; x_wconf 80' lang='grc' dir='ltr'>ἑνικῶς</span> <span class='ocrx_word' id='word_1_451' title='bbox 2165 4558 2204 4611; x_wconf 89' lang='lat' dir='ltr'><strong>b</strong></span> <span class='ocrx_word' id='word_1_452' title='bbox 2246 4562 2256 4627; x_wconf 88' lang='grc' dir='ltr'>Ι</span> <span class='ocrx_word' id='word_1_453' title='bbox 2300 4563 2377 4615; x_wconf 84' lang='grc'>19.</span> <span class='ocrx_word' id='word_1_454' title='bbox 2416 4558 2550 4612; x_wconf 78' lang='grc' dir='ltr'>οὐδὲ</span> <span class='ocrx_word' id='word_1_455' title='bbox 2586 4554 2797 4610; x_wconf 76' lang='lat' dir='ltr'>adiecit</span> <span class='ocrx_word' id='word_1_456' title='bbox 2827 4556 2864 4609; x_wconf 93' lang='lat' dir='ltr'>b</span> <span class='ocrx_word' id='word_1_457' title='bbox 2900 4557 2960 4610; x_wconf 90' lang='lat' dir='ltr'>in</span> <span class='ocrx_word' id='word_1_458' title='bbox 2995 4572 3116 4612; x_wconf 73' lang='lat' dir='ltr'>var.</span> 
     </span>
     <span class='ocr_line' id='line_1_44' title="bbox 529 4639 3115 4712; baseline 0.002 -21"><span class='ocrx_word' id='word_1_459' title='bbox 529 4639 675 4707; x_wconf 67' lang='lat' dir='ltr'>leet„</span> <span class='ocrx_word' id='word_1_460' title='bbox 711 4656 821 4694; x_wconf 86' lang='lat' dir='ltr'>om.</span> <span class='ocrx_word' id='word_1_461' title='bbox 858 4642 902 4696; x_wconf 99' lang='lat' dir='ltr'><strong>A</strong></span> <span class='ocrx_word' id='word_1_462' title='bbox 942 4642 1001 4695; x_wconf 78' lang='lat' dir='ltr'>et</span> <span class='ocrx_word' id='word_1_463' title='bbox 1034 4641 1071 4693; x_wconf 93' lang='lat' dir='ltr'>b</span> <span class='ocrx_word' id='word_1_464' title='bbox 1106 4641 1167 4694; x_wconf 86' lang='lat' dir='ltr'>in</span> <span class='ocrx_word' id='word_1_465' title='bbox 1200 4643 1362 4696; x_wconf 72' lang='lat' dir='ltr'>textu</span> <span class='ocrx_word' id='word_1_466' title='bbox 1400 4645 1410 4709; x_wconf 85' lang='grc' dir='ltr'>Ι</span> <span class='ocrx_word' id='word_1_467' title='bbox 1448 4647 1530 4698; x_wconf 88' lang='grc'><strong>20.</strong></span> <span class='ocrx_word' id='word_1_468' title='bbox 1567 4643 1944 4712; x_wconf 89' lang='grc' dir='ltr'>παραπλήςια]</span> <span class='ocrx_word' id='word_1_469' title='bbox 1981 4641 2075 4698; x_wconf 82' lang='lat' dir='ltr'><strong>fol.</strong></span> <span class='ocrx_word' id='word_1_470' title='bbox 2115 4649 2208 4698; x_wconf 84' lang='grc'>191</span> <span class='ocrx_word' id='word_1_471' title='bbox 2235 4661 2277 4698; x_wconf 86' lang='lat' dir='ltr'>r.</span> <span class='ocrx_word' id='word_1_472' title='bbox 2319 4643 2329 4711; x_wconf 89' lang='grc' dir='ltr'>Ι</span> <span class='ocrx_word' id='word_1_473' title='bbox 2376 4648 2458 4699; x_wconf 84' lang='grc'>21.</span> <span class='ocrx_word' id='word_1_474' title='bbox 2495 4657 2721 4695; x_wconf 87' lang='grc' dir='ltr'>κακεινο</span> <span class='ocrx_word' id='word_1_475' title='bbox 2759 4643 2832 4708; x_wconf 90' lang='grc' dir='ltr'>Α,</span> <span class='ocrx_word' id='word_1_476' title='bbox 2869 4641 3115 4712; x_wconf 85' lang='grc' dir='ltr'>κάκείνῳ</span> 
     </span>
     <span class='ocr_line' id='line_1_45' title="bbox 529 4723 3117 4795; baseline 0.002 -19"><span class='ocrx_word' id='word_1_477' title='bbox 529 4723 565 4776; x_wconf 92' lang='lat' dir='ltr'>b</span> <span class='ocrx_word' id='word_1_478' title='bbox 610 4727 620 4791; x_wconf 90' lang='grc' dir='ltr'>Ι</span> <span class='ocrx_word' id='word_1_479' title='bbox 664 4730 883 4780; x_wconf 87' lang='grc'><strong>21-22.</strong></span> <span class='ocrx_word' id='word_1_480' title='bbox 921 4725 1235 4794; x_wconf 83' lang='grc' dir='ltr'>ἐπιφέρειν,</span> <span class='ocrx_word' id='word_1_481' title='bbox 1272 4731 1402 4781; x_wconf 84' lang='grc' dir='ltr'>παῖς</span> <span class='ocrx_word' id='word_1_482' title='bbox 1436 4729 1498 4781; x_wconf 81' lang='grc' dir='ltr'>δὲ</span> <span class='ocrx_word' id='word_1_483' title='bbox 1535 4728 1569 4792; x_wconf 85' lang='grc' dir='ltr'>ἢ</span> <span class='ocrx_word' id='word_1_484' title='bbox 1608 4727 1853 4794; x_wconf 87' lang='grc' dir='ltr'>ἀδελφός</span> <span class='ocrx_word' id='word_1_485' title='bbox 1890 4725 2282 4795; x_wconf 76' lang='lat' dir='ltr'>RSkrzeozka,</span> <span class='ocrx_word' id='word_1_486' title='bbox 2320 4727 2611 4793; x_wconf 81' lang='grc' dir='ltr'>ἐπιφέρειν</span> <span class='ocrx_word' id='word_1_487' title='bbox 2646 4727 2683 4791; x_wconf 82' lang='grc' dir='ltr'>ἢ</span> <span class='ocrx_word' id='word_1_488' title='bbox 2720 4724 2967 4793; x_wconf 85' lang='grc' dir='ltr'>ἀδελφός</span> <span class='ocrx_word' id='word_1_489' title='bbox 3004 4727 3117 4795; x_wconf 86' lang='lat' dir='ltr'>Ab,</span> 
     </span>
     <span class='ocr_line' id='line_1_46' title="bbox 532 4808 3116 4880; baseline 0.002 -18"><span class='ocrx_word' id='word_1_490' title='bbox 532 4808 721 4863; x_wconf 73' lang='lat' dir='ltr'>‘aliam</span> <span class='ocrx_word' id='word_1_491' title='bbox 754 4809 1090 4880; x_wconf 71' lang='lat' dir='ltr'>scripturam</span> <span class='ocrx_word' id='word_1_492' title='bbox 1126 4811 1404 4879; x_wconf 70' lang='lat' dir='ltr'>expressit</span> <span class='ocrx_word' id='word_1_493' title='bbox 1435 4809 1776 4865; x_wconf 74' lang='lat' dir='ltr'>Priscianuu’</span> <span class='ocrx_word' id='word_1_494' title='bbox 1813 4812 1850 4864; x_wconf 93' lang='lat' dir='ltr'>b</span> <span class='ocrx_word' id='word_1_495' title='bbox 1887 4811 1947 4865; x_wconf 90' lang='lat' dir='ltr'>in</span> <span class='ocrx_word' id='word_1_496' title='bbox 1979 4828 2093 4866; x_wconf 74' lang='lat' dir='ltr'>var.</span> <span class='ocrx_word' id='word_1_497' title='bbox 2133 4810 2262 4866; x_wconf 74' lang='lat' dir='ltr'>leot.</span> <span class='ocrx_word' id='word_1_498' title='bbox 2328 4814 2339 4879; x_wconf 85' lang='grc' dir='ltr'>Ι</span> <span class='ocrx_word' id='word_1_499' title='bbox 2402 4817 2485 4865; x_wconf 84' lang='grc'><strong>24.</strong></span> <span class='ocrx_word' id='word_1_500' title='bbox 2522 4811 2624 4865; x_wconf 83' lang='grc' dir='ltr'>τὰς</span> <span class='ocrx_word' id='word_1_501' title='bbox 2661 4812 2902 4867; x_wconf 84' lang='grc' dir='ltr'>πτώςεις</span> <span class='ocrx_word' id='word_1_502' title='bbox 2939 4812 3007 4878; x_wconf 87' lang='lat' dir='ltr'>b,</span> <span class='ocrx_word' id='word_1_503' title='bbox 3042 4827 3116 4866; x_wconf 90' lang='grc' dir='ltr'>τα</span> 
     </span>
     <span class='ocr_line' id='line_1_47' title="bbox 532 4893 3113 4966; baseline 0.002 -19"><span class='ocrx_word' id='word_1_504' title='bbox 532 4897 720 4962; x_wconf 86' lang='grc' dir='ltr'>γενηΑ</span> <span class='ocrx_word' id='word_1_505' title='bbox 751 4900 761 4960; x_wconf 84' lang='grc' dir='ltr'>Ι</span> <span class='ocrx_word' id='word_1_506' title='bbox 790 4900 874 4954; x_wconf 75' lang='grc'><strong>29.</strong></span> <span class='ocrx_word' id='word_1_507' title='bbox 898 4895 1253 4963; x_wconf 88' lang='grc' dir='ltr'>χαριέςτατος</span> <span class='ocrx_word' id='word_1_508' title='bbox 1272 4893 1328 4960; x_wconf 88' lang='lat' dir='ltr'>b,</span> <span class='ocrx_word' id='word_1_509' title='bbox 1349 4896 1755 4964; x_wconf 87' lang='grc' dir='ltr'>χαριεςτεροςΑ</span> <span class='ocrx_word' id='word_1_510' title='bbox 1788 4903 1797 4957; x_wconf 71' lang='grc' dir='ltr'>ι</span> <span class='ocrx_word' id='word_1_511' title='bbox 1826 4902 1909 4950; x_wconf 78' lang='lat'>31.</span> <span class='ocrx_word' id='word_1_512' title='bbox 1929 4895 2221 4965; x_wconf 72' lang='lat' dir='ltr'>inscriptio</span> <span class='ocrx_word' id='word_1_513' title='bbox 2240 4912 2367 4965; x_wconf 89' lang='grc' dir='ltr'>περι</span> <span class='ocrx_word' id='word_1_514' title='bbox 2386 4912 2489 4966; x_wconf 89' lang='grc' dir='ltr'>της</span> <span class='ocrx_word' id='word_1_515' title='bbox 2512 4895 2703 4951; x_wconf 89' lang='grc' dir='ltr'>τεόςΑ</span> <span class='ocrx_word' id='word_1_516' title='bbox 2736 4898 2745 4966; x_wconf 82' lang='grc' dir='ltr'>Ι</span> <span class='ocrx_word' id='word_1_517' title='bbox 2775 4912 3043 4965; x_wconf 82' lang='grc' dir='ltr'>ομονυμει</span> <span class='ocrx_word' id='word_1_518' title='bbox 3069 4897 3113 4951; x_wconf 91' lang='grc' dir='ltr'>Α</span> 
     </span>
    </p>
   </div>
  </div>
 </body>
</html>
