3738 5530
632 350 721 415 24
807 348 1254 404 Commentarius
1283 349 1510 403 criticus
1540 351 1597 403 et
1624 349 1945 419 exegeticus
1973 348 2033 403 in
2063 348 2349 418 Apollonii
2375 348 2604 418 Dyscoli
2632 350 2843 420 scripta
2869 350 3101 405 minora.

627 518 759 581 τῶν
798 514 1055 594 ἄρθρων
1092 514 1589 592 διαςτελλόμενα
1625 514 1706 577 τὰ
1742 514 1942 579 κοινά.
2016 516 2148 588 Qua
2184 519 2256 578 de
2292 538 2355 578 re
2392 518 2661 595 pluribus
2691 519 2885 580 verbis
2923 522 3048 598 egit
3083 523 3240 596 synt.

633 611 734 685 23,
759 612 837 669 17
869 627 974 687 sq„
1020 611 1201 668 etiam
1249 607 1485 667 uberius
1530 610 1735 685 egerat
1777 610 1841 666 in
1888 608 2040 667 libro
2086 605 2231 683 περὶ
2275 607 2486 680 γενῶν
2532 612 2686 685 synt
2738 611 2839 685 23,
2862 611 2962 670 20.
3014 610 3117 684 25,
3141 611 3241 670 18.

805 698 895 759 Ac
947 699 1205 775 primum
1258 696 1498 774 quidem
1553 696 1626 756 de
1683 699 1768 757 eis
1814 697 2083 773 νοοίδιιε,
2142 717 2295 774 quae
2348 716 2474 757 ima
2530 701 2929 758 temtinationc
2980 703 3242 768 utmztur,

630 788 944 850 dicendum
995 791 1098 847 est.
1192 784 1381 846 Omne
1425 787 1616 864 igitur
1659 788 1836 846 unius
1883 788 2114 866 generis
2160 806 2392 864 nomen,
2437 787 2596 864 quod
2642 807 2839 864 unam,
2885 791 2955 847 ut
2989 807 3099 865 par
3136 792 3245 864 est,

629 880 1108 939 terminafionem
1153 876 1360 951 habet,
1405 876 1561 935 unde
1607 876 1775 937 nulla
1820 877 1973 953 alia,
2019 896 2171 954 quae
2217 878 2323 936 alii
2367 879 2570 955 generi
2613 879 2917 953 inserviat,
2962 879 3259 954 nascitur,-

630 963 1058 1044 μονογενής
1114 968 1362 1026 vocatur
1416 965 1547 1024 adv.
1599 968 1744 1042 201,
1768 968 1805 1025 9
1863 961 1942 1026 ὃν
2002 962 2249 1040 τρόπον
2311 962 2383 1027 ἐν
2437 967 2529 1047 τῷ
2585 963 3015 1048 παρεπομένψ
3070 963 3240 1039 γένει

629 1058 766 1120 τοῖς
828 1052 1132 1130 ὀνόμαςίν
1192 1050 1319 1115 ἐςτι
1379 1051 1692 1130 μοναδικὰ
1751 1051 1914 1116 κατὰ
1973 1049 2311 1130 ἀρρενικὴν
2367 1052 2717 1131 προφορὰν
2772 1053 2874 1116 καὶ
2930 1052 3022 1117 ἔτι
3081 1052 3244 1117 κατὰ

631 1143 910 1222 θηλυκὴν
975 1141 1077 1206 καὶ
1142 1140 1517 1220 οὐδετέραν,
1584 1144 1905 1219 μονογενῆ
1971 1141 2350 1220 καλούμενα.
2441 1144 2519 1204 ib.
2572 1147 2718 1221 145,
2741 1148 2825 1206 20
2888 1148 2981 1227 τῷ
3028 1142 3244 1220 μέντοι

630 1234 839 1307 τόνος,
889 1233 1230 1310 μονογενεῖ
1274 1228 1430 1305 ὄντι,
1478 1229 1852 1309 παράκειται
1899 1230 1974 1294 τὸ
2020 1231 2210 1315 τόνῳ.

807 1323 1203 1402 Quaecunque
1249 1341 1419 1383 voces
1466 1316 1565 1406 (ut
1607 1324 1946 1400 personalia
1991 1316 2346 1406 cardinalia)
2406 1323 2747 1403 significant
2807 1325 2950 1384 illae
3006 1325 3246 1401 quidem

630 1420 691 1476 et
746 1433 839 1476 res
899 1418 961 1475 et
1014 1414 1298 1473 animalia
1361 1412 1579 1472 diversi
1642 1413 1904 1491 generisi,
1968 1413 2071 1473 sed
2128 1431 2250 1473 non
2311 1415 2651 1474 disce-munt
2711 1415 2892 1490 exitu,
2955 1417 3247 1474 vocantur

631 1500 1078 1566 ἀδιάςτολοι
1115 1498 1391 1575 γένους
1426 1521 1592 1579 pron.
1626 1504 1854 1578 37,16,
1901 1497 2442 1578 ἀπαρέμφατοι
2490 1498 2766 1574 γένους
2814 1499 2939 1563 διὰ
2976 1503 3245 1579 φωνῆς

630 1594 707 1655 ib.
759 1595 948 1669 61,9‚
1014 1587 1299 1654 οὔποτε
1364 1588 1639 1663 γένους
1700 1587 2163 1667 ἐμφαντικαὶ
2217 1588 2340 1656 διὰ
2394 1591 2525 1666 τῆς
2580 1591 2841 1668 φωνῆς
2886 1592 2962 1652 ib.
3016 1595 3243 1670 61,19.

636 1685 781 1743 Tria
844 1685 1045 1742 autem
1107 1700 1326 1761 genera
1390 1699 1510 1740 una
1571 1682 1990 1742 terminatione
2053 1682 2355 1760 designari
2418 1681 2522 1740 ubi
2585 1685 2857 1742 accurate
2930 1682 3245 1758 indicatur,

633 1768 1007 1848 μοναδικὰ
1063 1772 1443 1848 appellantur
1487 1770 1777 1830 vocabula
1821 1767 2011 1831 κατὰ
2056 1768 2518 1846 τριγένειαν,
2580 1767 2769 1831 κατὰ
2823 1769 2973 1831 τῶν
3018 1771 3248 1847 τριῶν

632 1861 877 1935 γενῶν
924 1862 1018 1922 vel
1063 1860 1325 1920 breviter
1370 1855 1745 1935 μοναδικά
1792 1853 2102 1943 (adverbia
2137 1880 2207 1920 ea
2243 1860 2520 1920 videntur
2558 1855 2869 1935 μοναδικά
2910 1861 3044 1937 dici,
3095 1879 3248 1938 quae

636 1972 672 2012 a
717 1951 1054 2012 nominibus
1108 1952 1283 2010 unius
1330 1950 1521 2009 exitus
1567 1949 1840 2010 derivata
1885 1953 2054 2010 sunt:
2110 1949 2240 2010 adv.
2294 1951 2439 2026 169,
2462 1953 2542 2009 17
2599 1945 2680 2010 τὰ
2727 1944 2816 2011 εἰς
2862 1947 2917 2010 ’ὦ
2964 1947 3248 2025 λήγοντα

633 2038 1053 2116 ἐπιρρήματα,
1109 2035 1422 2114 μοναδικὰ
1466 2034 1628 2099 ὄντα
1674 2036 1869 2111 λέγω,
1928 2034 2090 2100 κατὰ
2137 2039 2400 2116 βαρεῖαν
2446 2035 2651 2110 τάςιν;
2713 2043 2865 2116 synt.
2917 2040 3018 2114 33,
3042 2041 3123 2099 25
3172 2036 3247 2100 τὸ

636 2126 983 2205 μοναδικὸν
1014 2155 1098 2178 =
1128 2124 1397 2201 ἀκλιςία,
1465 2128 2048 2207 Flexionslosigkeit;
2112 2148 2165 2187 v.
2215 2128 2346 2187 adn.
2405 2128 2479 2188 ad
2530 2121 2766 2210 10,27)
2813 2129 2945 2189 adv.
2998 2130 3142 2204 141,
3166 2131 3248 2188 24

633 2219 802 2295 τρεῖς
861 2216 964 2279 καὶ
1022 2215 1315 2294 τέςςαρες
1375 2216 1477 2278 καὶ
1533 2213 1592 2278 εἴ
1635 2235 1728 2279 τις
1784 2217 2080 2278 τοιοῦτος
2140 2212 2404 2293 ἀριθμὸς
2465 2213 2631 2298 <οὐ>
2690 2214 3034 2292 μοναδικὸς
3088 2214 3249 2278 κατὰ

636 2305 1008 2385 τριγένειαν.
1082 2328 1246 2385 pron.
1292 2310 1392 2384 12,
1415 2309 1452 2366 8
1493 2304 1568 2367 τὸ
1610 2355 1620 2366 .
1663 2356 1674 2367 .
1714 2303 1908 2368 πέντε
1946 2304 2047 2367 καὶ
2094 2302 2174 2367 τὰ
2211 2307 2492 2379 τοιαῦτα,
2541 2304 2855 2382 μοναδικὰ
2891 2302 3054 2368 ὄντα
3089 2303 3251 2368 κατὰ

634 2397 766 2460 τῶν
812 2397 1007 2473 τριῶν
1053 2396 1283 2469 γενῶν.
1394 2396 1471 2456 ib.
1525 2399 1624 2473 11,
1648 2399 1728 2458 29
1787 2391 1940 2458 ὅθεν
2000 2392 2101 2456 καὶ
2148 2393 2483 2471 μοναδικαὶ
2528 2396 2873 2457 καλοῦνται
2934 2392 3028 2475 (αἱ
3073 2413 3247 2472 πρω·

634 2484 959 2566 τότυποι),
1026 2482 1165 2548 ἐπεὶ
1211 2482 1317 2546 διὰ
1363 2485 1506 2561 μιᾶς
1552 2484 1779 2562 φωνῆς
1823 2482 1863 2559 ἡ
1913 2482 2231 2561 τριγένεια
2276 2482 2667 2561 παρίςταται.
2747 2486 2822 2546 ib.
2876 2488 2975 2562 12,
3000 2488 3084 2547 10
3129 2485 3247 2547 τοῦ

639 2573 760 2637 δύο
790 2576 1140 2651 μοναδικοῦ
1167 2576 1589 2646 καθεςτῶτος;
1620 2576 1712 2635 vel
1741 2577 1938 2635 minus
1967 2580 2240 2636 accurate
2268 2574 2418 2635 τῶν
2456 2574 2686 2650 τριῶν
2722 2574 2968 2647 γενῶν
3006 2592 3248 2650 παρα-

637 2662 969 2728 ςτατικά;
1017 2684 1182 2743 pron.
1235 2667 1338 2741 29,
1360 2667 1396 2724 6
1447 2664 1578 2724 τῶν
1625 2664 1820 2740 τριῶν
1866 2663 2078 2736 γενῶν
2133 2661 2633 2739 παραςτατικόν,
2682 2661 2892 2739 ὥςπερ
2940 2662 3042 2724 καὶ
3088 2661 3164 2725 τὸ
3208 2659 3249 2724 ἵ.

634 2756 711 2816 ib.
765 2755 866 2833 16,
890 2758 968 2816 25
1027 2751 1104 2816 τὸ
1165 2754 1298 2815 τῶν
1355 2749 1597 2830 ἄρθρον
1655 2753 1788 2815 τῶν
1847 2753 2044 2832 τριῶν
2098 2754 2309 2827 γενῶν
2367 2751 2492 2816 ἐςτι
2538 2750 3007 2830 παραςτατικόν
3027 2746 3114 2836 *);
3174 2754 3248 2813 ib.

642 2849 803 2922 12‚4
851 2845 1060 2906 πᾶςαν
1116 2841 1286 2905 λέξιν
1342 2844 1474 2904 τῶν
1529 2843 1723 2919 τριῶν
1771 2838 1969 2906 οὖςαν
2016 2844 2227 2917 γενῶν
2274 2840 2769 2919 παραςτατικήν;
2831 2847 2892 2903 et
2946 2840 3035 2904 τὰ
3081 2841 3250 2919 τρία

636 2933 820 3010 γένη
859 2933 1147 3010 δηλοῦν
1184 2952 1350 3011 pron.
1379 2936 1478 3010 12,
1503 2937 1613 3009 113
1649 2935 1744 2993 vel
1774 2934 1900 3013 μιᾷ
1928 2935 2143 3013 φωνῇ
2185 2933 2497 3008 χρῆςθαι
2525 2930 2712 2994 κατὰ
2747 2928 2982 3012 (τῶν)
3018 2932 3252 3008 τριῶν

638 3025 886 3097 γενῶν
923 3043 1090 3101 pron.
1125 3025 1226 3100 12,
1249 3024 1315 3099 63
1362 3019 1468 3082 διὰ
1514 3021 1656 3098 μιᾶς
1694 3022 1920 3098 φωνῆς
1958 3018 2313 3098 τριγένειαν
2349 3019 2776 3098 ὑπαγορεύειν
2812 3024 2945 3082 adv.
2972 3025 3117 3099 141,
3142 3025 3252 3098 223

641 3112 730 3192 (in
766 3104 1205 3194 personalibus)
1252 3108 1333 3172 τὰ
1367 3107 1521 3186 γένη
1571 3108 1688 3172 οὐκ
1725 3107 2164 3187 ἐκκοπτόμενα
2200 3108 2382 3173 ἰδίοις
2419 3108 2620 3173 τέλεςι
2658 3108 3064 3186 κατάλληλον
3109 3107 3251 3186 ἔςχε

636 3201 754 3278 τὴν
784 3200 855 3263 ἐν
882 3203 1018 3264 τοῖς
1046 3200 1202 3277 τριςὶ
1230 3198 1435 3272 γένεςι
1463 3197 1632 3262 θέςιν
1661 3198 1766 3261 διὰ
1794 3200 1938 3276 μιᾶς
1966 3200 2279 3277 ςυλλαβῆς
2303 3202 2737 3279 synt.104,25.
2787 3201 2951 3272 Quae
2978 3203 3068 3262 ita
3094 3219 3249 3261 com·

635 3296 852 3370 parata
888 3295 1045 3367 sunt,
1082 3311 1153 3351 ea
1189 3293 1369 3351 etiam
1408 3285 1632 3352 ἄκλιτα
1668 3309 1792 3351 esse
1829 3292 2038 3369 solent,
2076 3295 2147 3351 ut
2181 3291 2573 3351 cardinalium
2600 3291 2761 3351 haud
2796 3309 2991 3367 pauca
3027 3294 3088 3350 et
3117 3310 3249 3368 per·

638 3383 869 3443 sonalia
894 3383 1428 3459 pron.12,5—17,
1447 3382 1920 3457 conveniuntque
1944 3400 2077 3440 cum
2103 3381 2296 3441 aclitis
2325 3383 2563 3458 proprie
2591 3380 2791 3440 dictis:
2822 3381 3248 3441 coniunctioni·

636 3471 765 3546 bus,
793 3470 1107 3545 adverbiis,
1140 3471 1682 3548 praepositionibus
1709 3472 1859 3548 synt.
1894 3472 1999 3545 52,
2021 3473 2118 3530 22.
2160 3502 2243 3511 —
2283 3469 2401 3528 Ubi
2429 3472 2545 3529 duo
2572 3489 2790 3549 genera
2817 3490 2936 3529 una
2963 3471 3246 3551 termina-

637 3561 799 3621 tione
844 3559 1201 3637 indicantur,
1248 3562 1339 3621 est
1382 3556 1761 3634 κοινότης,
1807 3561 1905 3619 vel
1953 3555 2300 3634 ςύγχυςις
2346 3559 2485 3619 τοῦ
2531 3556 2806 3631 γένους
2848 3562 3001 3636 synt.
3037 3561 3244 3635 24,18

640 3644 832 3735 (pron.
868 3653 968 3726 12,
994 3652 1072 3711 15
1122 3646 1411 3724 ςύγχυςις
1455 3648 1573 3709 τοῦ
1619 3646 1850 3720 γένους
1888 3652 2069 3709 etiam
2104 3652 2167 3708 in
2204 3648 2611 3726 personalibus
2649 3649 2868 3709 dicitur
2903 3667 3047 3723 esse,
3094 3667 3247 3726 quae

638 3743 756 3801 tria
800 3759 1016 3818 genera
1061 3759 1179 3800 uno
1225 3741 1387 3799 exitu
1424 3730 1782 3821 designant),
1829 3738 1965 3799 τοῦ
2012 3735 2284 3811 γένους
2332 3734 2652 3800 ςύνοδος
2686 3738 2763 3798 ib.
2789 3740 2891 3816 23,
2915 3741 3024 3813 273
3073 3754 3244 3799 ςυν-

642 3826 1010 3904 έμπτωςις
1047 3826 1321 3901 γένους
1350 3830 1445 3890 vel
1484 3824 1671 3889 κατὰ
1699 3824 1880 3902 γένη
1917 3828 1993 3887 ib.
2028 3829 2129 3905 52,
2153 3829 2387 3905 13.14;
2425 3821 2817 3912 (quamquam
2845 3847 3013 3905 pron.
3049 3828 3149 3903 16,
3167 3828 3246 3887 25

640 3920 822 3979 etiam
868 3917 1000 3979 τῶν
1047 3919 1350 3993 articulus,
1398 3919 1502 3996 qui
1544 3916 1679 3978 τῶν
1724 3917 1921 3993 τριῶν
1966 3917 2177 3990 γενῶν
2225 3914 2351 3978 ἐςτι
2387 3914 2868 3993 παραςτατικός,
2918 3915 3252 3992 ςυμπεςεῖν

638 4008 775 4070 τοῖς
811 4003 1016 4080 γένεςι
1052 3999 1326 4090 dicitur);
1371 4004 1456 4067 τὸ
1495 4002 1719 4079 γένος
1757 4003 2246 4069 ἐπικοινωνεῖ
2278 4006 2356 4066 ib.
2391 4009 2631 4083 54,16;
2679 4002 2759 4068 ἐν
2797 4003 2965 4067 δυςὶ
3002 4003 3252 4079 γένεςι

639 4097 936 4159 νοεῖται
1000 4092 1357 4172 ἀρςενικὰ
1421 4093 1524 4157 καὶ
1587 4092 1898 4172 θηλυκά,
1965 4093 2053 4158 ὡς
2113 4091 2313 4158 ἵππος
2366 4093 2469 4156 καὶ
2523 4093 2605 4157 τὰ
2657 4092 3070 4172 παραπλήςια
3116 4096 3247 4155 adv.

646 4189 926 4262 201‚14;
990 4181 1097 4248 εἰς
1161 4181 1630 4262 ἀμφιβολίαν
1684 4185 1819 4246 τοῦ
1876 4182 2150 4259 γένους
2205 4182 2800 4263 προβαλλόμενα
2854 4189 3008 4262 synt.
3061 4185 3249 4261 25,3.

641 4276 984 4336 Tenendum
1031 4280 1123 4337 est
1156 4277 1269 4355 Ap.
1317 4295 1437 4337 non
1483 4276 1829 4351 discernere,
1873 4280 1944 4335 ut
1988 4276 2232 4352 quidam
2276 4277 2670 4355 grammatici,
2715 4272 2797 4336 τὰ
2841 4270 3026 4336 κοινά
3071 4278 3133 4335 et
3172 4270 3253 4335 τὰ

642 4363 931 4428 ἐπίκοινα
992 4358 1213 4448 (D'rhr.
1265 4368 1367 4440 25,
1389 4358 1489 4446 1);
1553 4361 1891 4428 ἐπικοίνως
1954 4366 2133 4425 semel
2188 4366 2410 4444 legitur
2469 4367 2616 4425 coni.
2669 4367 2813 4441 253,
2838 4368 2948 4441 20,
3013 4364 3116 4425 sed
3162 4367 3255 4424 est

643 4449 989 4515 ‘universe'z
1054 4451 1388 4516 ἐπικοίνως
1442 4451 1604 4515 κατὰ
1662 4450 1927 4515 πάντων
1971 4449 2011 4528 ἡ
2060 4450 2368 4529 ὀνομαςία
2433 4452 2615 4529 ἐτέθη
2681 4450 3115 4537 (ἐπικοινωνεῖ
3175 4449 3251 4513 τὸ

642 4540 833 4615 γένος
878 4548 1031 4622 synt.
1083 4545 1184 4619 54,
1209 4546 1319 4620 16,
1381 4540 1819 4606 ἐπικοινωνεῖν
1876 4545 1968 4624 τῷ
2024 4540 2193 4616 γένει
2243 4544 2371 4604 adv.
2425 4547 2570 4620 201,
2594 4535 2720 4625 12).
2813 4544 3027 4621 Itaque
3074 4545 3136 4603 et
3179 4561 3251 4602 ea

643 4633 933 4693 vocabula
986 4653 1138 4711 quae
1193 4653 1556 4713 quamquam
1609 4652 1730 4693 una
1782 4634 2199 4693 terminatione
2254 4635 2504 4693 utuntur
2557 4636 2755 4694 tamen
2803 4629 2842 4693 ὁ
2885 4629 2926 4706 ἡ
2986 4632 3253 4692 articulis

645 4741 864 4800 genera
908 4722 1308 4801 distinguunt,
1355 4726 1424 4782 ut
1469 4718 1508 4782 ὁ
1554 4718 1593 4798 ἡ
1641 4719 1788 4784 θεός
1833 4718 1873 4783 ὁ
1917 4718 1957 4797 ἡ
2002 4717 2226 4794 ἵππος,
2286 4726 2346 4782 et
2392 4742 2462 4782 ea
2509 4741 2661 4799 quae
2706 4743 2889 4782 unum
2937 4722 3254 4782 articulum

824 4926 870 4996 ⁶)
909 4926 1068 4992 Quod
1105 4927 1332 4997 Trypho
1368 4929 1514 4997 synt.
1546 4933 1675 4993 52st
1713 4930 1779 4983 τὸ
1815 4934 1934 4983 τῶν
1972 4931 2181 4998 ἄρθρον
2217 4928 2358 4983 dicit
2391 4931 2652 4998 τριγενές,
2692 4928 2764 4982 ab
2802 4926 3088 4998 Apollonii
3126 4944 3256 4982 con-

649 4998 945 5054 suetudine
984 4998 1259 5053 abhorret.
