3738 5530
1048 341 1567 396 PsssssoNAva
1604 344 2042 397 ΝοΜιΝΛΤΝι
2080 344 2530 398 smGVLAMS.
2981 335 3092 413 ’57

502 547 604 612 καὶ
654 550 971 624 θηλυκοῖς.
1072 548 1172 611 καὶ
1202 550 1266 628 ·ἡ
1323 548 1468 613 κατ’
1528 550 1731 628 ἀρχὴν
1792 552 2013 614 δαςεῖα
2066 550 2183 628 τὴν
2240 550 2345 614 διὰ
2400 555 2516 614 τοῦ
2561 553 2597 615 τ
2639 553 2898 632 γραφὴν
2942 573 3093 632 μαρ-

499 652 702 727 τυρεῖ·
761 650 800 727 ἡ
844 651 968 728 γὰρ
1012 653 1095 713 δῦ
1138 650 1492 728 δίφθογγος
1535 651 1679 714 κατ’
1733 649 1936 730 ἀρχὰς
1978 651 2268 730 τιθεμένη
2324 654 2658 731 ψιλοῦται,
2716 654 3092 738 οὐδαμός,

503 750 884 833 οὐρανός,
955 749 1116 815 ὥςτε
1183 753 1282 815 καὶ
1344 752 1421 816 τὸ
1490 752 1682 816 ὅλον
1740 751 1991 818 οὖλον
2050 754 2262 832 ψιλῶς
2323 754 2609 829 λέγεςθαι
2675 756 2776 819 καὶ
2828 754 2921 820 ἔτι
2974 757 3092 820 τὸν

503 855 692 934 ὅρον
746 852 1010 932 οὖρον.
1109 853 1211 916 καὶ
1255 853 1373 917 οὐκ
1417 854 1742 918 ἀντέκειτο
1786 856 1861 919 τὸ
1909 853 2176 937 οὕνεκα,
2230 854 2368 919 ἐπεὶ
2412 855 2530 919 ὅςα
2572 856 2649 920 τὸ
2693 862 2730 921 ῖ
2773 859 3092 937 προςλαμ-

506 957 704 1037 βάνει,
748 959 947 1019 ταῦτα
991 955 1320 1035 ἀφαιρέςει
1362 961 1479 1020 τοῦ
1519 960 1555 1020 τ
1586 957 1955 1039 δαςύνεται,
1999 956 2231 1021 τόςος
2269 992 2346 1001 -
2382 954 2600 1040 ὅςος,
2646 960 2973 1039 τηλίκος
3015 995 3087 1006 -
3128 975 3160 1022 5

423 1063 472 1117 Β
505 1057 809 1136 ἡλίκος·
862 1057 963 1122 καὶ
1019 1057 1159 1122 ἐπεὶ
1214 1057 1518 1142 τούνεκα,
1575 1056 1811 1123 οὕνεκα
1871 1057 2131 1122 δαςέως.
2230 1057 2301 1123 ἐν
2345 1059 2471 1135 γὰρ
2514 1063 2608 1142 τῷ
2653 1062 2800 1141 περὶ
2833 1060 3095 1126 δαςείας

504 1161 648 1237 περὶ
690 1165 808 1225 τοῦ
863 1159 1025 1238 ἦμος
1082 1160 1184 1222 καὶ
1239 1158 1421 1240 ὄφρα
1478 1159 1734 1239 εἴρηται.
1833 1159 2157 1238 ὁμόλογος
2218 1159 2337 1225 οὗν
2383 1161 2486 1225 καὶ
2529 1161 2773 1244 κα<τὰ>
2815 1166 3009 1226 τοῦτο
3052 1163 3092 1240 ἡ

505 1262 781 1340 ἔλλειψις
836 1265 954 1326 τοῦ
1007 1265 1058 1325 ἱ.
1146 1258 1425 1340 Δωριεῖς
1488 1262 1739 1336 λέγουςι
1783 1265 2094 1344 τοῦτοι,
2151 1262 2314 1341 ὅπερ
2370 1261 2562 1327 πάλιν
2620 1263 2926 1342 ὁμολογεῖ
2977 1265 3091 1341 τὴν

506 1362 792 1441 ἔλλειψιν
837 1366 955 1426 τοῦ
999 1367 1054 1426 ²1³.
2755 1358 2766 1361 ’

674 1463 988 1543 Διαφέρει
1031 1464 1069 1541 ἡ
1117 1463 1309 1528 οὗτος
1354 1466 1456 1528 καὶ
1501 1463 1611 1528 ὅδε
1656 1468 1767 1543 τῆς
1815 1464 2136 1529 ἐκεῖνος
2184 1470 2678 1545 διαςτηματικῆς.
2752 1468 2791 1544 ἡ
2822 1468 2935 1545 μὲν
2967 1467 3091 1544 γὰρ
3131 1483 3193 1530 10

504 1566 825 1644 πληςιάζει
900 1567 1056 1628 κατὰ
1120 1568 1266 1645 τὴν·
1313 1569 1537 1649 δεῖξιν,
1612 1566 1770 1630 ὥςτε
1838 1568 1939 1629 καὶ
2013 1567 2605 1648 ἐπιλαμβανόμενόν
2677 1588 2818 1633 τινα
2890 1567 3092 1648 φάναι

505 1666 744 1731 οὗτός
805 1688 893 1744 με
956 1667 1313 1732 ἔπαιςεν“
1372 1669 1410 1746 ἡ
1473 1669 1544 1732 δὲ
1599 1669 1881 1732 πάντοτε
1937 1667 2007 1732 ἐν
2064 1667 2478 1748 ἀποςτήματι.
2580 1669 2670 1733 ἔτι
2709 1670 2764 1747 ·ἡ
2818 1671 2934 1747 μὲν
2990 1671 3093 1734 καὶ

507 1771 663 1834 κατὰ
706 1769 782 1832 τὸ
825 1772 1093 1847 πρῶτον
1139 1769 1242 1832 καὶ
1285 1771 1444 1834 κατὰ
1487 1770 1562 1834 τὸ
1609 1768 1915 1847 δεύτερον
1960 1769 2313 1848 πρόςωπον
2348 1770 2779 1847 ςυντάςςεται,
2827 1776 3092 1851 φυςικῆς

424 1876 468 1930 C
508 1870 698 1949 οὔςης
742 1874 853 1947 τῆς
898 1870 1281 1936 ςυντάξεως·
1326 1869 1363 1933 ὁ
1409 1871 1531 1949 γὰρ
1577 1869 1801 1950 ἑτέρου
1846 1871 2189 1951 ἐπιψαύων
2234 1872 2405 1936 πολὺ
2452 1874 2700 1952 μᾶλλον
2745 1873 3007 1937 ἑαυτοῦ·
3197 1936 3198 1939 ,

758 1970 953 2037 οὗτος
997 1972 1126 2048 ἐγὼ
1170 1972 1499 2055 ταχύτατι,
3130 1990 3190 2037 15

499 2072 835 2153 Πίνδαρος
877 2073 949 2137 ἐν
995 2072 1509 2151 Ὀλυμπιονίκαις
1554 2071 1674 2156 (IV
1718 2072 1861 2155 37)·
1920 2073 2157 2152 ὁμοίως
2202 2074 2306 2138 καὶ
2349 2074 2455 2138 ἐπὶ
2496 2079 2608 2152 τῆς
2652 2074 2795 2139 ὅδε·

756 2173 952 2240 ἔνδον
997 2177 1112 2253 μἐν
1158 2175 1235 2252 δὴ
1281 2172 1379 2237 ὅδ’
1424 2173 1642 2239 αὐτὸς
1665 2175 1795 2251 ἐγώ
1843 2176 1925 2256 (φ
1970 2173 2159 2259 207),

502 2276 542 2339 ὁ
596 2277 879 2355 ποιητής.
970 2274 1024 2338 ὦ
1082 2274 1352 2350 οὗτος,
1406 2275 1447 2355 ἦ
1507 2275 1629 2358 oh]
1676 2275 2093 2355 ςτρατείαν
2139 2277 2556 2354 ἐςςείςθαι;
2616 2278 2908 2359 (ώφρων
2956 2278 3091 2345 ’-Αν

501 2377 735 2455 δρείοις
794 2376 896 2457 (fr.
943 2376 1026 2441 23
1070 2374 1371 2460 Ahrens).
1469 2379 1509 2456 ἡ
1567 2379 1637 2442 δὲ
1681 2378 1932 2443 ἐκεῖνος
1988 2378 2205 2511 μόνως
2261 2378 2366 2444 ἐπι
2409 2384 2526 2444 τοῦ
2538 2380 2808 2480 τρίτου.
2899 2380 3091 2444 πάλιν

500 2478 625 2556 γὰρ
670 2481 747 2558 δὴ
793 2480 919 2565 <ἡ>
3127 2497 3194 2544 20

312 2588 385 2636 73
413 2586 466 2638 A
759 2585 972 2647 κεῖνος
1016 2583 1130 2663 μἐν
1176 2583 1255 2662 δὴ
1301 2581 1398 2645 ὅδ’
1443 2580 1639 2645 αὐτὸς
1681 2582 1813 2657 ἐγώ
1859 2580 1945 2666 (ω
1988 2581 2144 2666 321)

497 2680 819 2747 ἀναπολεῖ
873 2685 987 2749 τὸν
1044 2683 1112 2749 ἐκ
1169 2683 1581 2763 διαςτήματος
1637 2682 1881 2761 χρόνου
1940 2684 2321 2761 νοούμενον.
2419 2684 2509 2749 Τὸ
2567 2686 2622 2749 δ’
2677 2684 3092 2765 ἀναφορικῶς

497 2783 774 2849 τίθεςθαι
818 2788 1041 2852 κοινὸν
1086 2788 1187 2850 καὶ
1231 2790 1342 2864 τῆς
1388 2787 1635 2851 ἐκεῖνος
1678 2786 1777 2849 καὶ
1824 2783 2020 2850 οὗτος
2063 2786 2166 2849 καὶ
2210 2784 2344 2868 ὅδε,

749 2891 964 2952 κεῖνος
1009 2887 1206 2969 ἀνήρ,
1253 2887 1358 2952 ὅτ’
1403 2888 1578 2966 ἐμεῖο
1624 2873 2102 2972 κυνώπιδος’(δ
2157 2886 2333 2972 145)·

494 2985 735 3051 οὗτος
783 2987 821 3052 ὁ
872 2989 1239 3070 Κροῖςος,
1286 2988 1636 3066 Ἡρόδοτος
1681 2985 1875 3072 (16)·
3130 3004 3194 3051 25

756 3089 980 3155 τούςδε
1024 3091 1080 3154 δ’
1123 3090 1201 3155 ἔα
1244 3088 1574 3170 φθινύθειν
1621 3090 1696 3173 (Β
1745 3088 1930 3172 346)·

752 3274 996 3353 ἥνδανε
1041 3276 1109 3360 (ρ
1158 3275 1338 3339 1725·
1719 3194 1794 3257 &c
1835 3193 1960 3271 γάρ
2008 3191 2090 3271 ῥα
2133 3193 2394 3273 μάλιστα

753 3380 944 3454 τῆςδε
995 3378 1051 3442 δ’
1096 3378 1176 3442 ἂν
1222 3377 1303 3443 ού
1347 3380 1685 3458 φθονέοιμι
1732 3379 1797 3463 (τ
1839 3379 2014 3461 348).

402 3498 451 3550 Β
491 3482 763 3542 τοιοῦτο
808 3480 908 3543 καὶ
957 3481 1032 3544 τὸ
3125 3495 3191 3542 30
3269 3541 3272 3542 γ

751 3582 908 3658 νηῦς
952 3581 1023 3645 δέ
1068 3601 1175 3660 μοι
1217 3580 1317 3660 ἧδ’
1361 3573 1615 3660 ἕςτηιὶεν
1661 3582 1772 3646 ἐπ’
1814 3582 2021 3662 ἀγροῦ
2065 3582 2256 3661 νόςφι
2301 3582 2549 3661 πόληος
2594 3597 2665 3665 (α
2716 3581 2896 3667 185)-

631 3731 848 3784 Anovu.
913 3738 976 3786 10
1022 3732 1259 3786 Ἐκεῖνος
1294 3748 1518 3801 semper
1552 3733 1623 3786 ad
1672 3749 1792 3786 rem
1835 3733 2080 3802 spectat,
2125 3749 2273 3802 quae
2318 3733 2519 3799 distat,
2568 3733 2739 3787 οὗτος
2786 3732 2847 3785 et
2879 3734 2977 3787 ὅδε
3015 3747 3085 3786 ea

488 3814 917 3884 demonstranss,
954 3832 1101 3883 quae
1137 3833 1313 3885 prope
1350 3817 1508 3881 sunt3
1546 3817 1739 3885 itaque
1775 3818 1945 3871 οὗτος
1983 3819 2043 3870 et
2077 3819 2172 3871 ὅδε
2209 3817 2381 3871 etiam
2415 3816 2658 3886 primam
2694 3817 2753 3870 et
2786 3815 3092 3870 secundam

486 3899 751 3952 indicant
768 3939 781 3964 ,
820 3901 1033 3955 ἐκεῖνος
1070 3917 1239 3954 unam
1274 3900 1520 3954 tertiam.
1593 3901 1827 3954 Nullum
1864 3918 1934 3955 ex
1969 3901 2037 3954 iis
2072 3918 2184 3955 non
2220 3900 2505 3971 significat
2538 3900 2889 3955 relationem.

636 4032 823 4087 Ducn.
863 4053 1071 4090 acam.
1142 4041 1189 4092 2.
1223 4037 1330 4102 γὰρ
1367 4042 1433 4091 οἳ)
1468 4036 1524 4103 b,
1561 4053 1667 4104 γαρ
1704 4054 1740 4104 η
1777 4054 1844 4090 ου
1883 4038 1925 4092 Α
1957 4040 1966 4104 Ι
1998 4043 2044 4090 3.
2072 4054 2120 4089 ω
2157 4037 2215 4091 in
2253 4052 2397 4094 ωςτε
2434 4052 2503 4089 ex
2538 4052 2574 4103 η
2615 4035 2828 4089 factum
2865 4035 2936 4089 ab
2960 4036 3042 4089 A&
3080 4036 3087 4101 Ι

492 4123 545 4170 6.
584 4119 832 4172 τούνεκα
868 4113 1244 4185 chALobeck,
1281 4122 1525 4175 τοῦνεκα
1562 4120 1596 4173 b
1636 4122 1646 4189 Ι
1689 4126 1736 4173 7.
1777 4123 1920 4174 κατὰ
1955 4122 2131 4175 τοῦτο
2167 4121 2219 4178 b.
2257 4137 2327 4174 κα
2366 4119 2445 4188 (in
2483 4118 2594 4172 fine
2630 4121 2843 4186 versus)
2878 4135 2948 4173 το
2984 4136 3089 4173 υτο

491 4204 541 4256 Α
574 4205 585 4264 Ι
619 4208 701 4257 10.
738 4201 1028 4272 ίιιεοῐίρίιίο
1065 4220 1199 4270 περι
1232 4206 1507 4271 διἀφορας
1544 4221 1647 4272 της
1683 4222 1850 4259 ουτος
1887 4223 1982 4259 και
2018 4207 2112 4259 οδε
2149 4221 2292 4272 προς
2328 4221 2438 4270 την
2474 4219 2692 4257 εκεινος
2727 4202 2959 4256 maiuso.
2994 4204 3039 4257 Α
3080 4205 3086 4270 Ι

498 4295 581 4341 11.
637 4288 1183 4358 ἐπιλαμβανόμενον]
1247 4288 1342 4344 fol.
1401 4294 1496 4344 165
1520 4306 1571 4342 v.
1635 4290 1646 4356 Ι
1708 4289 1838 4342 τινά
1890 4306 2045 4343 τινος
2103 4305 2207 4357 pro
2263 4304 2395 4341 τινα
2439 4287 2647 4341 conicit
2685 4286 3040 4357 JGuttentag
3080 4289 3087 4356 Ι

501 4394 582 4443 12.
624 4389 854 4442 ἐπαιςεν
888 4387 953 4454 b,
990 4405 1188 4444 επεςεν
1225 4392 1267 4445 Α
1322 4389 1332 4456 Ι
1390 4394 1466 4444 18.
1504 4392 1536 4445 ὁ
1573 4392 1818 4459 ποιητής
1853 4390 1909 4454 b,
1946 4406 2190 4457 ποιητης
2229 4390 2271 4444 Α
2326 4391 2337 4457 Ι
2388 4389 2479 4456 oin
2516 4387 2858 4454 HLAhreus,
2913 4374 3006 4456 οιήΙ
3025 4391 3087 4454 Α,

494 4474 593 4540 οἴῃ
631 4472 670 4525 b
700 4479 709 4536 Ι
742 4473 1034 4538 ςτρατείαν
1068 4474 1123 4540 b,
1165 4491 1445 4543 ςτρατηαν
1481 4476 1523 4529 Α
1566 4479 1576 4540 1
1615 4475 1881 4530 ἑςςείςθαι
1915 4473 2258 4538 HLAbren8‚
2297 4475 2565 4528 ἑςςεῖςθαι
2597 4475 2635 4526 b
2683 4477 2693 4539 Ι
2739 4478 2820 4530 20.
2856 4474 2924 4538 δὴ
2962 4474 2996 4538 ἡ
3035 4473 3090 4540 b,

486 4559 567 4623 δη
608 4557 651 4609 Α
695 4559 705 4619 Ι
743 4562 825 4609 21.
860 4559 928 4623 δὴ
966 4558 1086 4624 Ab,
1123 4576 1213 4613 τοι
1249 4560 1526 4613 Homerus
1565 4566 1572 4624 ι
1611 4566 1692 4613 23.
1730 4560 1845 4613 οδέ
1881 4562 1926 4615 Α
1966 4565 1976 4626 Ι
2014 4565 2096 4613 25.
2136 4560 2426 4625 ηρωδοτος
2462 4558 2504 4611 Α
2550 4559 2559 4622 Ι
2598 4562 2678 4615 26,
2717 4557 3017 4623 φθινύθειν
3052 4558 3090 4610 b

494 4639 810 4705 Homerus,
847 4645 1250 4710 φθινυθυςκεν,
1286 4659 1399 4697 non
1435 4643 1501 4696 ut
1535 4644 1570 4696 b
1607 4642 1904 4697 adnotavit
1937 4647 2338 4710 φθινυθεςκεν,
2374 4643 2416 4696 Α
2445 4644 2568 4710 129.
2594 4643 2762 4708 τηςδε
2786 4644 2906 4694 δἀν
2931 4659 2999 4696 ου
3022 4643 3088 4709 Α,

492 4725 676 4791 τήνδε
713 4724 833 4777 δ’ἂν
866 4727 936 4778 οὐ
971 4725 1037 4792 b,
1072 4732 1145 4794 τῇ
1182 4727 1337 4781 δὀὐκ
1372 4729 1441 4781 ἂν
1466 4726 1741 4781 Homerus
1768 4729 1779 4794 1
1810 4733 1892 4785 31.
1931 4731 2069 4794 νηῠς
2092 4726 2129 4780 b
2163 4725 2455 4791 Homerus,
2494 4743 2596 4798 ηυς
2623 4727 2665 4780 Α
2694 4726 2706 4794 1
2736 4726 2827 4793 ἧδ’
2850 4724 3088 4793 ΚΒοὶιι-ε,

492 4810 590 4876 ἠδ’
628 4810 665 4864 b
700 4812 711 4876 Ι
740 4810 1019 4879 nomes«
