3738 5530
570 280 1010 337 Commentarius
1038 280 1263 336 criticus
1292 283 1351 336 et
1377 282 1696 352 exegeticus
1724 282 1785 336 in
1811 281 2101 351 Apollonii
2126 281 2355 352 Dyscoli
2382 283 2593 352 scripta
2621 282 2852 339 minora.
2932 284 3058 349 141

457 452 816 528 relegamur,
870 450 973 510 sed
1025 450 1170 510 haec
1223 469 1362 527 pars
1409 469 1562 528 quae
1616 450 1689 511 de
1746 451 2176 511 coniunctionis
2233 453 2668 512 constructione
2724 456 2854 512 erat
2909 471 3067 512 nunc

459 539 768 617 deperdita
813 543 904 599 est
948 531 1180 621 (Lange
1228 539 1464 617 System
1507 532 1639 621 42).

639 629 778 688 Non
822 630 1010 689 sobam
1052 630 1154 689 ubi
1187 634 1496 703 ponuntur
1537 631 1732 699 verba,
1778 630 1882 690 sed
1918 633 2091 689 etiam
2124 632 2225 690 ubi
2271 634 2533 690 tacentur
2568 623 2633 712 (i.
2665 651 2711 689 e.
2751 631 3065 709 cogitando

459 711 858 799 supplentur),
903 720 1182 777 adverbia
1218 737 1594 793 usurpamuS,
1639 720 1794 778 velut
1839 736 1971 779 cum
2016 723 2098 779 eis
2142 721 2245 794 qm·
2288 721 2514 794 aliquid
2559 721 2697 779 bene
2730 722 3065 795 perficium,

460 803 820 868 κάλλιςτα
865 809 1284 868 adclamamus.
1361 807 1542 883 Quem
1584 811 1650 867 in
1694 827 2003 869 numerum
2048 812 2221 868 etiam
2262 811 2679 868 inter-sectiones
2726 810 3068 883 referendae

458 901 609 965 suut,
660 900 832 956 etiam
875 900 1055 956 unius
1099 897 1359 971 syllabae
1402 914 1542 957 sono
1577 898 1849 972 prolatae
1894 890 2091 979 (velut
2137 890 2221 979 ἆ).
2314 898 2524 957 Nescio
2569 917 2652 957 au
2693 899 2804 958 hae
2848 916 3070 973 quoque

459 988 532 1045 ab
560 986 764 1060 abiqua
790 987 1089 1060 affectione
1114 987 1336 1046 verbali
1362 990 1724 1060 repetantur:
1758 1005 1902 1046 nam
1928 990 2029 1062 qui
2057 989 2395 1057 eoeclmmant,
2435 988 2662 1062 aliquid
2685 990 2860 1062 passi
2895 992 3069 1060 sumt,-

448 1077 582 1151 pati
636 1080 830 1134 autem
884 1081 966 1135 est
1021 1077 1289 1149 affectum
1335 1092 1456 1135 esse
1507 1079 1731 1136 actione
1779 1077 2206 1153 121,14--26
2250 1103 2333 1124 =
2373 1076 2556 1136 Prisc.
2602 1076 2714 1134 XV
2758 1097 2815 1153 p.
2857 1077 3065 1153 62,18

550 1166 652 1239 63,
678 1168 732 1223 2.
784 1167 885 1241 90,
908 1167 1142 1224 6—14.

640 1257 784 1329 121,
810 1255 1065 1313 15—16
1116 1257 1179 1313 et
1221 1254 1480 1313 Bekkeri
1534 1256 1821 1314 correctio
1867 1255 2201 1314 necessaria
2245 1257 2337 1314 est
2381 1258 2443 1314 et
2485 1273 2646 1330 mea,
2705 1274 2887 1331 quam
2930 1275 3068 1332 pro-

458 1345 633 1420 posui
676 1343 707 1401 Ι
755 1345 913 1419 472,
969 1345 1040 1402 cf.
1090 1344 1221 1403 adv.
1266 1345 1412 1418 127,
1435 1345 1516 1402 14
1565 1338 1813 1418 ἔφαμεν
1860 1340 1934 1403 δέ
1980 1335 2085 1426 (ad
2130 1344 2185 1402 h.
2234 1344 2272 1403 l.
2319 1336 2710 1426 relegamur),
2766 1338 2865 1404 ὅτι
2913 1341 3068 1405 οὐδὲ

461 1428 563 1492 ἐπὶ
610 1427 778 1507 ῥῆμα
834 1429 1114 1508 φέρεται.
1187 1436 1342 1509 synt.
1386 1434 1444 1509 9,
1467 1434 1504 1492 5
1553 1427 1618 1491 αἱ
1674 1430 1788 1507 μὲν
1844 1429 1969 1507 γὰρ
2017 1429 2232 1493 αὐτῶν
2288 1429 2449 1510 (τῶν
2506 1429 2771 1511 λέξεων)
2822 1431 3068 1509 τρόπον

459 1517 601 1581 τινὰ
656 1520 788 1581 τῶν
835 1519 1234 1597 φωνηέντων
1282 1517 1467 1596 ῥηταί
1514 1516 1650 1593 εἰςι,
1707 1517 1993 1596 καθάπερ
2044 1570 2055 1582 .
2096 1569 2109 1582 .
2151 1569 2162 1581 .
2212 1517 2660 1597 ἐπιρρημάτων
2722 1518 2885 1598 ἅπερ
2934 1519 3065 1583 ἑπι-

461 1606 713 1681 λέγεται
768 1611 906 1671 ταῖς
962 1608 1323 1686 γινομέναις
1381 1607 1752 1687 ἐνεργείαις,
1823 1606 2009 1685 ἡνίκα
2065 1607 2584 1687 ἑπιφθεγγόμεθα
2638 1609 2714 1672 τὸ
2750 1606 3070 1697 οκόιλλιςτα

461 1700 596 1760 τοῖς
625 1696 785 1760 κατὰ
816 1697 891 1760 τὸ
921 1697 1074 1760 δέον
1114 1717 1171 1760 τι
1202 1697 1584 1776 ἐνεργοῦςιν,
1621 1696 1661 1774 ἢ
1690 1695 1887 1772 ὑγιῶς
1918 1696 1957 1774 ἢ
1988 1700 2215 1761 καλῶς.
2291 1699 2375 1760 Cf.
2409 1700 2679 1761 Schmidt
2714 1701 2896 1760 Beitr.
2920 1703 3064 1763 494.

641 1790 890 1865 121,18
940 1789 1139 1868 Egger
1182 1790 1296 1866 Ap.
1341 1791 1574 1865 193,2;
1623 1789 1748 1848 Ska
1782 1789 1843 1848 H
1884 1791 1983 1849 23.

641 1881 785 1954 121,
811 1880 890 1937 19
952 1875 1114 1939 κατὰ
1173 1876 1289 1939 τὸν
1345 1877 1644 1939 τοιοῦτον
1705 1875 1908 1951 λόγον
1963 1882 2001 1937 i.
2050 1898 2097 1938 e.
2154 1881 2205 1938 si
2265 1872 2612 1956 statuimus,
2672 1880 3068 1943 exclamantes

460 1987 690 2045 semper
734 1986 905 2027 voces
951 1967 1242 2044 quasdam
1284 1969 1565 2045 proferre,
1612 1986 1763 2045 quae
1807 1986 1917 2044 per
1960 1985 2022 2028 se
2068 1968 2296 2044 aliquid
2343 1965 2678 2047 significent
2723 1972 2784 2029 et
2820 1969 2897 2028 ad
2940 1988 3069 2031 ver-

461 2057 601 2116 bum
646 2059 842 2117 mente
900 2056 1294 2133 supplendum
1349 2057 1708 2133 referantur,
1761 2058 1824 2116 id
1882 2057 2041 2133 quod
2096 2057 2169 2116 de
2214 2058 2724 2119 interiectionibus
2772 2059 2891 2118 dici
2950 2078 3071 2119 non

459 2149 673 2223 potest.
729 2179 803 2188 —
855 2142 1308 2223 Περιγράφειν,
1340 2167 1386 2207 c.
1425 2167 1556 2225 gen.
1603 2150 1693 2206 est
1729 2140 2047 2223 ‘eximere',
2092 2165 2257 2223 pron.
2303 2149 2448 2223 100,
2471 2149 2551 2207 29
2601 2143 2952 2220 ἐγκλιθεῖςα
2998 2144 3066 2225 (ἡ

460 2232 652 2313 etp—ac)
698 2282 711 2295 .
754 2282 769 2297 .
825 2231 1295 2312 περιεγράφετο
1357 2236 1468 2311 τῆς
1528 2231 2024 2311 περιςπωμένης.
2110 2236 2241 2296 adv.
2301 2237 2446 2312 134,
2480 2239 2561 2296 24
2623 2236 2739 2297 τοῦ
2802 2233 3068 2298 δέοντος

461 2324 774 2401 μεριςμοῦ.
860 2323 946 2384 Cf.
986 2325 1361 2384 RSchneider
1395 2324 1457 2383 II
1498 2317 1674 2405 20.*)

642 2416 888 2489 121‚21
941 2415 1011 2473 cf.
1049 2434 1215 2491 pron.
1258 2416 1359 2490 34,
1382 2416 1467 2474 30
1494 2433 1610 2491 sq.;
1657 2413 1788 2473 adv.
1833 2416 1976 2490 127,
2003 2416 2099 2473 12.
2153 2417 2252 2473 17.

641 2505 1067 2578 121,24--26
1118 2503 1239 2563 ska
1275 2503 1336 2562 H
1375 2505 1456 2563 23
1497 2504 1627 2563 coll.
1667 2503 1798 2562 adv.
1843 2505 1987 2579 127,
2012 2505 2120 2579 13,
2166 2507 2321 2579 synt.
2364 2506 2511 2580 290,
2533 2506 2648 2580 2ος
2695 2504 2846 2564 adde
2887 2505 3067 2565 schol.

459 2593 653 2652 D'rhr.
686 2594 944 2669 520,31.
997 2595 1193 2668 521,5
1226 2592 1416 2671 Hilg.3
1463 2592 1640 2652 Prisc.
1671 2592 1781 2652 XV
1813 2594 1916 2667 90,
1936 2595 2014 2652 13
2118 2594 2275 2653 assio
2305 2586 2547 2675 animi);
2586 2592 2856 2653 Schmidt
2883 2594 3068 2654 Beitr.

458 2684 585 2742 495
617 2674 820 2764 (quem
845 2683 1068 2742 refellit
1094 2681 1461 2742 GFSchoem.
1491 2700 1689 2758 opusc.
1709 2680 1797 2740 IV
1819 2684 2067 2757 229,2Ο
2108 2704 2124 2756 3
2162 2680 2528 2742 GFSchoem.
2551 2682 2581 2740 I
2602 2684 2640 2742 9
2659 2701 2956 2760 =opusc.
2977 2683 3065 2742 IV

462 2774 795 2832 229—30:
841 2765 919 2830 ‘h.
950 2790 997 2830 e.
1037 2765 1220 2832 “vide
1257 2777 1458 2832 tamen
1495 2792 1568 2831 ne
1604 2773 1749 2832 haec
1786 2791 2020 2848 quoque
2056 2774 2119 2832 vi
2161 2789 2268 2831 sua
2306 2791 2375 2831 ac
2411 2776 2707 2850 potestate
2746 2773 2820 2833 ab
2867 2775 3071 2851 aliqua

457 2861 686 2923 verbali
732 2862 1117 2938 dispositione
1166 2854 1280 2942 (sic
1325 2863 1483 2921 enim
1528 2880 1684 2920 nunc
1731 2856 2077 2936 ῥηματικὴν
2124 2857 2400 2922 διάθεςιν
2458 2866 2798 2922 convertere
2845 2862 3069 2940 licebit,

458 2951 907 3029 dispositionem
943 2950 1192 3011 subiecti
1231 2953 1466 3027 qualem
1503 2970 1686 3029 genus
1722 2950 1889 3010 verbi
1925 2942 2179 3031 indicat)
2206 2954 2581 3027 repetantur:
2617 2971 2757 3012 nam
2796 2955 2900 3029 qui
2928 2944 3070 3035 (tali

459 3032 630 3122 voce)
668 3040 1141 3118 indignationem
1176 3040 1394 3117 prodit,
1433 3042 1635 3116 aliquo
1671 3040 1846 3099 modo
1886 3040 2161 3100 affectum
2198 3059 2260 3100 se
2299 3058 2423 3100 esse
2461 3041 2748 3116 ostendit3
2795 3041 3071 3104 affectum

460 3148 584 3190 esse
639 3133 838 3190 autem
895 3129 1193 3207 significat
1247 3130 1583 3206 passionem
1639 3128 1937 3205 quandam
1985 3121 2308 3212 (subesse),
2369 3130 2605 3206 qualem
2653 3133 2809 3190 actio
2867 3131 3071 3208 aliqua

460 3213 780 3279 effecerit''.
871 3219 1171 3278 Nimirum
1215 3220 1327 3279 hoc
1372 3220 1531 3278 vult:
1588 3220 1692 3295 qui
1736 3218 2220 3296 indignabundus
2274 3220 2591 3296 exclamat,
2648 3220 2849 3297 aliquo
2893 3220 3069 3280 mode

462 3327 523 3367 se
569 3308 843 3368 affectum
892 3312 953 3367 et
998 3309 1074 3368 ad
1119 3308 1591 3386 indignationem
1636 3311 1971 3383 permotum
2018 3326 2143 3368 esse
2199 3308 2522 3386 significat:
2577 3310 2684 3386 qui
2739 3314 2938 3370 autem
2986 3311 3069 3369 sic

460 3397 701 3459 affectus
748 3403 856 3473 est,
901 3397 1058 3457 hunc
1094 3416 1328 3458 necesse
1376 3401 1467 3457 est
1511 3397 1738 3473 aliquid
1785 3415 2028 3473 passum
2065 3415 2216 3457 esse:
2264 3398 2422 3474 quod
2470 3402 2670 3459 autem
2714 3418 2924 3476 passus
2963 3403 3070 3474 est,

460 3486 569 3546 hoc
605 3506 726 3546 non
760 3490 961 3564 potest
995 3487 1110 3547 nisi
1159 3507 1228 3547 ex
1266 3487 1469 3564 aliqua
1506 3487 1738 3546 actione
1775 3488 2056 3562 evenisse,
2100 3505 2281 3563 quam
2319 3487 2613 3548 actionem
2650 3489 2852 3565 aliquo
2890 3489 3070 3548 verbo

460 3577 656 3653 eloqui
701 3577 904 3636 liceat:
955 3577 1143 3654 igitur
1187 3595 1320 3636 cum
1360 3576 1492 3652 quis
1530 3577 1837 3651 exclamat,
1886 3575 2067 3634 etiam
2113 3576 2358 3635 verbum
2406 3577 2714 3653 actionem,
2760 3578 2915 3637 unde
2961 3579 3071 3637 illa

459 3666 657 3741 passio
704 3666 993 3741 evenerit,
1049 3665 1388 3744 significans
1435 3664 1816 3744 subintellegi
1861 3668 2109 3741 poterit,
2154 3665 2314 3742 quod
2360 3685 2494 3725 cum
2540 3668 2628 3726 ita
2674 3668 2779 3742 sit,
2826 3670 3071 3743 propter

459 3754 938 3815 subintellectum
990 3756 1141 3815 illud
1195 3755 1439 3831 verbum
1493 3756 1675 3814 etiam
1730 3755 2186 3814 exclamationes
2256 3756 2406 3815 istae
2460 3756 2523 3814 in
2594 3756 2890 3816 adverbiis
2962 3777 3067 3816 nu-

459 3844 774 3903 merandae
820 3838 1000 3904 sunt.'
1090 3843 1176 3903 Id.
1215 3843 1357 3903 Red.
1402 3846 1543 3903 167.

633 3934 749 3994 Sed
789 3934 893 3993 ubi
947 3934 1184 3993 verbum
1225 3951 1408 4007 neque
1448 3935 1695 4008 ponitur
1738 3951 1922 4007 neque
1974 3934 2354 4002 subauditur,
2411 3936 2497 3993 ibi
2548 3936 2893 3996 adverbium
2937 3953 3068 3994 cum

456 4026 689 4082 nomine
734 4025 1099 4082 eoniuncimn
1131 4023 1377 4097 plenam
1411 4024 1752 4081 sententiam
1794 4040 1915 4082 uon
1962 4024 2154 4096 efficit.
2233 4022 2453 4083 Contra
2486 4025 2726 4083 verbum
2761 4042 2892 4083 cum
2936 4026 3069 4084 sub-

456 4115 706 4172 stantivo
751 4115 1136 4171 constructum
1181 4112 1455 4171 adverbio
1490 4129 1609 4171 non
1643 4112 1876 4187 mdiyet.
1960 4112 2185 4172 Eodem
2228 4113 2395 4172 modo
2440 4114 2827 4174 dmonstrari
2860 4117 3067 4188 potest,

457 4203 771 4261 miculam
813 4219 1026 4261 rursus
1071 4202 1152 4261 ad
1193 4218 1420 4271 nomen,
1467 4218 1584 4260 non
1627 4202 1710 4260 ad
1752 4202 1992 4261 verbum
2024 4203 2320 4276 pertimere
2360 4203 2977 4278 121,27—122‚12.

641 4293 1067 4365 122,10-12
1107 4291 1177 4350 de
1223 4308 1288 4349 re
1324 4291 1394 4349 cf.
1436 4290 1566 4349 adv.
1602 4291 1748 4367 171,
1773 4293 1883 4365 143
1929 4294 2082 4368 synt.
2124 4291 2226 4366 85,
2251 4293 2329 4349 12
2367 4308 2451 4368 sq.
2505 4293 2651 4367 108,
2674 4294 2753 4351 21
2786 4310 2870 4369 sq.
2921 4294 3067 4368 306,

464 4382 542 4438 14
573 4399 687 4456 sq.;
733 4379 1100 4439 GFSchoem.
1139 4380 1283 4438 Red.
1327 4381 1560 4455 118,23
1606 4379 1683 4437 id.
1724 4383 1831 4439 art.
1875 4382 1974 4439 26.
2063 4379 2399 4439 Perfectum
2446 4376 2847 4456 ἑκτεθείμεθα
2883 4381 3069 4460 Uhlig

457 4468 549 4527 111
588 4471 669 4528 69
692 4488 776 4545 sq.
822 4474 1025 4531 monet
1062 4488 1327 4547 pugnare
1371 4488 1505 4528 cum
1547 4469 1676 4527 adv.
1721 4472 1865 4543 121,
1888 4470 1943 4529 5.
1996 4470 2141 4544 132,
2166 4471 2275 4549 133
2321 4473 2476 4544 synt.
2510 4472 2655 4546 204,
2681 4472 2778 4530 10.
2831 4473 3067 4547 235‚9;

455 4576 627 4633 posse
653 4562 855 4617 tamen
883 4559 1294 4618 difficultatem
1320 4558 1410 4617 ita
1429 4557 1500 4617 de
1527 4558 1721 4617 medio
1749 4558 1900 4634 tolli,
1930 4560 1997 4616 ut
2024 4560 2356 4618 statuamus
2373 4558 2762 4636 Apollonium
2789 4561 2946 4620 hunc
2978 4562 3065 4619 lo-

458 4665 609 4723 cum,
636 4647 803 4709 libris
830 4649 901 4708 de
930 4648 1364 4708 constructione
1392 4647 1690 4723 confectis,
1718 4666 1851 4707 cum
1879 4647 2397 4723 epirrhematicum
2422 4650 2728 4728 relegeret,
2756 4649 3064 4709 adiecisse.

633 4855 682 4926 *>
720 4856 864 4923 synt.
896 4859 1017 4920 338,
1040 4859 1102 4907 11
1142 4856 1179 4922 ἡ
1207 4859 1310 4908 τοο
1349 4855 1557 4922 ἄρθρου
1587 4854 1860 4909 ἐπένθεςις
1897 4855 2235 4923 περιέγραφε
2270 4859 2374 4909 τοῦ
2415 4854 2511 4924 <A¹
2538 4857 2706 4924 recte,
2741 4873 2810 4909 το
2852 4854 2946 4923 A¹‚
2981 4862 3066 4928 τῷ

459 4924 646 4997 vulgo)
685 4929 760 4995 μὴ
799 4929 1032 4981 ἑνῶςθαι
1065 4929 1173 4994 τὴν
1209 4927 1492 4995 πρόθεςιν·
