3738 5530
618 359 735 423 102
1552 358 1729 410 ΠΕΡΙ
1766 355 2267 410 Amavimus

1459 477 1502 515 p.
1531 466 1606 507 m
1631 466 1809 531 ‹sssms
1834 467 1860 505 ι
1886 485 1937 496 -
1967 464 2041 504 iss
2066 463 2174 514 (sss)
2200 463 2244 504 A
2268 464 2294 504 s
2320 464 2351 503 b

609 564 918 641 κτήτορος
978 561 1331 641 πρόςωπον
1391 560 1495 624 διὰ
1548 562 1660 636 τῆς
1715 560 1974 625 δείξεως
2027 559 2128 624 καὶ
2185 558 2541 640 ἀναφορᾶς.
2642 558 2747 623 καὶ
2789 557 3043 624 δείξεως
3086 558 3204 636 μὲν

611 665 762 743 ἐμός
774 715 792 748 ,
851 664 992 748 ςός,
1047 664 1386 744 ἀναφορᾶς
1445 663 1516 726 δὲ
1571 662 1660 726 ὡς
1707 662 2053 744 ςφέτερος,
2108 664 2243 726 τῶν
2299 658 2637 740 κτημάτων
2680 658 2945 738 ἀδήλων
2988 658 3204 724 ὄντων

613 768 774 832 κατὰ
817 768 932 845 τὴν
975 765 1309 844 ποιότητα.
1394 770 1488 847 τῷ
1531 764 1654 844 γὰρ
1700 763 1851 843 ἐμός
1894 761 1954 828 τί
2001 765 2244 844 μᾶλλον
2289 762 2679 827 ὑπακούεται
2723 759 2904 827 οἶκος
2933 762 2972 839 ἢ
2999 760 3203 826 ἵππος

614 870 653 948 ἢ
702 872 937 935 δοῦλος
980 869 1019 947 ἤ
1064 888 1122 933 τι
1165 870 1299 932 τῶν
1345 866 1694 942 τοιούτων;

551 990 583 1039 5
787 971 860 1035 Αἱ
888 971 1164 1050 κτητικαὶ
1194 968 1326 1034 ἀπὸ
1355 972 1628 1045 γενικῶν
1660 968 1883 1047 μόνων
1914 967 2467 1048 ςχηματιῑόμεναι,
2499 970 2710 1046 κτῆςιν
2741 972 3204 1051 ςημαινουςῶν,
3242 979 3283 1034 C

618 1075 720 1138 καὶ
776 1073 862 1139 εἰς
914 1073 1205 1156 γενικήν,
1262 1073 1352 1137 ὡς
1408 1071 1811 1152 προείρηται,
1861 1069 2263 1150 ,ἀναλύονται
2318 1073 2529 1147 κτῆςιν
2586 1070 3015 1149 ςημαίνουςαι.
3104 1072 3208 1135 καὶ

618 1176 683 1242 αἱ
738 1179 853 1256 μὲν
910 1174 1042 1240 ἀπὸ
1098 1176 1363 1253 πρώτου
1421 1172 1637 1240 ἑνικοῦ
1694 1174 1961 1250 πρώτου
2018 1172 2100 1237 ἂν
2158 1170 2440 1254 ῥηθεῖεν,
2494 1171 2693 1237 ἑνικαί
2744 1191 2814 1236 τε
2871 1162 3032 1236 κατὰ
3086 1173 3204 1238 τὸν

617 1278 920 1358 κτήτορα,
969 1276 1114 1342 οἷον
1158 1276 1353 1355 ἐμοῦ
1397 1275 1603 1355 ἐμός.
1678 1273 1917 1352 ὁμοίως
1962 1274 2028 1338 αἱ
2067 1273 2200 1339 ἀπὸ
2241 1276 2450 1357 (τοῦ)
2481 1273 2812 1354 δευτέρου,
2861 1277 2999 1339 ςοῦ
3043 1273 3205 1357 ςός,

620 1381 722 1445 καὶ
795 1380 887 1444 ἔτι
959 1378 1024 1443 αἱ
1097 1377 1230 1442 ἀπὸ
1303 1378 1555 1460 τρίτου,
1630 1375 1723 1442 οὗ
1796 1375 1901 1441 ὅς.
2021 1376 2120 1440 καὶ
2193 1376 2298 1440 ἐπὶ
2368 1379 2606 1441 δυ’ίκῶν
2671 1375 2945 1459 ταύτόν,
3010 1383 3203 1442 νῶιν

518 1498 582 1547 10
617 1481 1036 1563 νωίτερος,
1101 1483 1356 1560 ςφῶιν
1425 1480 1891 1560 ςφωίτερος.
1942 1466 2225 1544 ’τούτων
2291 1479 2369 1543 τὸ
2436 1477 2652 1556 τρίτον
2712 1477 3031 1558 ὑπεςτάλη
3100 1479 3206 1544 διὰ

617 1585 691 1649 τὸ
751 1584 966 1664 μόνως
1013 1582 1434 1665 ἑγκλίνεςθαι,
1492 1581 1655 1660 ὅπερ
1699 1580 1739 1658 ἡ
1785 1582 2143 1659 παραγωγὴ
2191 1580 2271 1645 οὐ
2316 1581 2773 1659 παραδέχεται·
2835 1578 3206 1662 προείρηται
3247 1598 3344 1646 130
3365 1593 3410 1645 A

618 1687 690 1750 δὲ
755 1686 857 1748 καὶ
923 1684 994 1748 ἐν
1063 1687 1200 1748 τοῖς
1268 1682 1512 1748 ἐπάνω.
1634 1683 1737 1748 καὶ
1801 1682 1906 1747 ἐπὶ
1971 1686 2452 1762 πληθυντικῶν,
2522 1682 2734 1762 ἡμῶν
2799 1681 3208 1762 ἡμέτερος,

618 1786 839 1866 ὑμῶν
898 1786 1309 1869 ὑμέτερος,
1368 1791 1584 1866 ςφῶν
1641 1785 2042 1865 ςφέτερος.

791 1888 1073 1957 Τούτωιι
1119 1890 1199 1953 τὰ
1253 1880 1556 1968 τρίτα“έν
1615 1887 1755 1952 δυςὶ
1806 1888 2043 1966 τρίτοις
2097 1889 2372 1962 νοεῖται,
2432 1887 2513 1951 τὰ
2568 1886 2785 1966 μέντοι
2836 1892 3066 1965 πρῶτα
3108 1887 3212 1951 καὶ

524 2006 587 2054 15
624 1991 894 2069 δεύτερα
938 1988 1018 2054 οὐ
1060 1989 1324 2055 πάντως
1367 1989 1438 2055 ἐν
1483 1989 1764 2069 πρώτοις
1819 1989 1923 2054 καὶ
1965 1989 2230 2069 τρίτοις,
2286 1988 2390 2062 καὶ
2445 1988 2767 2067 δευτέροις
2811 1989 2914 2053 καὶ
2954 1989 3209 2069 τρίτοις,

621 2094 709 2158 ὥς
739 2113 906 2158 τινες
935 2093 1264 2172 ὑπέλαβον
1296 2092 1365 2156 ἐκ
1392 2095 1510 2157 τοῦ
1556 2090 1742 2168 ἐμός
1786 2090 1947 2155 ἑςτι
1993 2091 2096 2155 καὶ
2140 2090 2267 2156 ςός
2298 2090 2527 2156 ἐςτιν.
2601 2088 2743 2156 ἰδοὺ
2785 2091 2912 2170 γὰρ
2941 2090 3209 2169 πρώτου

621 2199 786 2274 πρὸς
832 2194 1174 2275 δεύτερον,
1219 2192 1404 2272 ἐμὸς
1450 2190 1523 2258 εἴ
1565 2191 1837 2273 φίλος,
1886 2193 1989 2256 καὶ
2033 2192 2339 2271 δευτέρου
2384 2193 2547 2270 πρὸς
2593 2196 2882 2274 πρῶτον,

870 2295 1046 2361 ἀλλὰ
1088 2297 1296 2375 πατὴρ
1339 2294 1486 2360 τεός
1530 2293 1651 2374 εἰμι
1697 2296 1772 2375 (π
1821 2292 1987 2377 188).
3243 2305 3289 2359 Β

624 2398 890 2465 δύναται
945 2399 1069 2476 γὰρ
1126 2399 1229 2462 καὶ
1270 2396 1488 2477 τρίτου
1531 2395 1697 2475 πρὸς
1738 2400 2038 2475 πρῶτον,
2100 2395 2191 2460 ῶς
2239 2394 2344 2461 ἐπὶ
2386 2400 2505 2460 τοῦ
2551 2393 2624 2460 ὅς
2670 2394 2856 2473 εἰμι·
2903 2396 3044 2462 ἴςον
3088 2397 3212 2477 γάρ

526 2515 594 2564 20
629 2500 755 2565 ἐςτι
810 2507 904 2583 τῷ
960 2499 1159 2564 αὐτοῦ
1207 2498 1341 2578 εἰμί.
1402 2535 1469 2545 -
1536 2498 1810 2577 ςκληρὸν
1856 2498 1979 2576 γάρ
2024 2497 2150 2562 έςτι
2204 2501 2281 2562 τὸ
2337 2498 2548 2573 λέγειν
2594 2499 2695 2562 καὶ
2737 2498 3003 2578 πρώτου
3047 2498 3212 2577 πρὸς

620 2609 883 2681 πρῶτον
943 2603 1043 2666 καὶ
1098 2601 1404 2679 δευτέρου
1460 2584 1625 2691 πρὸς
1680 2599 1986 2677 δεύτερον
2048 2600 2118 2665 ἐν
2173 2606 2266 2683 τῷ
2320 2599 2504 2678 ἐμός
2563 2598 2718 2676 εἰμι
2785 2599 2886 2664 καὶ
2947 2600 3077 2664 ςὸς
3121 2598 3212 2664 εἶ.

621 2703 846 2784 μόναις
899 2705 1024 2783 γὰρ
1079 2705 1219 2769 ταῖς
1274 2702 1876 2783 ἀντανακλωμέναις
1918 2702 1996 2767 τὸ
2041 2705 2301 2768 τοιοῦτο
2359 2703 2862 2783 παρακολουθεῖ,
2918 2702 3115 2782 χωρὶς
3158 2701 3214 2767 εἰ

623 2809 704 2886 μὴ
770 2808 873 2871 καὶ
929 2805 1116 2869 αὐταὶ
1172 2804 1759 2884 μεταλαμβάνοιντο
1817 2803 1906 2868 εἰς
1960 2804 2078 2868 τὰς
2123 2804 2462 2870 ςυνθέτους
2476 2851 2496 2886 ,
2553 2803 2840 2884 καθάπερ
2895 2805 2998 2869 καὶ
3041 2804 3215 2870 ἐνίας

756 2990 980 3043 Assvu.
1059 2994 1092 3043 5
1135 2987 1456 3043 Possessiva
1498 2991 1563 3045 ut
1605 2989 1997 3059 genetivorum
2042 2988 2422 3058 personalium
2466 2989 2755 3042 notionem
2807 2987 3079 3054 induunt,
3132 2989 3215 3043 ita

623 3092 659 3128 a.
693 3073 825 3128 solis
859 3072 1139 3143 genetivis
1175 3088 1369 3127 eorum
1406 3073 1761 3132 derivanturz
1794 3104 1862 3113 —
1914 3080 1979 3129 10
2013 3090 2049 3128 a
2083 3073 2267 3140 ςφωίν
2308 3073 2577 3141 genetivo
2615 3072 2799 3128 dualis
2845 3073 3048 3128 tertiae
3083 3090 3209 3142 per·

622 3175 792 3213 sonae
817 3156 956 3211 nihil
984 3157 1224 3226 ducitur,
1262 3159 1412 3226 quod
1436 3174 1660 3229 semper
1683 3161 1770 3213 est
1799 3158 2108 3213 encliticus,
2137 3188 2202 3197 -
2244 3164 2305 3211 14
2340 3156 2564 3211 Primae
2598 3174 2870 3226 personae
2903 3158 3216 3227 possessiva

622 3245 705 3298 ita
727 3243 1097 3312 usurpantur,
1137 3245 1202 3297 ut
1232 3243 1508 3312 possessio
1544 3244 1620 3298 sit
1641 3245 1741 3298 sut
1762 3243 1969 3298 tertiae
1995 3245 2092 3297 aut
2117 3241 2414 3308 secundae,
2454 3241 2731 3296 secundae
2766 3242 3083 3312 possessiva.
3115 3243 3214 3309 its,

622 3332 687 3381 ut
721 3344 810 3382 res
863 3343 1119 3397 possessa
1163 3328 1264 3381 sut
1305 3328 1509 3382 tertiae
1554 3330 1655 3382 aut
1704 3328 1920 3397 primae
1965 3328 2067 3392 sit3
2122 3327 2328 3382 tertiae
2382 3325 2710 3395 possessivis
2751 3326 2835 3379 its.
2879 3326 3212 3396 plerumque

621 3413 858 3477 utimur,
912 3413 979 3466 ut
1033 3414 1093 3466 et
1142 3427 1431 3481 possessor
1484 3415 1547 3467 et
1596 3413 1873 3483 possessio
1928 3412 2004 3467 sit
2059 3412 2290 3474 tertiam
2344 3427 2689 3481 quamquam
2744 3409 2802 3463 in
2857 3411 2942 3464 his
2997 3413 3058 3466 ὅς
3107 3411 3213 3478 εἰμι

621 3497 896 3567 possessio
940 3496 1157 3566 primae
1206 3498 1306 3550 est.
1389 3496 1501 3551 Ubi
1547 3500 1605 3552 et
1648 3513 1933 3567 possessor
1976 3498 2034 3551 et
2075 3495 2353 3565 possessio
2400 3497 2486 3550 est
2526 3496 2745 3565 primas
2782 3498 2882 3550 aut
2915 3495 3214 3560 secundae,

622 3581 702 3635 ibi
748 3580 1018 3635 reflexivs
1060 3580 1246 3636 locum
1288 3580 1527 3645 habent,
1576 3597 1680 3650 pro
1724 3581 1927 3650 quibus
1970 3582 2207 3650 possunt
2249 3596 2384 3634 sane
2427 3579 2741 3649 possessiva
2783 3578 2944 3648 poni,
2998 3580 3099 3634 sed
3145 3597 3217 3636 es

621 3682 848 3720 necesse
884 3667 971 3720 est
1005 3682 1132 3719 cum
1170 3674 1335 3721 ‘esse'
1372 3665 1546 3721 verbo
1581 3667 1855 3721 construi:
1893 3667 2026 3733 ἐμὸς
2064 3666 2211 3719 enim
2247 3666 2454 3733 γράφω
2489 3664 2633 3718 m'hil
2669 3666 2770 3719 est.

754 3833 979 3888 Tus-rna.
1048 3840 1105 3888 14
1140 3833 1310 3889 Prisc.
1336 3834 1440 3888 XII
1469 3840 1532 3889 10
1564 3853 1621 3905 p.
1644 3840 1760 3903 582,
1787 3841 1854 3890 28
1879 3833 2052 3889 Hertz
2087 3834 2168 3889 Et
2205 3834 2427 3902 mimae
2460 3834 2683 3902 quidem
2709 3848 2982 3902 personae
3009 3850 3215 3903 posses-

618 3919 799 3973 sivum
842 3923 957 3972 tam
1003 3919 1082 3973 ad
1123 3919 1423 3974 secumdam
1467 3935 1634 3989 quam
1676 3919 1754 3973 ad
1806 3919 2028 3974 tertiam
2071 3919 2277 3974 transit
2303 3933 2628 3987 personam,
2671 3919 2945 3974 secundae
2976 3934 3103 3974 vcro
3136 3920 3214 3974 ad

610 4004 855 4070 primam
899 4003 985 4058 vel
1028 4003 1106 4057 ad
1138 4004 1383 4067 tertiam.
1430 4009 1495 4058 ut
1530 4009 1687 4058 ‘tuus
1719 4012 1886 4072 sum’,
1922 4009 2077 4058 ‘tuus
2111 4009 2246 4069 est’;
2287 4004 2416 4071 ipsa
2461 4004 2606 4058 enim
2646 4019 2758 4059 sese
2784 4003 3068 4072 possidere
3100 4020 3215 4058 non

611 4092 813 4156 potest,
861 4087 1128 4155 quomodo
1159 4103 1259 4142 noc
1284 4089 1507 4156 primm
1547 4105 1680 4142 nam
1708 4091 2013 4157 possessiva
2044 4088 2351 4144 necessario
2383 4089 2449 4143 in
2483 4088 2702 4143 duabus
2736 4088 2970 4143 diversis
3001 4089 3211 4144 intelle-

619 4177 832 4242 mmm
857 4173 1113 4241 personis
1146 4177 1196 4226 et
1230 4178 1362 4227 sunt
1395 4173 1700 4228 transitiva
1734 4212 1752 4228 .
1791 4214 1805 4227 .
1842 4214 1855 4228 .
1882 4178 2066 4243 potest
2098 4173 2164 4227 in
2195 4173 2365 4227 tertia
2397 4173 2566 4227 simul
2599 4178 2837 4242 utraque
2870 4174 3120 4228 inveniri
3149 4174 3214 4228 in

622 4256 881 4322 diversis,
933 4256 1082 4325 quod
1122 4257 1188 4310 in
1218 4257 1413 4324 prima
1458 4263 1508 4312 ct
1549 4259 1794 4313 secunda
1837 4274 1954 4313 non
1991 4261 2198 4328 potest,
2250 4263 2314 4312 ut
2356 4257 2484 4325 ipsa
2528 4257 2724 4312 habeat
2767 4264 2818 4313 et
2855 4274 3215 4327 possessorem

619 4358 740 4395 una
773 4346 824 4395 et
852 4343 1266 4409 possessionem,
1302 4342 1420 4396 nisi
1441 4344 1682 4412 siqui-ate
1715 4343 1969 4399 dicamus
2005 4351 2178 4398 ‘metas
2208 4349 2351 4396 sum'
2390 4348 2441 4397 et
2477 4347 2632 4396 ‘tuus
2664 4348 2787 4408 est’,
2819 4343 2920 4399 hoc
2942 4348 3020 4399 est
3045 4352 3218 4398 ‘meae

611 4426 928 4492 potestatis’
954 4432 1005 4480 et
1030 4431 1224 4491 ‘tanen
1246 4426 1332 4481 vel
1345 4442 1454 4494 pro
1476 4428 1785 4496 reciprocis,
1810 4444 1952 4497 quae
1974 4428 2132 4496 apud
2157 4427 2396 4482 Graecos
2417 4429 2745 4495 compositae
2765 4433 2924 4482 sunt.-
2962 4424 3228 4497 ἐμαυτοῦ,

622 4512 795 4578 φίλος
834 4508 959 4580 εἰμί
993 4518 1164 4566 ‘meu-3
1198 4511 1411 4567 amicus
1442 4520 1585 4566 Μ’
1623 4527 1666 4566 e.
1705 4528 1754 4580 q.
1788 4528 1833 4571 8.

757 4676 939 4733 stos.
976 4697 1169 4735 soum.
1237 4686 1287 4740 8.
1324 4682 1576 4749 κτήτορα
1610 4681 1674 4747 b,
1714 4698 1893 4750 κτηρα
1930 4684 2014 4750 ΑΙ
2055 4682 2171 4736 ἀπὸ
2208 4685 2312 4735 τοο
2350 4681 2414 4748 b,
2450 4698 2565 4737 απο
2602 4684 2686 4748 ΑΙ
2722 4688 2799 4736 11.
2839 4683 2909 4735 οὐ
2946 4682 3011 4748 b,
3049 4699 3082 4736 ο
3119 4684 3161 4736 Α
3202 4683 3210 4748 Ι

626 4768 704 4815 12.
740 4764 832 4817 καὶ
868 4765 932 4817 ἐν
970 4765 1030 4831 b,
1068 4766 1132 4818 κ’
1166 4781 1231 4820 εν
1265 4768 1344 4832 ΑΙ
1384 4772 1463 4822 13.
1499 4782 1772 4833 ςφοτερος
1809 4768 1896 4834 ΑΙ
1931 4772 2007 4821 14.
2043 4770 2198 4822 δυςιν
2233 4768 2318 4832 ΑΙ
2367 4773 2443 4822 16.
2481 4784 2636 4822 εςτιν
2668 4770 2753 4830 ΑΙ
2788 4772 2863 4821 19.
2898 4783 3007 4834 γαρ
3043 4768 3116 4833 Α,
3152 4768 3216 4821 δὲ

621 4845 659 4899 b
692 4849 702 4914 Ι
733 4845 927 4913 τρίτου
961 4846 1025 4914 b,
1061 4865 1257 4916 τριτον
1291 4849 1337 4903 Α
1368 4861 1377 4912 ι
1408 4855 1486 4906 20.
1527 4866 1681 4905 εςτιν
1717 4851 1760 4904 Α
1791 4852 1802 4918 Ι
1833 4867 1984 4906 εςτιν
2021 4854 2064 4906 Α
