3738 5530
597 301 681 364 56
1539 299 1721 349 ΠΕΡΙ
1755 296 2259 351 ΔΝΤΩΝΤΜΙΑΣ.

1475 404 2316 457 μτοωθοωε-τεωεωιιει,

599 502 1024 581 ἀντωνυμίαν.
1099 504 1180 566 τὰ
1223 502 1351 581 γὰρ
1396 501 1845 582 φυλαςςόμενα
1889 499 2165 578 περιέχει
2211 502 2250 579 ἡ
2293 505 2412 565 τοῦ
2458 500 2653 580 ὠρεῖν
2700 500 3000 565 ςύνθεςις.
3081 499 3195 576 τὴν

599 605 811 682 πύλην
858 604 1164 684 φυλάςςει
1207 602 1546 684 πυλωρός,
1593 603 1710 680 τὴν
1754 600 1956 680 θύρην
2001 601 2314 680 θυρωρός.
2392 602 2565 666 οὕτω
2613 602 2715 667 καὶ
2759 601 2820 665 οἱ
2865 599 3058 678 αὐτῆς
3087 602 3198 676 τῆς

599 705 856 770 πόλεως
900 706 1185 787 φύλακε(
1229 703 1425 783 ίωροί.
1526 707 1872 768 καλοῦνται
1928 704 2000 767 δὲ
2056 707 2156 767 καὶ
2200 702 2263 767 οἱ
2308 703 2665 779 αὐθιγενεῖς
2709 704 2887 780 παρὰ
2927 701 3197 766 Ῥοδίοις

598 806 948 890 ἵγνητεε,
1004 811 1114 885 τῆς
1174 806 1424 871 δαςείας
1470 805 1759 870 Ἀττικῶς
1802 804 2295 883 προςελθούςης.
2392 805 2676 885 Τρύφων
2735 805 2888 885 φηςὶ
2929 805 3045 867 τὸν
3089 802 3194 866 ἴον

535 948 567 995 5
604 907 944 992 ἑγκεῖςθαι,
1003 907 1161 988 «ἀφ’
1216 905 1294 972 οὗ
1351 908 1627 986 θηλυκὸν
1683 907 1758 971 τὸ
1801 904 1902 988 ἴα,
1960 905 2088 986 ἀφ’
2142 904 2223 970 οὗ
2268 908 2342 972 τὸ
2389 905 2536 972 οἶος
2578 908 2740 971 κατὰ
2786 904 3190 982 πλεοναςμόν
3225 909 3288 957 ⁷1
3318 906 3370 957 A

602 1013 721 1076 τοῦ
767 1013 825 1075 ὃ.
914 1011 1020 1075 καὶ
1062 1008 1115 1074 εἰ
1157 1010 1233 1074 τὸ
1279 1008 1476 1074 αὐτός
1521 1007 1610 1073 εἰς
1653 1009 1728 1072 τὸ
1775 1008 1977 1087 μόνος
2018 1009 2585 1093 μεταλαμβάνεται,

858 1112 1159 1190 Τυδείδης
1204 1109 1400 1175 αὐτός
1443 1130 1564 1189 περ
1610 1110 1738 1174 ἐὼν
1784 1109 2203 1189 προμάχοιςιν
2251 1111 2332 1194 (Θ
2378 1109 2508 1191 99),

605 1215 884 1289 εὔλογον
929 1217 1033 1278 καὶ
1078 1215 1152 1278 τὸ
1197 1212 1399 1293 μόνος
1431 1211 1518 1277 εἰς
1548 1212 1623 1276 τὸ
1655 1210 1899 1275 αὐτός».
1973 1213 2118 1292 κα<ὶ
2147 1215 2386 1294 το>ῦτο
2417 1213 2488 1276 δέ
2519 1233 2701 1293 φηςι,
2749 1212 2907 1276 καθὸ
2939 1209 3201 1289 οὐδεμία

607 1316 972 1396 ἀντωνυμία
1028 1315 1372 1381 ςυντίθεται
1417 1313 1559 1391 μετ’
1615 1312 1821 1376 ἄλλου
1865 1314 2098 1392 μέρους
2144 1315 2346 1388 λόγου
2391 1314 2429 1390 ἢ
2475 1314 2514 1390 ἡ
2560 1313 2773 1377 αὐτός.
2874 1313 3016 1377 ἀλλ’
3060 1311 3115 1376 εἰ
3158 1314 3197 1390 ἡ

511 1454 570 1502 10
606 1418 800 1482 αὐτός
863 1420 1244 1497 ςυντίθεται,
1313 1415 1433 1479 οὐκ
1496 1414 1907 1493 ἀπεμφαῑνον
1963 1416 2065 1480 καὶ
2117 1416 2234 1500 τὴν
2292 1415 2797 1494 ἰςοδυναμοῦςαν
2862 1419 2936 1496 τῇ
3005 1412 3199 1477 αὐτός

608 1521 1010 1584 ςυντίθεςθαι.
1056 1555 1138 1565 -
1183 1518 1409 1594 Δῆλον
1455 1518 1526 1581 δὲ
1571 1516 1662 1580 ὡς
1705 1515 1744 1593 ἡ
1790 1520 1948 1593 μετὰ
1992 1518 2219 1582 δαςέος
2265 1519 2532 1597 βραχεῖα
2578 1515 2829 1595 ἐκφορὰ
2871 1519 2988 1580 τοῦ
3034 1518 3056 1580 ἰ
3100 1514 3199 1579 ἐλ-

607 1622 794 1699 λειπῆ
840 1621 1038 1699 αὐτὴν
1084 1623 1414 1698 κατέςτηςε
1459 1619 1617 1682 κατὰ
1661 1620 1777 1696 τὴν
1822 1623 2062 1697 χρῆςιν.
2454 1684 2461 1692 ,

779 1721 851 1786 Ἠ
899 1721 981 1786 ὅς
1023 1723 1146 1799 τὴν
1186 1719 1325 1799 ἴςην
1373 1720 1671 1799 ςημαςίαν
1718 1718 1847 1799 ἔχει
1892 1725 1969 1803 τῇ
2015 1718 2231 1796 οὗτος,
3224 1716 3270 1770 Β

864 1822 939 1886 ὃς
979 1824 1104 1900 γὰρ
1151 1821 1454 1887 δεύτατος
1498 1821 1692 1901 ἦλθεν
1738 1821 2011 1900 Ἀχαιῶν
2059 1821 2131 1906 (α
2172 1820 2327 1903 286)

512 1959 573 2007 15
608 1926 713 1989 Καὶ

1825 2008 1902 2072 ὃς
1945 2008 2068 2086 γάρ
2114 2008 2196 2088 ῥα
2239 2008 2504 2087 μάλιςτα

864 2110 1101 2188 ἥνδανε
1146 2110 1441 2189 κηρύκων
1491 2109 1558 2190 (ρ
1608 2106 1786 2193 172)·

610 2213 715 2275 καὶ
756 2210 1037 2277 Πλάτων
1082 2210 1121 2290 ἧ
1166 2212 1223 2275 δ’
1267 2210 1370 2276 ὅς.
1468 2212 1579 2275 Καὶ
1622 2210 1905 2291 <ὁμοίως
1950 2210 2050 2275 καὶ
2094 2210 2132 2288 ἡ
2181 2210 2294 2293 ὁ,>

1232 2304 1237 2309 ’
1406 2312 1443 2376 ὁ
1490 2315 1561 2377 δὲ
1606 2313 1985 2391 προςέειπεν
2032 2310 2093 2398 (ξ
2136 2311 2249 2397 36)

513 2449 581 2497 20
618 2416 759 2481 ἀντὶ
803 2420 920 2480 τοῦ
966 2414 1188 2498 οὗτος,

1271 2516 1309 2581 ὁ
1356 2517 1412 2582 δ’
1459 2515 1758 2595 ἐρεύγετο
1805 2514 2225 2597 οἰνοβαρείων
2271 2517 2322 2598 (ι
2366 2517 2538 2601 374).

616 2620 718 2683 καὶ
772 2622 973 2696 δῆλον
1032 2618 1123 2682 ὡς
1178 2618 1298 2683 ἀπ’
1354 2618 1548 2694 αὐτῆς
1604 2618 1703 2681 καὶ
1746 2618 1785 2696 ἡ
1831 2616 1967 2682 ὅδε
2011 2621 2325 2697 παρῆκται
2371 2621 2471 2683 καὶ
2514 2618 2552 2696 ἡ
2599 2617 2864 2701 οὗτος,
2920 2619 2973 2702 ᾧ
3021 2616 3195 2699 λόγῳ
3237 2629 3279 2685 C

612 2721 715 2786 καὶ
758 2718 889 2784 ἀπὸ
933 2723 1050 2784 τοῦ
1094 2718 1345 2798 τηλίκος
1387 2722 1761 2797 τηλικοῦτος
1792 2718 2150 2801 τηλικόςδε,
2195 2721 2342 2801 (καὶ
2374 2720 2506 2786 ἀπὸ
2536 2723 2654 2785 τοῦ
2684 2718 2914 2802 τόςος>
2943 2718 3204 2783 τοςόςδε

614 2823 716 2886 καὶ
770 2824 1110 2902 τοςοῦτος,
1167 2821 1362 2885 οὐδὲν
1419 2822 1624 2886 πλέον
1683 2820 2070 2899 ςημαίνοντα
2123 2825 2254 2887 τῶν
2310 2822 2780 2901 πρωτοτύπων.
2830 2856 2906 2868 --
2955 2820 3207 2898 Εἴρηται

512 2955 581 3003 25
617 2923 707 2987 ὡς
770 2922 835 2986 αἱ
901 2923 1162 2998 πλάγιαι
1226 2921 1715 3000 ἀναλογώτεραι
1781 2920 1846 2984 αἱ
1911 2921 2042 2986 ἀπὸ
2108 2928 2226 2987 τοῦ
2290 2927 2326 2986 ’τ
2380 2922 2752 3006 ἀρξάμεναι,
2816 2915 3052 2987 τούτου
3107 2921 3211 2984 καὶ

612 3023 858 3105 τούτῳ,
911 3024 1016 3086 καὶ
1057 3028 1246 3088 τοῦδε
1292 3024 1392 3087 καὶ
1434 3027 1631 3106 τῷδε,
1690 3022 1828 3086 ἐπεὶ
1868 3022 1909 3100 ἡ
1954 3023 2215 3103 τοιαύτη
2261 3026 2615 3103 παραγωγὴ
2661 3028 2798 3087 τοῖς
2842 3022 2972 3087 ἀπὸ
3017 3026 3132 3086 τοῦ
3173 3043 3209 3086 τ

616 3123 1002 3204 ἀρχομένοις
1045 3124 1416 3202 παρείπετο.
1515 3123 1685 3188 ἀλλὰ
1730 3120 1852 3203 μὴν
1899 3125 2000 3187 καὶ
2041 3126 2115 3189 τὸ
2163 3126 2545 3208 οὐδέτερον,
2601 3125 2733 3192 ἀπὸ
2777 3129 2894 3188 τοῦ
2937 3128 2974 3189 Y
3016 3123 3207 3202 ἀρχό-

619 3246 818 3306 μενον
864 3226 968 3289 καὶ
1013 3225 1155 3289 κατ’
1200 3226 1487 3307 εὐθεῖαν,
1532 3226 1825 3304 διήλεγχε
1867 3227 1984 3304 τὴν
2032 3224 2319 3306 ἔλλειψιν
2362 3232 2480 3292 τοῦ
2521 3230 2560 3292 ff
2603 3226 2747 3291 κατ’
2791 3225 3045 3290 εὐθεῖαν
3088 3228 3206 3288 τοῦ
3246 3238 3384 3292 72A

620 3326 965 3404 ἀρςενικοῦ
1022 3327 1122 3390 καὶ
1177 3327 1489 3404 θηλυκοῦ,
1555 3325 1684 3403 εἴγε
1741 3327 1820 3389 τὰ
1876 3326 2184 3406 οὐδέτερα
2241 3329 2620 3407 ςυνάρχεται
2670 3311 2805 3392 τοῖς
2862 3327 3214 3406 ἀρςενικοῖς

615 3449 673 3456 .—

752 3510 968 3563 Anovn.
1044 3515 1108 3563 13
1143 3511 1249 3565 Ὃς
1286 3510 1373 3564 est
1406 3510 1505 3563 ubi
1540 3510 1693 3564 idem
1731 3509 2014 3580 significet
2047 3510 2198 3578 quod
2235 3513 2427 3577 οὗτος;
2473 3511 2545 3565 ab
2589 3510 2689 3565 illo
2726 3513 2786 3564 et
2819 3514 2914 3566 ὅδε
2951 3512 3011 3566 et
3044 3512 3211 3565 οὗτος

626 3595 885 3649 derivata
916 3594 1063 3653 sunt.
1100 3624 1164 3634 —
1200 3593 1407 3648 Eorum
1444 3611 1589 3663 quae
1623 3595 1838 3649 formae
1875 3610 1911 3647 a
1942 3601 1978 3648 ἲ
2014 3594 2316 3664 incipiunt,
2354 3596 2674 3666 analogiam
2710 3597 3033 3665 sequuntur.

756 3764 949 3818 Daca.
991 3781 1196 3816 semp-r.
1272 3769 1419 3817 1-2,
1463 3767 1573 3831 τὴν
1610 3765 1798 3831 πύλην
1834 3765 2104 3830 φυλάςςει
2139 3766 2240 3818 aut
2273 3767 2342 3818 τὸ
2378 3767 2568 3832 πύλην
2603 3766 2906 3831 φυλάςςειν
2940 3762 3210 3828 FGSturz,

618 3852 689 3903 τὸ
735 3850 924 3915 πύλην
970 3848 1236 3915 φυλάςςει
1272 3848 1318 3902 Α
1363 3845 1423 3902 et
1465 3847 1504 3900 b
1549 3847 1609 3900 in
1643 3847 1830 3913 textu,
1877 3848 1973 3915 qui
2008 3848 2068 3901 in
2103 3864 2218 3901 var.
2254 3850 2384 3903 lect..
2429 3849 2676 3918 priorem
2712 3848 2917 3902 Sturzii
2952 3847 3215 3902 emenda-

620 3933 837 3986 tionem
879 3932 1167 4000 praestaro
1213 3930 1349 3985 dicit
1390 3934 1400 3996 Ι
1438 3938 1487 3984 2.
1537 3935 1646 3999 τὴν
1691 3933 1869 3999 θύρην
1906 3931 2192 3998 FGSturz‚
2240 3936 2310 3987 τὸ
2348 3935 2526 4001 θύρην
2565 3934 2683 3999 Ab,
2730 3935 2792 3987 ὃς
2829 3934 3020 4000 πύλην
3056 3931 3116 3986 et
3149 3931 3212 3984 ὃς

621 4018 804 4085 θύρην
840 4014 1252 4070 CWachsmuth
1283 4017 1294 4083 Ι
1323 4022 1371 4070 3.
1411 4015 1641 4070 Ῥοδίοις
1675 4015 1869 4083 Noas,
1907 4018 2128 4072 δωδιοις
2155 4018 2247 4071 Ab
2278 4019 2288 4083 Ι
2317 4025 2365 4070 4.
2393 4019 2648 4085 Τρύφων
2683 4017 2836 4085 φηςί]
2873 4016 2968 4070 fol.
3008 4019 3104 4069 165
3127 4032 3170 4067 r.
3202 4015 3209 4082 Ι

530 4151 538 4158 .
623 4116 795 4168 φηςιν
833 4100 875 4154 Α
906 4101 916 4168 Ι
945 4102 1053 4152 τὸν
1086 4100 1179 4153 ἴον
1215 4101 1258 4153 Α
1296 4099 1353 4153 et
1387 4097 1451 4163 b,
1493 4100 1590 4168 qui
1623 4100 1682 4153 in
1719 4117 1835 4154 var.
1871 4100 1999 4158 lect.
2037 4100 2198 4154 iubet
2231 4102 2302 4154 τὸ
2335 4103 2425 4156 ἴον
2451 4101 2680 4171 corrigi,
2718 4102 2784 4155 ut
2806 4100 3011 4169 corrigi
3033 4097 3216 4152 voluit

622 4182 881 4238 FGSturz
910 4186 920 4252 Ι
950 4189 1002 4241 5.
1037 4185 1107 4237 τὸ
1140 4186 1199 4237 ἴα
1224 4184 1287 4250 b,
1322 4201 1428 4237 τον
1449 4187 1507 4237 ἳα
1534 4186 1576 4238 Α
1608 4185 1619 4253 Ι
1650 4190 1697 4238 7.
1723 4186 1946 4239 δἀὐτὸς
1971 4184 2248 4239 Homerus
2276 4188 2287 4249 1
2316 4191 2364 4239 8.
2400 4188 2491 4239 καὶ
2527 4190 2700 4238 τοῦτο
2725 4183 3105 4249 RSkrzeczka,
3142 4198 3214 4236 κα

470 4335 475 4340 ἱ
619 4284 723 4321 υτο
760 4267 853 4321 Ab
902 4269 911 4334 Ι
965 4284 1139 4335 φηςιν
1170 4270 1212 4322 Α
1249 4269 1263 4327 l
1301 4273 1350 4321 9.
1378 4271 1500 4332 μετ’
1534 4268 1597 4333 b,
1634 4286 1773 4335 μετα
1799 4270 1841 4322 Α
1885 4271 1890 4336 Ι
1935 4276 2014 4322 11.
2052 4271 2114 4322 δὲ
2148 4269 2186 4321 b
2221 4269 2280 4322 in
2315 4285 2430 4326 var.
2464 4269 2623 4335 leot„
2658 4270 2766 4337 γὰρ
2792 4268 2884 4323 Ab
2921 4268 3162 4321 intexta
3203 4268 3209 4331 Ι

584 4361 589 4366 ·
624 4356 839 4404 11—12.
877 4354 1111 4418 ελλειπη
1149 4353 1222 4418 Α,
1263 4353 1463 4419 ἐλλιπῆ
1500 4352 1537 4405 b
1578 4357 1716 4424 [12.
1755 4369 2098 4419 κατεςτηκεν
2136 4354 2178 4406 Α
2221 4355 2232 4419 Ι
2275 4360 2357 4408 13.
2394 4353 2682 4422 inscnptio
2717 4370 2851 4420 περι
2886 4369 2989 4405 του
3024 4367 3088 4406 ος
3123 4367 3216 4404 και

621 4452 790 4489 ουτος
827 4451 919 4489 και
954 4437 1050 4490 οδε
1086 4436 1312 4494 maiusc.
1352 4437 1394 4491 Α
1458 4439 1468 4504 1
1536 4441 1613 4493 18.
1654 4438 1754 4490 Καὶ
1779 4438 1990 4501 ὁμοίως
2026 4467 2091 4475 --
2127 4443 2193 4489 22
2229 4440 2320 4490 καὶ
2357 4439 2393 4502 ή
2432 4439 2602 4492 οὗτος
2636 4438 2714 4491 sio
2749 4437 2935 4492 locum
2969 4433 3218 4489 restituit

625 4517 865 4589 GUhlig,
940 4520 1040 4574 Καὶ
1076 4523 1252 4587 δῆλον
1289 4521 1367 4574 ὡς
1404 4520 1509 4573 ἀπ’
1546 4521 1732 4586 αὐτῆς
1769 4523 1858 4574 καὶ
1895 4522 1931 4585 ἡ
1970 4522 2065 4574 ὅδε
2104 4526 2388 4587 παρῆκται
2424 4524 2514 4575 καὶ
2549 4523 2586 4588 ἡ
2622 4523 2819 4588 οὗτος,
2890 4523 2986 4575 ὅδε
3020 4520 3215 4587 προςέ-

623 4620 785 4657 ειπεν
852 4603 982 4657 ἀντὶ
1005 4610 1109 4657 τοῦ
1137 4605 1333 4659 οὗτος·
1405 4606 1490 4658 ὅδ’
1512 4604 1778 4670 ἐρεύγετο
1802 4604 2198 4671 οἰνοβαρείων·
2227 4605 2348 4672 Ab,
2388 4605 2515 4659 ἀντὶ
2538 4610 2642 4660 τοῦ
2669 4605 2852 4662 οὗτος.
2924 4607 3013 4659 καὶ
3038 4605 3215 4671 δῆλον

622 4689 701 4740 ὼς
727 4687 836 4740 ἀπ’·
857 4688 1035 4756 αὐτῆς
1061 4690 1151 4743 καὶ
1176 4690 1210 4754 ἡ
1237 4690 1332 4742 ὅδε
1357 4692 1640 4755 παρῆκται
1665 4688 1755 4741 καὶ
1779 4689 1813 4753 ἡ
1840 4688 2038 4743 οὗτος·
2064 4689 2255 4743 eiectie
2281 4689 2533 4744 versibus
2551 4688 2784 4743 Homeri
2811 4685 3177 4742 RSkrzeozka
3203 4683 3209 4750 Ι

620 4774 700 4824 23.
742 4773 831 4826 καὶ
868 4771 987 4825 ἀπὸ
1022 4776 1127 4826 τοῦ
1164 4773 1330 4828 τόςος
1365 4772 1437 4840 b,
1476 4787 1584 4827 om.
1623 4773 1665 4826 A
1707 4773 1714 4835 Ι
1761 4778 1840 4828 25.
1880 4773 2114 4838 πλαγίαι
2147 4771 2183 4825 b
