3738 5530
476 610 502 649 5

457 1027 505 1065 10

453 1432 503 1471 15

454 1840 508 1879 20

1362 291 1485 340 ΔΕι
1525 291 1619 339 ΕΤ
1654 289 1805 339 ΧΡΗ
1843 290 2086 340 VERBA
2126 289 2332 340 st'r.
3026 287 3148 350 129

552 490 1087 568 διαλέγεεθαι·
1130 492 1332 571 μέλω
1376 491 1524 567 ἐγὼ
1558 492 1982 572 (ωκράτει,
2031 492 2299 568 μέλειε
2342 492 2424 556 εὺ
2457 491 2884 573 (ωκράτει,
2932 492 3150 569 μέλει

554 594 860 659 ἐκεῖνος
907 594 1331 673 (ωκράτεν
1387 595 1780 674 τύπτομαι
1826 595 1977 671 ἐγὼ
2036 593 2189 658 ύπό
2237 592 2715 671 Διογένους,
2774 594 3017 677 τύπτῃ
3065 594 3149 658 εὺ

554 696 699 762 ὑπὸ
765 696 1240 778 Διογένους,
1314 694 1684 761 τύπτεται
1757 696 2064 762 ἐκεῖνος
2133 695 2284 760 ὑπὸ
2360 695 2825 771 Διογένους.
2921 697 3001 760 τὰ
3075 698 3145 759 δὲ

554 798 946 879 ἐπιρρήματα
1012 799 1159 863 καθ’
1226 799 1340 862 ἕνα
1405 797 1858 879 εχηματιεμόν,
1924 797 2324 875 ἑλληνιετὶ
2389 800 2602 873 λέγω
2670 798 2856 880 ἐγὼ,
2924 798 3144 875 ἑλλη·

554 902 756 966 νιετὶ
810 901 1078 975 λέγει(
1137 900 1249 979 εύ,
1310 900 1705 977 ἑλληνιετὶ
1761 900 1974 975 λέγει
2029 900 2356 964 ἐκεῖνος.
2432 901 2531 963 καί
2575 899 2627 965 εἰ
2671 899 2821 964 καθ’
2872 899 2986 963 ἕνα
3028 902 3144 964 τὸν
3182 907 3213 953 5

555 1003 970 1083 (χηματιεμόν
1014 1003 1134 1080 ἤδη
1180 1002 1391 1082 φαμὲν
1438 1002 1569 1082 ἐμὲ
1614 1004 1734 1066 δεῖ
1776 1002 2149 1083 γράφειν,
2210 1004 2284 1067 (ὲ
2336 1005 2459 1066 δεῖ
2510 1003 2892 1085 γράφειν,
2945 1001 3147 1066 ἐκεῖ·

554 1124 697 1170 νον
744 1106 866 1169 δεῖ
908 1105 1284 1183 γράφειν·
1337 1104 1463 1181 ἐμὲ
1508 1105 1645 1182 χρὴ
1687 1103 2056 1187 γράφειν,
2103 1105 2180 1167 (ὲ
2223 1105 2367 1182 χρὴ
2413 1104 2785 1187 γράφειν,
2833 1104 3147 1169 ἐκεῖνον

554 1207 698 1286 χρὴ
753 1207 1125 1286 γράφειν,
1184 1208 1382 1286 εαφὲε
1427 1205 1524 1269 ὅτι
1570 1207 1672 1270 καὶ
1719 1208 1876 1272 κατὰ
1919 1207 2034 1283 τὴν
2081 1205 2383 1284 τοιαύτην
2437 1205 2700 1270 ἔννοιαν
2755 1206 3148 1284 ἐπιρρήματά

555 1310 742 1375 ἐςτιν.
791 1345 870 1354 —
929 1307 1060 1371 Ἔτι
1116 1307 1414 1382 ἑγκλίεειε
1470 1308 1777 1388 διάφοροι
1834 1309 1994 1372 κατὰ
2050 1310 2126 1372 τὸ
2183 1307 2341 1370 αὐτὸ
2390 1306 2468 1371 ού
2514 1308 3144 1389 παραλαμβάνονται,

555 1410 662 1476 ὅτε
721 1412 803 1490 μὴ
858 1410 940 1473 τὰ
985 1408 1231 1487 ῥήματα
1273 1409 1684 1488 προαιρετικά
1729 1410 1926 1490 ἐςτιν,
1973 1407 2070 1473 oie
2116 1411 2594 1488 παρακολουθεῖ
2635 1410 2711 1473 τὸ
2768 1410 2923 1488 μετὰ
2981 1410 3145 1475 ἀπα-
3192 1413 3253 1461 ¹0

557 1512 902 1592 ρεμφάτων
934 1511 1402 1592 ευντάεεεεθαι,
1452 1511 1831 1591 βούλομαι
1874 1511 2250 1591 γράφειν,
2299 1512 2500 1575 θέλω
2534 1509 3149 1593 ἀναγινώε-κειν,

556 1615 954 1695 βούλομαι
996 1614 1491 1692 φιλολογεῖν.
1554 1611 1714 1691 ἄλλη
1747 1614 1873 1692 γὰρ
1904 1612 2127 1678 ἔννοια
2161 1613 2459 1692 ῥημάτων
2493 1612 2612 1678 οὐκ
2643 1610 3146 1690 εὐπαράδεκτοε.

556 1716 636 1781 οὐ
691 1718 816 1794 γὰρ
878 1715 1088 1796 φαμὲν
1145 1714 1427 1794 γράφω
1484 1714 1918 1780 τύπτεεθαι
1972 1714 2009 1792 ἤ
2067 1736 2122 1778 τι
2179 1722 2310 1780 τῶν
2356 1713 2563 1780 οὕτω(
2607 1715 2997 1792 λεγομένων.
3071 1715 3150 1778 τὰ

560 1820 636 1897 δὴ
685 1816 804 1882 οὖν
851 1816 1238 1895 προκείμενα
1282 1815 1336 1880 εἰ
1381 1819 1495 1894 μὲν
1542 1816 1788 1896 ῥήματά
1834 1817 2030 1900 ἐςτιν,
2089 1816 2339 1897 ὀφείλει
2384 1817 2796 1896 προαιρετικά
2840 1815 3035 1881 εἶναι·
3097 1815 3151 1880 εἰ

556 1921 628 1983 δὲ
673 1918 752 1985 οὐ
799 1919 1242 2000 προαιρετικά,
1289 1917 1370 1983 οὐ
1416 1918 1691 2001 ῥήματα,
1738 1919 2203 1995 ευνταεεόμενα
2248 1917 2793 1999 ἀπαρεμφάτοιε.»
3193 1920 3249 1966 ¹5

724 2020 866 2084 Ὅτι
911 2021 982 2084 δὲ
1029 2019 1274 2099 ῥήματά
1319 2019 1446 2084 ἐετι
1488 2022 1569 2084 τὰ
1608 2020 1998 2100 προκείμενα
2037 2020 2245 2101 μόρια,
2296 2022 2495 2100 εαφὲε
2526 2020 2844 2084 ἐντεῦθεν.
2881 2053 2960 2064 —-
3004 2019 3149 2083 Πᾶν

557 2121 1026 2201 ἀπαρέμφατον
1072 2119 1282 2200 ὄνομά
1326 2121 1451 2184 ἐετι
1496 2122 1885 2199 πράγματος,
1933 2121 2032 2184 καὶ
2078 2119 2131 2185 εἰ
2176 2120 2341 2186 ἔετιν
2388 2121 2615 2203 εἰπεῖν,
2662 2119 2822 2184 αὐτὸ
2863 2121 2937 2182 τό
2983 2139 3147 2193 γενι-

556 2224 847 2288 κώτατον
915 2221 1083 2301 ῥῆμα
1145 2224 1220 2287 τὸ
1277 2222 1765 2312 παρυφιετάνον
1831 2223 1907 2287 τὸ
1971 2224 2089 2288 οὐκ
2147 2222 2562 2301 ἐγγινόμενον
2628 2223 2698 2286 ἐν
2757 2222 3150 2300 προεώποιε,

557 2326 875 2389 τουτέετιν
920 2324 957 2387 ὃ
999 2325 1187 2402 δηλοῖ
1225 2324 1300 2387 τὸ
1346 2324 1833 2403 ἀπαρέμφατον.
1897 2324 2048 2389 ὅθεν
2080 2326 2180 2388 καὶ
2214 2327 2372 2390 κατὰ
2406 2325 2559 2388 τοὺς
2602 2323 2870 2387 δέοντα(
2913 2323 3151 2398 λόγου(

558 2425 800 2505 ἄρθρου
845 2425 975 2489 ἑετὶ
1018 2425 1460 2502 προεδεκτικά,
1508 2424 1644 2489 ἐπεὶ
1689 2424 1856 2490 ἅπαξ
1902 2427 2370 2506 παρυφίεταται
2415 2423 2760 2504 ὀνοματικὴ
2804 2423 3151 2501 κατηγορία
3188 2425 3255 2473 20

558 2531 676 2591 τοῦ
722 2526 1114 2606 πράγματος.
1189 2527 1448 2591 κάκεῖνο
1495 2526 1566 2590 δέ
1611 2525 1775 2590 ἐςτιν
1821 2526 2054 2606 ἀληθές
2067 2577 2085 2609 ,
2132 2527 2223 2592 ὼε
2266 2528 2346 2591 τὰ
2392 2526 2635 2606 ῥήματα
2679 2525 2853 2589 θέλει
2897 2524 3151 2590 ευντάε-

561 2633 766 2692 εεεθαι
795 2630 930 2692 τοῖς
960 2630 1301 2691 πτωτικοῖε
1333 2627 1371 2704 ἢ
1407 2627 1496 2692 ωε
1526 2631 1887 2692 πτωτικοῖε.
1949 2629 2051 2692 καὶ
2084 2630 2162 2707 δὴ
2192 2630 2272 2692 τὰ
2300 2627 2691 2707 προκείμενα
2719 2630 2852 2690 τῶν
2885 2626 3152 2708 μορίων,

562 2729 805 2809 ῥήματα
849 2733 1240 2811 καθεετῶτα,
1298 2727 1591 2796 εύνταξιν
1637 2732 1911 2794 ποιεῖται
1954 2731 2070 2809 τὴν
2116 2729 2205 2796 εἰ(
2248 2731 2329 2795 τὰ
2376 2727 2805 2808 ἀπαρέμφατα
2852 2727 2942 2793 ὼε
2987 2748 3152 2792 πτω-

558 2831 715 2908 τικά,
765 2829 872 2894 ὅτε
921 2830 1193 2911 λέγομεν
1242 2828 1471 2913 οὕτως,
1517 2833 1637 2894 δεῖ
1678 2835 2183 2907 περιπατεῖν·
2231 2832 2509 2910 εημαίνει
2553 2832 2677 2908 γὰρ
2722 2832 2797 2893 τὸ
2829 2833 3150 2905 τοιοῦτον,

562 2931 817 2996 λείπει
874 2930 912 2995 ὁ
971 2931 1421 3009 περίπατος.
1508 2934 1608 2996 διὸ
1666 2933 1767 2997 καὶ
1821 2935 2001 2997 δοκεῖ
2054 2954 2161 3012 μοι
2219 2935 2325 2997 διὰ
2381 2935 2575 2996 τοῦτο
2641 2931 2751 2995 ἐπ’
2807 2929 3149 3008 αἰτιατικὴν
3188 2932 3254 2981 25

564 3034 862 3113 φέρεεθαι
918 3032 956 3097 ὁ
1016 3032 1448 3112 εχηματιεμόε.
1538 3032 1657 3098 ὅεα
1710 3034 1833 3113 γὰρ
1890 3033 2002 3099 ἐπ’
2056 3034 2306 3099 εὐθείας
2363 3037 2606 3097 νοεῖται
2661 3033 2817 3111 μετὰ
2876 3032 3155 3112 ῥήματος

564 3139 680 3200 τοῦ
748 3133 1090 3218 ευνόντοε,
1157 3139 1355 3199 ταῦτα
1420 3137 1534 3214 τὴν
1600 3135 1932 3212 ἐνέργειαν
1999 3138 2391 3215 μετατίθηειν
2458 3134 2563 3199 ἐπὶ
2615 3135 2731 3212 τὴν
2790 3133 3151 3211 αἰτιατικὴν,

562 3236 837 3300 τύπτει
897 3236 1332 3301 Διονύειοε
1392 3235 1960 3300 Ἀπολλώνιον·
2032 3235 2157 3300 ἔετι
2222 3239 2345 3317 γὰρ
2414 3236 2453 3313 ἡ
2519 3234 2789 3300 διάθεειε
2848 3235 2979 3299 ἀπὸ
3036 3239 3153 3300 τοῦ

562 3338 817 3403 τύπτειν
876 3337 988 3401 ἐπ’
1045 3337 1385 3415 αἰτιατικὴν
1440 3340 1735 3414 μετιοῦεα
1792 3338 1907 3415 τὴν
1963 3337 2424 3403 Ἀπολλώνιον.
2500 3337 2616 3400 κᾶν
2675 3336 2743 3400 ἐν
2804 3340 3018 3419 δοτικῇ
3079 3337 3150 3400 δέ

563 3459 723 3503 ποτε
789 3438 826 3503 ὁ
893 3440 1306 3518 εχηματιεμὸε
1370 3439 1628 3514 γένηται
1694 3439 1732 3516 ἢ
1798 3445 2048 3522 γενικῇ,
2120 3440 2313 3504 πάλιν
2384 3437 2550 3503 ἔετιν
2618 3438 2946 3513 ἐπινοῆεαι
3021 3439 3142 3516 τὴν
3186 3441 3251 3487 30

699 3605 916 3660 Ancvu.
966 3612 997 3659 9
1020 3608 1067 3673 4)
1092 3605 1243 3674 quod
1270 3604 1474 3659 diversi
1499 3604 1653 3658 modi
1677 3604 2038 3672 (indicativus
2060 3605 2393 3675 infinitivus)
2418 3621 2530 3659 non
2551 3604 2780 3669 cocunt,
2806 3602 2913 3655 nisi
2938 3602 2983 3655 si
3009 3602 3156 3656 alt-er

564 3689 943 3757 (indicativus)
980 3690 1066 3744 est
1100 3688 1259 3743 verbi
1296 3686 1586 3757 cupiendi;
1624 3688 1724 3742 illa
1757 3690 1934 3759 igitur
1969 3692 2069 3744 aut
2100 3690 2187 3743 his
2213 3688 2636 3743 adnumeranda
2658 3688 2788 3741 sunt
2822 3686 2993 3755 (quod
3033 3685 3154 3740 fieri

565 3774 805 3842 nequit),
837 3775 937 3826 aui:
970 3788 1072 3842 pro
1097 3773 1379 3827 adverbiis
1402 3772 1680 3827 habenda..
1710 3810 1770 3817 —
1803 3780 1862 3827 16
1887 3775 1965 3827 At
1987 3775 2120 3828 sunt
2144 3774 2332 3828 verba..
2359 3804 2425 3813 —
2452 3773 2643 3828 Omnis
2670 3772 2818 3824 enim
2844 3770 3154 3824 infinitivus

566 3859 650 3911 est
683 3874 889 3912 nomen
926 3857 1161 3912 actionis
1199 3857 1254 3925 (i.
1282 3874 1330 3915 e.
1368 3850 1543 3911 solam
1581 3857 1859 3911 actionem
1885 3859 2143 3927 indicat),
2179 3874 2353 3927 quare
2378 3860 2445 3913 ut
2467 3874 2672 3912 nomen
2698 3856 3053 3924 (subiectum)
3082 3856 3153 3910 ad

563 3942 798 3996 verbum
837 3941 1067 3998 accedit,
1141 3941 1208 3994 In
1241 3941 1328 3995 his
1361 3940 1536 4010 igitur
1569 3945 1655 3997 δεῖ
1690 3950 2017 4009 περιπατεῖν
2053 3943 2364 3996 infinitivus
2399 3942 2714 3996 subiectum
2739 3941 2826 3994 osb
2860 3941 2943 3995 δεῖ
2978 3940 3152 4000 verbi.

1577 4097 1580 4159 J
1611 4101 1658 4149 3.
1697 4096 1879 4150 εκεινΟ
1905 4098 1948 4151 Α
1980 4095 1988 4162 1
2020 4101 2067 4150 5.
2097 4112 2159 4150 cu
2184 4110 2355 4164 supra
2377 4093 2475 4148 lin.
2496 4095 2572 4147 Ax
2609 4097 2617 4159 1
2645 4099 2693 4147 ’1.
2720 4109 2826 4159 χρη
2864 4109 3033 4161 supra
3054 4092 3153 4146 lin.

1604 4180 1804 4234 αὐτοῦ’
1844 4180 1882 4232 b
1928 4180 1986 4232 in
2024 4194 2138 4233 var.
2175 4179 2307 4233 lech.
2369 4179 2380 4247 Ι
2447 4184 2525 4236 10.
2564 4180 3016 4244 παραακολουθει
3056 4180 3099 4233 Α
3140 4178 3147 4246 Ι

1577 4280 1643 4317 ιαι
1679 4280 1782 4332 pro
1820 4267 2090 4331 βούλομαι
2116 4261 2530 4318 CWachsmuth
2561 4264 2569 4330 Ι
2603 4279 2756 4317 ενοια
2795 4265 2836 4316 Α
2869 4266 2877 4329 Ι
2914 4269 2990 4318 13.
3026 4279 3054 4316 c
3088 4262 3149 4315 in

1597 4351 1638 4402 Α
1671 4351 1680 4415 Ι
1714 4352 1792 4404 17.
1832 4348 1882 4402 εἰ
1916 4347 2071 4402 delet
2095 4346 2544 4402 GFSchoemann
2575 4348 2583 4411 1
2617 4352 2697 4403 18.
2726 4347 3150 4413 παρυφιετάνον

1607 4432 1697 4488 Ab
1730 4434 1738 4499 1
1772 4438 1852 4487 19.
1889 4438 2062 4487 τοῦτο
2097 4434 2389 4499 *scip-&cvm
2425 4431 2518 4485 vel
2552 4433 2642 4485 καὶ
2666 4432 2841 4485 τοῦτό
2866 4432 3013 4485 ἐςτιν
3047 4447 3150 4500 pro

1577 4534 1694 4573 (τιν
1730 4547 1795 4557 -
1832 4518 2245 4585 ἀπαρέμφατον
2270 4516 2405 4570 eicit
2429 4515 2842 4569 CWachsmuth
2874 4518 2882 4581 Ι
2914 4521 2995 4573 20,
3023 4517 3148 4570 bvo-

1589 4604 1901 4670 ὀνοματικῇ
1923 4601 2229 4671 κατηγορίᾳ
2245 4602 2333 4654 Ab
2367 4605 2375 4665 Ι
2408 4601 2631 4668 27.post
2644 4615 2826 4654 ταυτα
2844 4600 3148 4668 repetitum

1577 4686 1681 4739 lim
1717 4684 1919 4739 iterato
1957 4684 2194 4739 articulo
2219 4687 2253 4751 ἡ
2281 4686 2419 4739 ἀπὸ’
2445 4684 2483 4737 b
2506 4684 2565 4737 in
2589 4700 2706 4738 var.
2732 4684 2862 4740 lect.
2896 4685 2905 4752 Ι
2936 4690 3017 4738 29.
3043 4685 3152 4751 τὴν

1577 4770 1711 4837 ενικῆ
1742 4773 1785 4826 Α

2714 4858 2745 4907 9
