3738 5530
628 269 1070 326 Commentarius
1099 270 1327 326 criticus
1356 273 1415 326 et
1441 270 1763 340 exegeticus
1791 270 1851 324 in
1879 269 2167 341 Apollonii
2195 269 2422 340 Dyscoli
2450 268 2663 341 scripta
2689 270 2921 326 minora.
2996 271 3128 337 263

512 443 806 519 pristinae
852 441 1291 518 epirrhematici
1346 440 1700 501 conditionis
1753 440 2056 518 putandae
2103 442 2323 500 essent:
2379 441 2430 501 si
2478 442 2665 500 altero
2720 458 2952 517 semper
2995 441 3125 502 loco

512 532 586 591 de
633 533 843 607 forma,
889 532 1077 590 altero
1124 530 1196 589 de
1243 532 1482 590 notione
1530 533 1821 609 ageretur.
1916 528 2031 589 Sed
2075 530 2180 589 ubi
2224 531 2441 589 iterum
2477 530 2550 590 de
2597 529 2892 590 adverbiis
2938 530 3001 589 in
3047 529 3124 592 (Τυ

510 623 713 699 agitur
770 622 915 696 193,
938 622 1220 695 20-28,
1271 639 1464 696 116(1116
1518 619 1844 696 (1111(1(1116111
1896 620 2199 695 profertur
2243 620 2403 696 quod
2459 620 2535 679 ad
2588 621 2890 680 notionem
2942 623 3124 698 perti-

509 713 677 787 neat,
724 713 785 769 et
831 711 1032 770 omnia
1075 712 1312 787 praeter
1357 728 1428 769 ea
1473 729 1624 786 quae
1669 709 1952 787 leguntur
1995 710 2034 767 l.
2076 711 2157 768 25
2206 703 2286 783 ἦν
2333 705 2405 769 δέ
2441 740 2529 752 --
2569 711 2649 768 26
2698 705 2775 770 τὸ
2826 708 2955 770 ποῦ
3000 712 3124 770 16111

509 818 690 877 supra
739 800 885 873 176,
908 801 1122 858 8—27
1172 802 1433 859 tractata
1478 801 1631 859 sunt.
1705 798 1954 858 Accedit
1990 799 2148 875 quod
2194 800 2485 875 expositio
2531 798 2603 858 de
2651 798 2944 859 adverbiis
2990 800 3053 859 in
3091 816 3121 861 ε

508 889 705 949 media
673 890 1219 1060 i)nterrumpitur.
1311 887 1506 958 Quare
1552 888 1745 948 delere
1790 888 1899 947 illa
1952 906 2070 947 non
2117 887 2389 993 dubitavi
2441 881 2791 970 (assentitur
2836 888 3123 950 Matthias

687 1066 909 1127 Contra
962 1069 1239 1144 apparet,
1302 1085 1455 1144 quae
1514 1068 1713 1144 priore
1767 1067 1899 1126 loco
1954 1065 2027 1126 de
2092 1064 2387 1126 adverbiis
2441 1066 2505 1126 in
2557 1058 2621 1126 ὒῖ
2674 1069 3123 1145 praecipiuntur

507 1149 685 1239 (163,
708 1148 981 1238 7—27),
1046 1156 1122 1216 ad
1176 1156 1455 1232 formam,
1517 1175 1671 1234 quae
1726 1156 1917 1216 altero
1977 1155 2110 1216 loco
2164 1156 2450 1216 docentur
2503 1148 2682 1238 (192,
2704 1158 2874 1216 15—
2883 1159 3027 1235 193,
3049 1151 3120 1240 4)

507 1247 583 1305 ad
639 1247 942 1306 notionem
995 1249 1289 1323 spectare3
1343 1245 1501 1304 idem
1556 1245 1868 1305 dicendum
1924 1248 2016 1305 est
2068 1245 2141 1305 de
2197 1244 2419 1322 duplici
2475 1246 2888 1306 adverbiorum
2941 1247 3005 1306 in
3063 1267 3115 1309 ω

507 1332 686 1418 (165,
708 1338 899 1412 20sq.
955 1338 1016 1395 et
1074 1336 1220 1409 195,
1243 1326 1461 1417 23sq.)
1516 1337 1579 1394 et
1636 1336 1697 1394 in
1753 1334 1828 1411 ᾥῐ
1888 1326 2067 1416 (163,
2090 1336 2170 1394 28
2193 1353 2278 1412 sq.
2334 1337 2396 1395 et
2453 1337 2599 1410 194,
2623 1328 2841 1417 2266.)
2895 1339 3114 1398 tracta·

504 1426 693 1485 tione:
740 1444 1100 1502 quamquam
1144 1426 1363 1484 mirum
1409 1443 1527 1484 non
1573 1427 1664 1484 est
1699 1423 2084 1501 Apollonium
2130 1419 2226 1484 ‘de
2272 1425 2511 1484 notione
2547 1424 2953 1501 disputantem
2996 1447 3116 1487 non

503 1515 696 1574 vereri
750 1514 1287 1574 animadversiones
1342 1513 1414 1573 de
1469 1513 1675 1574 formis
1729 1515 1853 1573 iam
1909 1516 2085 1574 antea
2139 1513 2395 1574 traditas
2455 1508 2789 1574 adnectere'
2846 1508 3115 1598 (Dronke

505 1605 632 1664 344
681 1596 872 1685 extr..)

678 1693 883 1771 Longe
938 1696 1139 1752 autem
1194 1693 1362 1753 abest
1415 1692 1935 1769 epirrhematicum
1989 1692 2165 1768 quale
2218 1711 2376 1753 nunc
2428 1693 2648 1771 legitur
2702 1696 2772 1753 ut
2816 1693 3115 1771 duplicem

503 1784 766 1842 omnium
821 1802 1101 1861 generum
1156 1782 1572 1843 adverbiorum
1624 1782 2079 1860 explicationem
2122 1782 2431 1859 praebeat:
2484 1783 2667 1843 immo
2722 1783 3114 1860 plurimorum

502 1874 727 1933 formae
785 1871 1198 1932 tantummodo
1258 1872 1676 1950 expediuntur,
1737 1890 1940 1931 eorum
2000 1890 2150 1947 quae
2210 1873 2273 1930 in
2332 1871 2403 1932 fe
2461 1869 2534 1933 ἴε
2591 1866 2662 1935 ἴε
2719 1867 2838 1933 iffi
2899 1878 3115 1935 exeunt

501 1962 677 2022 unius
723 1963 982 2022 notionis
1028 1963 1184 2022 ratio
1230 1961 1496 2021 habetur.
1590 1960 1754 2031 Quae
1800 1961 2042 2037 quidem
2086 1961 2492 2021 inconstantia
2535 1961 2664 2022 fieri
2708 1963 2948 2023 omnino
2993 1985 3111 2024 non

499 2052 701 2127 potest
744 2053 814 2111 ut
858 2052 1132 2128 scriptori
1177 2054 1523 2128 imputetur,
1578 2050 1681 2110 sed
1726 2050 2161 2110 concedendum
2209 2051 2324 2110 erit
2367 2052 2636 2112 Dronkio
2683 2046 2928 2113 ‘novum
2973 2054 3110 2114 inde

500 2140 787 2200 indicium
833 2141 1105 2201 accedere
1150 2143 1464 2218 corruptae
1509 2140 1683 2199 huius
1728 2140 1869 2199 libri
1913 2134 2309 2200 conditionis'.

1734 2353 1871 2415 VII.

678 2496 826 2558 Cum
870 2498 1111 2557 Dronke
1157 2498 1303 2558 satis
1347 2497 1593 2557 haberet
1637 2497 2039 2571 demonstare,
2090 2495 2310 2556 librum
2355 2496 2428 2557 de
2482 2497 2762 2558 adverbio
2807 2501 3001 2576 qualis
3046 2502 3109 2559 in

501 2588 699 2648 codice
735 2589 792 2647 A
828 2589 1049 2666 legitur
1092 2587 1441 2647 lacunosum
1486 2605 1638 2647 esse:
1682 2586 1971 2646 Matthias
2008 2586 2039 2644 Ι
2079 2587 2293 2645 5-18
2342 2586 2456 2646 sibi
2500 2589 2812 2665 proposuit
2852 2590 3108 2666 epirrhe-

497 2679 704 2738 matici
757 2697 888 2738 eam
943 2678 1252 2736 restituere
1309 2678 1416 2736 aut
1469 2675 1795 2736 describere
1848 2677 2198 2754 imaginem,
2256 2695 2464 2754 quam,
2523 2696 2656 2736 cum
2710 2696 2782 2736 ex
2834 2680 3108 2739 manibus

499 2769 758 2828 auctoris
806 2769 1008 2842 exiret,
1052 2765 1396 2845 praebuisse
1442 2764 1558 2827 sibi
1592 2765 1908 2827 videretur.
1983 2765 2194 2843 ltaque
2237 2769 2497 2844 primum
2509 2770 2770 2848 ,quaerit
2804 2768 2877 2828 de
2923 2772 3108 2830 totius

498 2858 935 2934 epirrhematici
982 2851 1212 2917 ‘ordine
1260 2860 1321 2917 et
1366 2857 1611 2916 consilio
1658 2859 1719 2915 et
1762 2876 1909 2914 num
1954 2875 2104 2931 quae
2149 2856 2582 2934 promittuntur
2627 2859 2827 2917 omnia
2871 2859 3106 2918 solvan·

496 2941 639 3006 tur'.
729 2947 861 3006 Iam
904 2965 1044 3006 vero
1090 2965 1226 3005 cum
1269 2945 1383 3022 Ap.
1429 2946 1799 3022 polliceatur,
1846 2963 1909 3004 se
1953 2947 2145 3004 totam
2192 2944 2264 3004 de
2312 2946 2593 3006 adverbio
2639 2946 3106 3024 disputationem

496 3036 560 3095 in
607 3036 754 3095 duos
801 3032 1055 3107 λόγους,
1104 3030 1194 3095 εἰ(
1237 3031 1355 3095 τὸν
1401 3031 1548 3110 περὶ
1592 3033 1705 3108 τῆς
1752 3029 2004 3095 ἐννοίας
2042 3037 2103 3093 et
2139 3029 2228 3095 εἰ(
2273 3031 2390 3095 τὸν
2435 3032 2582 3110 περὶ
2626 3036 2743 3096 τοῦ
2787 3034 3105 3112 (χήματοε

493 3124 607 3199 τῆ(
663 3124 889 3200 φωνῆς
934 3124 1264 3184 divisurum
1309 3142 1464 3184 esse:
1511 3125 1817 3200 quaeritur
1872 3125 2066 3183 sintne
2112 3142 2183 3183 ea
2228 3143 2380 3200 quae
2431 3127 2577 3200 119,
2599 3126 2879 3202 5—126‚
2902 3129 2983 3186 23
3031 3128 3105 3187 de

496 3214 836 3274 definitione
889 3216 1126 3273 nomine
1182 3213 1571 3273 collocatione
1627 3212 1894 3273 adverbii
1954 3213 2361 3289 proferuntur,
2422 3233 2533 3290 pro
2595 3217 2726 3274 tota
2790 3234 2861 3274 ea
2925 3236 3105 3292 quam

495 3307 673 3364 antea
725 3303 1015 3363 indicavit
1058 3303 1352 3380 Dyscolus
1406 3299 1553 3378 περὶ
1608 3298 1861 3363 ἐννοίας
1917 3302 2280 3379 expositione
2329 3302 2615 3364 habenda.
2709 3303 2875 3374 Quod
2923 3309 3106 3383 negat

493 3393 780 3453 Matthias
837 3385 1000 3476 (6-
1012 3385 1105 3474 7);
1168 3411 1308 3451 116111
1361 3393 1431 3451 ut
1490 3393 1557 3451 in
1615 3390 1984 3469 syndesmico
2043 3391 2536 3470 significationem
2595 3393 3103 3472 disiunctivarum,

493 3483 838 3558 6611661111111,
881 3483 1308 3558 expletivarum
1346 3481 1409 3540 in
1445 3482 1785 3541 universum
1822 3481 2117 3557 explanet,
2161 3482 2250 3541 ita
2285 3481 2478 3541 facere
2514 3501 2649 3541 eum
2684 3503 2803 3543 non
2838 3483 3103 3560 potuisse

493 3575 638 3649 quin
692 3573 756 3630 in
811 3571 1263 3648 epirrhematico
1309 3571 1381 3629 de
1427 3571 1798 3649 singularum
1844 3570 2110 3630 adverbii
2156 3572 2435 3631 classium
2488 3574 2727 3631 notione
2775 3572 3100 3633 dissereret.

493 3661 624 3730 Qua
668 3661 742 3720 de
786 3680 850 3721 1·6
896 3680 1029 3721 611111
1074 3661 1334 3720 Matthia
1379 3661 1699 3735 consentio,
1758 3679 1948 3737 neque
1994 3659 2289 3720 diversam
2343 3660 2526 3721 fuisse
2570 3661 2825 3721 Dronkii
2870 3665 3102 3721 senten·

490 3751 640 3811 tiam
688 3771 720 3811 e
766 3750 962 3810 verbis
1018 3750 1144 3810 eius
1191 3752 1463 3826 quamvis
1518 3752 1691 3809 caute
1747 3749 2000 3826 prolatis
2048 3741 2235 3832 (346)
2282 3749 2428 3810 satis
2484 3750 2642 3810 clare
2688 3751 2892 3810 elucet.
2986 3751 3101 3812 Sed

490 3842 757 3900 nascitur
801 3839 937 3899 inde
985 3842 1254 3915 quaestio
1297 3838 1666 3915 perdifficilis
1708 3838 1779 3897 de
1826 3838 1964 3898 sede
2009 3839 2365 3915 placitorum
2403 3858 2555 3915 quae
2601 3858 2756 3900 nunc
2791 3839 3102 3917 deperdita

491 3949 618 3990 6666
670 3948 1019 4007 persuasum
1072 3928 1371 3988 habemus.
1462 3928 1543 3987 Et
1586 3928 1874 3988 Matthias
1931 3928 2168 4004 quidem
2223 3929 2488 3988 evincere
2547 3928 2749 3988 studet
2801 3930 2909 3988 illa
2954 3927 3101 4006 περὶ

493 4015 745 4080 ἐννοίας
798 4019 1167 4097 singularum
1220 4016 1635 4078 adverbiorum
1680 4018 1960 4077 classium
2012 4021 2331 4095 praecepta
2384 4021 2763 4078 antecessisse
2809 4019 3101 4079 formulae

491 4127 645 4184 quae
685 4110 832 4184 126,
852 4110 935 4167 24
974 4107 1196 4186 legitur
1232 4104 1335 4168 καὶ
1378 4106 1658 4167 τοεαῦτα
1704 4104 1820 4182 μὲν
1856 4103 2002 4183 περὶ
2039 4107 2150 4180 τῆ(
2189 4102 2443 4167 ἐννοίας
2488 4106 2604 4168 τοῦ
2645 4103 3098 4183 ἐπιρρήματοεε

490 4217 631 4257 116111
674 4217 865 4275 116(1116
907 4196 1296 4275 Apollonium
1338 4215 1530 4272 neque
1574 4196 2063 4272 interpolatorem
2107 4197 2252 4256 haec
2292 4197 2476 4256 verba
2520 4196 2772 4257 scribere
2815 4199 3100 4274 potuisse,

488 4288 605 4347 nisi
651 4307 723 4346 ea
768 4306 918 4363 quae
963 4289 1038 4346 iis
1084 4286 1515 4347 concluduntur
1557 4306 1620 4345 re
1665 4305 1809 4345 vera
1853 4287 2219 4345 exstitissent
2264 4284 2441 4362 idque
2486 4287 2549 4344 in
2601 4286 3097 4347 antecedentibus

490 4375 661 4446 Quod
696 4376 871 4436 valde
908 4375 1143 4451 dubito3
1188 4378 1370 4436 immo
1408 4396 1440 4436 e
1476 4375 1765 4454 singulari
1805 4393 2049 4433 numero
2085 4373 2203 4435 τοῦ
2242 4370 2667 4449 ἐπιρρήματο(
2703 4376 3100 4455 colligendum

491 4468 606 4540 est,
660 4466 723 4523 in
779 4465 863 4526 eis
911 4484 1060 4541 quae
1107 4465 1469 4543 praecedunt
1511 4464 1583 4525 de
1629 4465 1871 4524 notione
1919 4456 2207 4546 (Begriff)
2254 4464 2522 4523 adverbii
2566 4465 2640 4523 in
2687 4465 3098 4526 universum

489 4554 861 4631 disputatum
916 4573 1057 4615 esse.
1158 4555 1365 4631 Neque
1421 4554 1749 4631 quidquam
1804 4553 1883 4613 ad
1940 4572 2072 4612 eam
2125 4555 2482 4613 sententiam
2535 4554 2973 4657 infringendam
3028 4574 3099 4615 ex

490 4643 980 4722 subsequentibus
1019 4640 1158 4705 ἐπεὶ
1204 4642 1276 4705 δὲ
1322 4640 1424 4704 καί
1469 4660 1613 4704 τινα
1658 4640 1729 4705 ἐν
1776 4637 2116 4723 ἀμφιβόλῳ
2154 4639 2493 4716 καθέετηκε
2538 4643 2667 4703 κτλ.
2707 4646 2837 4722 cogi
2881 4647 3095 4721 potest.

488 4733 644 4792 Nam
700 4735 860 4835 quod
912 4733 1200 4793 Matthias
1257 4726 1316 4815 (Ι
1363 4725 1431 4814 6)
1489 4733 1697 4793 attulit
1751 4735 2197 4809 argumentum:
2262 4726 2392 4792 ‘vix
2447 4733 2604 4791 enim
2657 4732 2770 4809 Ap.
2828 4734 2912 4793 sic
2964 4753 3097 4810 per-

488 4823 755 4898 rexisset,
798 4823 916 4882 nisi
954 4825 1132 4882 antea
1166 4824 1232 4881 in
1267 4825 1607 4882 universum
1643 4822 1715 4881 de
1752 4822 2124 4882 notionum
2170 4820 2670 4881 adverbiorum
2714 4824 3096 4900 generibus

490 4913 854 4989 exposuisset
905 4931 1151 4991 eamque
1206 4913 1631 4990 expositionem
1684 4911 1792 4971 ina
1845 4911 2104 4972 formula
2157 4907 2587 4972 conclusisset’·
2571 4955 2587 4971 .
2640 4911 2705 4971 id
2757 4913 2950 4973 fateor
3002 4932 3096 4972 me
