3738 5530
587 320 1035 378 Commentarius
1064 321 1291 377 criticus
1320 318 1380 377 et
1407 321 1727 392 exegeticus
1754 323 1815 377 in
1842 322 2131 393 Apollonii
2158 322 2386 393 Dyscoli
2415 324 2626 396 scripta
2652 323 2884 380 minora.
2964 325 3092 390 123

472 492 651 552 schol.
695 491 753 551 A
801 492 876 553 ad
922 488 987 551 Δ
1036 494 1192 567 249;
1251 491 1416 552 Eust.
1459 492 1666 568 951,s
1716 483 1891 574 (corr.
1932 493 2008 551 ab
2052 492 2194 552 Ahr.
2244 494 2406 553 dian.
2445 494 2475 553 1
2525 496 2669 571 125,
2692 486 2780 577 8).
2870 495 3090 556 Mirum

472 583 563 642 est
606 601 780 642 usum
826 582 1206 642 Homericum
1252 581 1327 642 ab
1373 581 1485 659 Ap.
1532 600 1653 642 non
1699 583 2163 643 commemorari.

648 663 719 753 γ)
778 672 987 731 Dativi
1030 671 1281 749 pluralis
1327 672 1541 731 tertiae
1585 690 1888 749 personae.

649 761 716 821 Si
760 764 997 835 primae
1050 762 1447 835 secundaeque
1489 778 1649 837 pers.
1695 762 1923 834 formae
1977 764 2178 822 eadem
2231 766 2552 837 quantitate
2605 766 2692 823 uti
2747 764 2930 823 solent
2973 756 3090 845 (ita

470 853 543 911 ut
595 851 668 910 de
724 850 969 911 alterius
1023 852 1363 926 quantitate
1418 871 1487 910 ex
1543 852 1736 911 altera
1788 851 2075 911 iudicium
2129 853 2284 912 ferre
2337 844 2572 934 liceat):
2635 848 2811 928 (φίν
2866 854 3091 914 brevem

470 942 681 1000 habere
715 943 969 1000 vocalem
1006 958 1075 1000 ea
1108 958 1174 999 re
1211 942 1632 1015 comprobatur,
1679 942 1834 1015 quod
1871 937 2047 1015 εφίν
2091 943 2168 1001 ab
2196 943 2443 1002 Ionibus
2478 960 2704 1017 semper
2737 942 3059 1003 inclinatur
3069 964 3092 1014 ‚-

470 1031 535 1090 id
581 1032 733 1090 etnim
776 1032 879 1089 ubi
916 1032 988 1103 fi't
1031 1031 1194 1104 apud
1228 1030 1423 1099 Iones,
1466 1027 1489 1089 i
1527 1031 1694 1090 breve
1730 1035 1827 1090 est.
1903 1029 2278 1108 Quamquam
2321 1051 2440 1092 non
2485 1051 2673 1110 usque
2721 1052 2953 1110 quaque
2998 1034 3088 1092 in-

473 1120 685 1179 clinari
729 1122 959 1197 potest3
1003 1138 1147 1180 nam
1190 1122 1257 1178 in
1299 1122 1466 1180 initio
1508 1137 1715 1180 versus
1756 1122 1893 1193 fieri
1935 1138 2055 1181 non
2090 1125 2280 1195 potest
2313 1125 2458 1196 quin
2504 1126 2750 1182 erectum
2795 1126 3092 1182 accentum

471 1213 659 1269 servet
705 1210 807 1285 98,
831 1211 1063 1269 7—11.

652 1301 813 1374 98,ss
862 1294 1299 1378 ὁμολογεῖται]
1348 1299 1756 1375 confirmatur3
1802 1301 1875 1359 ef.
1913 1320 2081 1377 pron.
2122 1302 2304 1377 4o,1.
2356 1302 2458 1378 55,
2481 1303 2580 1360 26.
2635 1303 2735 1376 74,
2756 1302 2813 1360 5.

655 1390 756 1463 98,
780 1391 863 1448 10
930 1383 1001 1449 ἐν
1065 1384 1286 1467 τρίτῳ]
1352 1389 1392 1446 i.
1442 1408 1487 1448 e.
1550 1385 1892 1469 καταλόγῳ
1956 1391 2052 1450 vel
2116 1387 2524 1462 καταλόγων,
2588 1412 2643 1450 v.
2710 1390 3091 1452 GHermanni

472 1497 667 1556 opusc.
698 1477 803 1552 VI,
846 1482 910 1552 1,
936 1479 1089 1551 1233
1142 1478 1329 1539 Lehrs
1373 1478 1512 1538 Her.
1566 1480 1668 1554 18,
1691 1481 1802 1555 22;
1859 1480 2206 1558 Brugmann
2253 1480 2368 1539 Ein
2415 1480 2691 1540 Problem
2736 1482 2837 1540 44.

652 1569 854 1642 98‚11
907 1567 1014 1628 Ao
1060 1568 1091 1626 Ι
1139 1569 1296 1643 388;
1344 1567 1614 1628 Schmidt
1658 1568 1831 1629 Pton.
1876 1571 1987 1644 223
2033 1569 2216 1629 mach
2261 1572 2325 1629 in
2373 1570 2458 1629 Fl.
2502 1571 2671 1629 1876
2720 1590 2775 1646 p.
2811 1571 2955 1629 659.

649 1653 920 1731 Σφίειν
966 1661 1140 1716 aucta
1183 1659 1380 1731 forma
1427 1661 1673 1718 erectum
1718 1662 1917 1718 tonum
1960 1662 2168 1718 servat.
2242 1659 2327 1718 Et
2372 1655 2549 1736 εφίν
2596 1664 2647 1719 et
2692 1655 2944 1736 (φίειν
2979 1677 3087 1735 po—

472 1750 576 1807 test
620 1745 658 1806 ν
705 1748 930 1806 abicere
975 1748 1294 1820 euphoniae
1339 1765 1523 1806 causa
1571 1748 1977 1822 98,12—18.

651 1837 755 1910 98,
777 1839 858 1896 12
916 1831 1354 1915 ἐπεκταθεῖεα]
1413 1836 1789 1898 Herodianus
1848 1836 1922 1896 de
1980 1839 2338 1898 formatione
2393 1834 2667 1913 (φίειν
2725 1840 3091 1916 pronominis

468 1925 627 1985 idem
661 1926 952 1986 iudicasse
988 1925 1225 1986 videtur
1269 1925 1299 1984 I
1338 1927 1577 2001 476,8;
1623 1926 1695 1986 de
1730 1927 1927 1986 tonosi
1967 1928 2087 1987 alia
2132 1929 2426 2006 praecipit
2470 1928 2535 1987 Π
2572 1930 2678 2003 42,
2702 1929 2782 1988 18
2805 1929 3089 1989 =schol.

469 2015 579 2074 AB
627 2015 705 2074 ad
748 2012 813 2075 Δ
854 2018 909 2075 2.

650 2106 854 2178 98,17
914 2098 952 2164 ὅ
1000 2120 1150 2181 (φιν
1202 2107 1267 2164 in
1322 2105 1491 2165 libris
1544 2106 1728 2166 fuisse
1781 2109 2035 2183 apparet
2088 2127 2120 2166 e
2175 2106 2355 2167 schol.
2402 2106 2458 2165 A
2505 2107 2582 2166 ad
2638 2104 2688 2167 Α
2739 2109 2821 2167 73
2880 2101 3089 2169 οὕτω(

475 2189 582 2254 διὰ
625 2193 744 2254 τοῦ
791 2189 940 2254 ἑνὸ(
984 2192 1034 2254 Ε.

647 2284 972 2344 Falluntur
1006 2287 1107 2358 qui
1145 2279 1396 2360 (φίειν
1441 2288 1632 2344 ortum
1669 2302 1791 2345 esse
1826 2289 2048 2360 putant
2083 2304 2152 2345 ex
2185 2287 2381 2359 forma
2418 2307 2600 2362 quam
2636 2287 2749 2346 sibi
2795 2287 3093 2346 finxerunt

472 2369 711 2449 εφέει,
770 2373 1124 2433 Boeotorum
1167 2374 1258 2432 vel
1300 2373 1518 2433 Ionum
1560 2392 1719 2434 more
1761 2372 1797 2435 ἒ
1841 2377 1908 2434 in
1952 2373 1976 2435 ἰ
2019 2379 2270 2444 mutata,
2327 2379 2394 2434 ut
2448 2372 2699 2452 (φίειν
2746 2379 2823 2435 sit
2855 2377 3092 2450 plenior

469 2465 689 2536 forma,
747 2458 923 2537 (φίν
974 2464 1114 2523 inde
1156 2480 1270 2537 per
1322 2481 1611 2538 syncopen
1655 2468 1800 2524 orta.
1891 2464 2054 2523 Nam
2113 2483 2295 2539 neque
2337 2464 2543 2525 Boeoti
2589 2464 2622 2525 ἒ
2669 2467 2734 2524 in
2777 2464 2799 2524 i
2842 2469 3089 2534 mutant,

470 2553 572 2612 ubi
608 2570 934 2612 consonans
968 2553 1355 2626 subsequitur,
1400 2571 1584 2627 neque
1618 2553 1810 2622 Iones,
1855 2556 1976 2613 nisi
2011 2556 2078 2613 in
2111 2556 2458 2614 nominativi
2493 2556 2894 2615 terminatione
2929 2559 3013 2614 est
3046 2553 3083 2615 ἰ.

472 2641 762 2716 Quoniam
816 2644 999 2716 iqitur
1057 2644 1259 2701 tertiae
1306 2660 1465 2716 pers.
1512 2645 1860 2717 personalia
1920 2647 1972 2702 et
2025 2661 2152 2703 una
2210 2644 2440 2718 syllaba
2498 2662 2539 2703 a
2597 2645 2885 2704 secwndae
2927 2662 3090 2718 pers.

459 2732 875 2807 personalibus
919 2732 1211 2807 superari,
1260 2734 1326 2800 et,
1373 2734 1428 2793 si
1471 2733 1869 2807 monosyllaba
1915 2737 2068 2802 swnt,
2117 2734 2474 2808 amplificari
2517 2734 2714 2803 solent,
2764 2729 3015 2809 (φίειν
3062 2752 3094 2794 e

472 2817 649 2896 (φίν
685 2840 800 2896 per
845 2823 1134 2896 epectasin
1176 2822 1401 2895 factum
1447 2839 1567 2881 esse
1611 2827 1861 2897 apparet
1907 2824 2314 2898 98,19—99‚
2336 2825 2390 2882 2.

651 2912 753 2982 98,
778 2913 857 2970 19
906 2907 1045 2972 ΔΙΑ
1091 2914 1229 2971 ante
1276 2907 1341 2971 Μ
1398 2911 1707 2987 excidisse,
1759 2914 1966 2989 itaque
2011 2912 2233 2972 Sturzii
2279 2905 2388 2995 (ad
2431 2912 2737 2973 Maittaire
2783 2912 2855 2972 de
2914 2933 3001 2990 gr.
3048 2913 3087 2972 1.

471 3000 632 3074 diali.
666 2992 824 3081 563)
863 3001 1334 3061 emendationem
1379 3001 1828 3078 praeferendam
1875 3021 2000 3062 esse
2045 3005 2220 3079 putot,
2266 3002 2544 3062 dissentit
2578 3002 2857 3080 Egenolff
2881 3002 2911 3061 I
2942 3003 3087 3062 841.

470 3090 560 3148 De
614 3110 677 3150 re
730 3110 784 3148 v.
832 3090 974 3150 Lob.
1021 3091 1135 3149 En.
1173 3091 1204 3149 Ι
1252 3091 1397 3150 485.
1492 3086 1719 3165 Σφίειν
1778 3111 1850 3151 ex
1909 3087 2129 3166 εφέειν
2187 3092 2414 3151 factum
2469 3110 2594 3152 esse
2653 3095 2853 3152 censet
2907 3094 3089 3151 etiam

473 3178 766 3239 GCurtius
802 3172 1038 3256 Etym.⁴
1079 3181 1233 3255 7023
1280 3179 1438 3256 quod
1484 3180 1656 3240 reicit
1689 3181 2037 3259 Brugmann
2074 3181 2189 3240 Ein
2226 3181 2502 3241 PrOblem
2543 3184 2641 3241 14.
2719 3179 2804 3241 Of.
2834 3180 3091 3257 GMeyer

471 3288 556 3345 gr.
598 3261 728 3327 Gr.¹
764 3270 910 3328 416.
961 3271 1107 3329 420.
1157 3270 1302 3329 423.

652 3359 857 3432 98‚22
906 3359 977 3418 ef.
1025 3378 1191 3435 pron.
1234 3359 1334 3432 51,
1358 3359 1414 3418 6.
1467 3360 1570 3434 74,
1591 3360 1703 3434 283
1758 3358 1903 3419 Ahr.
1952 3358 2114 3418 diall.
2154 3360 2185 3418 Ι
2235 3361 2391 3434 1783
2445 3361 2578 3419 Mei.
2626 3359 2658 3418 I
2707 3361 2852 3418 243.
2944 3360 3089 3419 Eius

471 3448 700 3525 generis
755 3449 1048 3525 exempla,
1109 3450 1172 3506 in
1232 3448 1447 3524 quibus
1490 3467 1610 3508 non
1665 3467 2021 3524 consonans,
2081 3447 2183 3509 sed
2227 3450 2452 3509 vocalis
2497 3449 2893 3524 subsequitur,
2949 3452 3090 3509 sunt

472 3533 606 3597 τιό(
637 3563 721 3585 --
750 3533 912 3608 τεός,
961 3533 1097 3598 enoc
1127 3563 1211 3585 =
1241 3533 1390 3598 θεός
1434 3557 1602 3614 pron.
1643 3539 1790 3612 106,
1813 3541 1926 3612 113
1972 3537 2148 3598 τιοῦε
2178 3564 2262 3586 =
2291 3537 2480 3599 τεοῦ(
2525 3537 2603 3597 ib.
2647 3540 2750 3612 74,
2772 3541 2873 3597 27.

651 3628 754 3701 99,
776 3628 813 3685 2
858 3626 971 3687 hoe
1016 3630 1429 3706 argumentum
1486 3622 1590 3687 καὶ
1643 3624 1803 3688 καθὸ
1864 3623 1930 3688 αἱ
1974 3626 2093 3688 τοῦ
2146 3624 2366 3701 τρίτου
2424 3622 2844 3688 ἀνεπέκτατοι
2891 3644 3086 3701 μονο·

473 3710 790 3791 εύλλαβοι,
837 3718 889 3775 si
934 3735 1082 3776 sana
1128 3719 1282 3777 esset
1325 3717 1638 3793 scriptura,
1682 3736 1926 3794 prorsus
1971 3721 2272 3795 pugnaret
2317 3736 2451 3777 eum
2497 3716 2736 3794 ceteris3
2789 3719 2972 3777 immo
3019 3721 3088 3777 ut

471 3823 637 3864 suam
683 3805 895 3865 fulciat
939 3807 1313 3882 sententiam,
1358 3806 1472 3866 hoe
1506 3806 1669 3866 dieat
1703 3809 1957 3883 oportet,
2002 3807 2244 3867 solitam
2280 3808 2521 3867 omnino
2564 3824 2689 3866 esse
2727 3807 2933 3867 formis
2968 3809 3089 3867 ter·

470 3896 593 3953 tiae
640 3895 965 3970 epectasin:
1012 3891 1132 3971 εφέ
1159 3927 1248 3938 -
1277 3891 1493 3972 εφέαε,
1543 3895 1727 3972 (φῶν
1754 3928 1843 3939 -
1872 3891 2090 3973 (φέων
2137 3891 2379 3973 (φείων
2423 3916 2588 3973 pron.
2624 3898 2727 3970 99,
2758 3897 2813 3955 9.
2863 3899 3009 3971 101,
3032 3898 3087 3957 1.

476 3985 577 4058 96,
601 3986 656 4042 7.
698 3985 801 4058 96,
824 3986 924 4043 11.
988 3985 1198 4062 Itaque
1236 3980 1647 4046 εὐεπέκτατοι
1676 4005 2039 4062 quamquam
2075 4004 2196 4045 non
2230 3987 2474 4045 memini
2500 4005 2594 4046 me
2623 3985 2742 4044 alio
2771 3986 2901 4046 loco
2930 3985 3089 4063 apud

470 4073 580 4149 Ap.
619 4074 832 4151 legere,
878 4076 1079 4134 tamen
1124 4094 1241 4134 non
1288 4074 1561 4135 dubitavi
1607 4075 1879 4150 scribere,
1925 4076 2070 4152 quia
2115 4076 2238 4134 alia
2272 4075 2566 4135 voeabula
2611 4094 2745 4134 cum
2783 4069 2885 4135 εὐ·
2932 4094 3087 4136 oom-

469 4163 666 4239 posita
704 4163 1034 4223 adamavit:
1082 4159 1516 4237 εὐδιάεειετοε,
1556 4160 1975 4236 εὐαπόλυτοε,
2017 4160 2425 4240 εὐδιάκριτοε,
2463 4159 2944 4236 εὐκατάετατοε,
2985 4159 3085 4225 εὔ-

471 4268 757 4327 χρηετοε,
799 4248 1180 4325 εὐδιάθετοε,
1221 4249 1794 4329 εὐπαράκρουετοε,
1836 4250 2169 4328 εὔληπτοε,
2210 4250 2620 4325 εὐεύνοπτοε,
2651 4249 3087 4328 εὐμετάθετος.

468 4341 694 4401 Eodem
738 4341 915 4402 modo
963 4342 1096 4402 adv.
1134 4344 1280 4418 164,
1303 4345 1384 4403 12
1431 4344 1666 4403 Bekker
1712 4339 2106 4418 εὐδιάκριτο(
2151 4363 2261 4420 pro
2309 4339 2671 4418 ἀδιάκριτος
2716 4344 2997 4403 restituit.

644 4430 798 4491 Svmt
841 4434 943 4506 qui
988 4427 1164 4507 (φίν
1212 4450 1280 4493 ex
1321 4426 1395 4492 ἵν
1440 4434 1632 4493 dorice
1673 4437 1883 4493 natum
1928 4451 2049 4493 esse
2093 4434 2468 4502 arbitrentur,
2516 4437 2581 4493 ut
2627 4428 2815 4507 (φόε
2863 4450 2932 4491 ea:
2978 4427 3087 4504 ὅε,

472 4515 610 4595 εφέ
657 4538 726 4580 ex
772 4516 820 4580 ἕ.
914 4521 1175 4596 Quorum
1228 4523 1426 4596 opinio
1477 4524 1773 4582 reicienda
1828 4526 1937 4592 est,
1998 4524 2275 4596 quoniam
2330 4518 2507 4597 (φίν
2566 4527 2616 4580 et
2670 4517 2809 4597 εφέ
2852 4524 3091 4582 nativas

469 4609 695 4683 formas
740 4627 862 4670 esse
914 4613 1240 4671 statuimus.
1332 4612 1600 4671 Primum
1646 4604 1793 4694 (non
1837 4606 1920 4684 ἵν,
1976 4602 2107 4693 sed)
2152 4613 2348 4685 forma
2393 4615 2652 4672 onmium
2703 4630 2820 4671 usu
2862 4615 3092 4686 recepta

472 4700 806 4770 quaerenda
852 4705 994 4769 erat,
1042 4719 1113 4761 ex
1154 4717 1274 4775 qua
1321 4696 1496 4775 (φίν
1542 4705 1731 4760 ortam
1769 4719 1890 4762 esse
1923 4702 2293 4776 probaretur.
2373 4703 2604 4762 Deinde
2647 4703 2994 4760 nominativi
3040 4706 3094 4760 et

468 4789 712 4860 yenetivi
754 4790 1018 4863 pluralis
1061 4808 1182 4849 non
1226 4795 1363 4848 stent
1406 4792 1679 4865 aequales
1730 4793 2109 4850 nominativis
2155 4794 2208 4849 et
2246 4793 2523 4864 qenetivis
2576 4791 2930 4864 sinyularis:
2985 4791 3087 4868 qui

472 4880 720 4952 possunt
763 4898 887 4940 esse
934 4878 1169 4939 dativi?
1211 4911 1298 4920 —
1336 4880 1402 4938 E
1442 4876 1618 4954 εφίν
1662 4883 1844 4954 iqitur
1892 4875 2144 4954 (φίειν
2189 4880 2384 4952 forma
2431 4882 2794 4955 amplificata
2840 4884 2947 4948 est,
2993 4899 3090 4941 ne-

401 5003 410 5013 ·
466 4965 654 5038 ylecta
694 4971 996 5029 nominum
1040 4969 1320 5044 analoqia
1367 4971 1470 5044 99,
1491 4971 1725 5030 3-14.
