3738 5530
529 352 969 408 Commentarius
998 352 1224 405 criticus
1254 354 1312 405 et
1339 349 1659 421 exegeticus
1686 351 1748 405 in
1779 350 2061 421 Apollonii
2092 351 2319 420 Dyscoli
2349 351 2561 420 scripta
2587 352 2824 406 minora.
2907 352 3032 418 175

415 539 540 581 6336
594 540 732 580 non
788 521 1092 598 colligitur
1146 540 1216 580 ex
1263 539 1331 579 66
1380 520 1538 596 quod
1595 515 1750 595 βάλε
1803 519 1964 579 1(1616
2018 520 2318 598 significat
2373 523 2554 596 atque
2611 515 2836 596 ἄβαλε;
2893 540 3033 580 nam

413 604 553 670 εἷπε
606 610 765 669 1(1616
819 610 1118 688 significat
1172 612 1353 685 atque
1409 605 1606 680 ἔειπε,
1661 627 1853 686 neque
1908 613 2107 669 tamen
2161 629 2268 686 per
2322 609 2672 686 aphaeresin
2727 629 2796 669 ex
2857 605 3031 672 ἔειπε

412 700 640 758 factum
688 701 804 773 est,
849 699 952 759 sed
999 695 1172 759 ἔειπε
1217 717 1325 776 per
1368 699 1778 775 pleonasmum
1824 702 2023 758 ortum
2069 719 2138 758 ex
2186 692 2341 759 εἶπε.
2433 698 2675 774 Itaque,
2721 702 2791 759 ut
2835 703 3033 760 osten-

412 788 591 848 datur
643 807 764 848 non
821 784 975 864 βάλε
1032 807 1157 848 6336
1210 788 1449 864 plenam
1497 790 1881 864 nativamque
1927 789 2179 848 formam
2226 788 2302 848 ad
2358 807 2537 863 quam
2584 786 2626 848 ἆ
2670 790 3033 865 pleonastice

413 877 681 952 accedat,
741 877 843 937 sed
896 879 1138 954 plenam
1192 878 1444 936 formam
1499 896 1625 937 esse
1687 872 1912 953 ἄβαλεῑ
1974 877 2087 937 hoc
2149 879 2403 936 maxime
2466 878 2788 937 tenendum
2852 882 3034 955 atque

410 967 794 1043 premendum
842 969 957 1041 est,
1015 965 1058 1027 ἆ
1103 966 1255 1025 1Π6(1
1302 985 1426 1026 6336
1474 961 1515 1027 ἆ
1559 969 1598 1026 1.
1637 986 1683 1026 e.
1725 968 2245 1042 exclamationem,
2287 986 2439 1043 quae
2485 987 2604 1026 non
2650 968 2843 1027 361616
2888 969 3034 1027 ali·

413 1057 583 1132 quid
641 1056 960 1135 significet,
1014 1056 1118 1116 sed
1171 1054 1355 1115 idem
1410 1056 1705 1134 significet
1751 1056 1911 1132 quod
1961 1056 2199 1135 integra
2243 1075 2358 1116 vox
2405 1051 2622 1131 ἄβαλε.
2714 1056 2885 1127 Quod
2929 1057 3034 1117 ubi

412 1145 858 1223 comprobatum
912 1148 1029 1220 est,
1089 1147 1359 1221 sequitur
1410 1148 1480 1205 ut
1526 1140 1568 1206 ἆ
1612 1165 1720 1222 per
1774 1165 2075 1223 apocopen
2130 1166 2200 1206 ex
2256 1140 2456 1221 ἄβαλε
2511 1148 2738 1205 factum
2799 1146 2881 1206 sit
2926 1142 3032 1224 (τὸ

414 1230 540 1308 ἄρα
576 1228 617 1293 ἆ
655 1229 947 1309 ἀπεκόπη
996 1231 1101 1294 διὰ
1148 1232 1223 1295 τὸ
1272 1230 1342 1295 ἐν
1389 1231 1566 1316 αὐτῷ
1602 1225 2063 1314 δηλούμενόνῂ
2112 1255 2180 1294 ex
2217 1235 2423 1295 eadem
2456 1254 2542 1310 re,
2587 1235 2746 1310 quod
2786 1228 2827 1295 ἆ
2864 1253 3034 1295 suam

414 1319 479 1405 (i.
519 1341 567 1381 e.
613 1324 882 1402 integrae
938 1326 1100 1384 vocis
1148 1318 1347 1399 ἄβαλε
1423 1326 1725 1384 notionem
1780 1328 2007 1401 servat,
2060 1343 2264 1385 rursus
2319 1324 2625 1402 colligitur
2685 1321 2839 1399 βάλε
2886 1316 3032 1407 (non

412 1432 538 1473 esse
590 1414 860 1473 nativam
912 1414 1166 1472 formam
1181 1459 1196 1490 ,
1249 1412 1352 1472 sed
1433 1433 1542 1489 per
1595 1414 1945 1491 aphaeresin
1992 1434 2063 1474 ex
2119 1409 2317 1489 ἄβαλε
2365 1432 2490 1473 6336
2536 1417 2733 1473 ortum
2779 1411 2911 1492 (καὶ
2955 1411 3032 1475 τὸ

415 1497 570 1579 βάλε
617 1497 946 1577 ἀφαίρεειε
991 1499 1099 1562 διὰ
1142 1499 1219 1562 τὸ
1267 1498 1338 1563 ἐν
1385 1501 1590 1583 λεκτῷ
1636 1499 2213 1578 καταλιμπάνεεθαι
2259 1499 2336 1563 τὸ
2383 1499 2470 1580 ἃ).
2563 1503 2762 1579 Atque
2809 1507 2878 1563 ut
2922 1504 3033 1564 hoc

415 1591 609 1668 ipsum
664 1591 1026 1652 demonstret
1079 1610 1321 1668 operam
1375 1591 1482 1651 dat
1526 1592 1834 1667 Dyscolus.
1890 1626 1964 1635 —
2015 1588 2119 1653 Ἐν
2166 1591 2370 1672 λεκτῷ
2424 1587 3030 1672 καταλιμπάνεεθαι]

415 1701 468 1741 v.
509 1681 642 1740 adn.
682 1681 758 1740 ad
802 1701 971 1758 pron.
1013 1682 1168 1756 59‚1
1223 1685 1284 1741 et
1327 1682 1446 1740 ind.

597 1771 743 1845 158,
766 1773 849 1830 20
897 1769 1020 1830 ska
1062 1770 1125 1829 11
1174 1771 1274 1829 26.

590 1852 658 1941 b)
703 1858 1006 1919 Aduerbia
1048 1863 1114 1919 in
1150 1858 1240 1920 (ῖῦ
1285 1860 1520 1935 lonqam
1555 1858 1599 1920 ἇ
1632 1861 1842 1921 habent
1890 1864 1942 1920 et
1986 1861 2273 1936 bm‘ytona
2316 1864 2469 1920 sunt.
2544 1860 2675 1931 Qua
2721 1880 2855 1921 6616
2902 1861 3033 1940 lege

413 1969 532 2009 non
576 1952 808 2027 pugnat
852 1943 1038 2020 ὅτᾶν;
1083 1950 1572 2009 demonstrabitur
1618 1951 1771 2008 mim
1809 1951 1964 2010 hanc
2005 1968 2198 2009 vocem
2236 1966 2265 2009 e
2300 1951 2533 2010 duabus
2568 1952 2849 2010 orationis
2884 1969 3032 2024 par-

413 2039 591 2107 tibus,
654 2056 723 2100 ex
776 2033 905 2098 ὅτε
960 2039 1235 2099 adverbio
1281 2043 1333 2098 et
1387 2032 1476 2099 ἄν
1522 2041 1943 2109 coniunctione,
2000 2043 2277 2099 constare.
2366 2039 2570 2113 Neque
2624 2040 2899 2099 abnorme
2953 2044 3037 2099 est

413 2123 725 2201 πάμπᾶν
779 2132 1022 2202 propter
1076 2126 1120 2187 ἇ
1173 2131 1510 2202 correptam.
1609 2128 1773 2188 Nam
1835 2145 2227 2202 quaecumque
2279 2130 2562 2188 vocabula
2618 2146 2647 2188 e
2698 2131 3034 2189 nantinibus

409 2219 567 2290 fiunt
610 2217 907 2286 adverbia,
952 2219 1206 2291 formam
1250 2218 1603 2276 nominalem
1647 2221 1898 2276 servant.
1971 2213 2140 2277 Πᾶν
2186 2221 2379 2278 autem
2423 2235 2779 2292 quamquam
2824 2216 2866 2278 ἆ
2911 2220 3034 2278 ἰοπ-

403 2324 548 2381 yam
581 2307 766 2375 habet,
806 2310 1015 2375 tamen,
1053 2308 1174 2365 sive
1208 2307 1567 2380 componitur
1602 2308 1724 2366 sive
1758 2310 2006 2380 auqetur
2041 2305 2085 2366 ἃ
2110 2308 2408 2381 praefixa,
2445 2310 2774 2381 corripitur.
2843 2307 3033 2383 Quam

411 2397 638 2454 brevem
692 2393 735 2455 ἇ
790 2398 964 2456 etiam
1017 2397 1358 2455 adverbium
1410 2385 1721 2470 πάῂπᾶν
1779 2399 2037 2456 servavit
2098 2396 2593 2471 158,21—159,
2615 2398 2670 2455 9.
2765 2395 2851 2455 Of.
2889 2397 3030 2457 Her.

408 2485 441 2544 1
484 2485 632 2559 508,
653 2485 710 2543 3.
773 2484 836 2543 Π
879 2488 979 2560 12,
1001 2487 1101 2545 29.
1152 2486 1344 2560 29,9;
1390 2484 1505 2543 EM
1545 2485 1603 2559 5,
1624 2485 1708 2543 44
1755 2476 2039 2566 (Draco),
2083 2484 2268 2545 Lehrs
2314 2484 2453 2545 Her.
2494 2486 2774 2545 356—7.

596 2575 741 2650 158,
763 2575 845 2632 22
902 2569 1273 2652 δεδείξεται]
1340 2574 1452 2633 hac
1505 2573 1577 2633 de
1640 2592 1704 2633 re
1759 2593 1879 2634 non
1937 2575 2152 2635 disseri
2212 2575 2275 2643 in
2341 2576 2425 2635 eis
2491 2593 2642 2651 quae
2705 2579 3035 2652 sequuntur

407 2666 615 2723 monet
657 2663 900 2722 Dronke
945 2663 1038 2721 ΙΠ
1086 2664 1246 2738 328;
1293 2680 1481 2738 neque
1527 2663 1836 2723 disseritur
1883 2663 1954 2722 de
2000 2683 2072 2723 ea
2116 2665 2179 2723 in
2225 2663 2479 2740 syntaxi.

596 2753 741 2829 158,
763 2753 846 2813 25
896 2752 1078 2813 Lehrs
1125 2751 1263 2812 Her.
1304 2753 1454 2828 3563
1506 2771 1701 2813 nonne
1747 2755 1832 2815 sic
1881 2754 2083 2830 potius
2129 2753 2445 2833 legendum
2491 2756 2610 2814 est:
2668 2748 2706 2813 ὁ
2755 2747 2836 2815 ἄν
2885 2750 3029 2815 εὐν-

406 2844 656 2917 δεεμοε,
705 2838 877 2913 λέγω
922 2839 1058 2903 τὸν
1103 2840 1836 2917 παραπληρωματικόνῬ

594 2933 741 3006 159,
762 2933 800 2991 3
856 2931 970 3009 Ap.
1017 2933 1087 2990 ut
1140 2930 1504 2992 demonstret
1556 2927 1825 3006 πάμπᾶν
1881 2951 2001 2993 666
2056 2950 2182 2993 esse
2238 2933 2547 3008 abnorme,
2600 2932 2798 3010 docet,
2854 2951 3032 3008 quae-

405 3040 664 3098 cumque
701 3024 945 3081 nomina
978 3021 1042 3078 16
1080 3021 1361 3081 adverbia
1397 3023 1718 3097 mutentur,
1765 3021 2047 3083 adverbia
2081 3023 2244 3082 facta
2286 3022 2535 3082 eundem
2569 3025 2781 3083 tonum
2814 3022 3032 3082 habere

404 3113 593 3187 atque
640 3114 833 3170 antea2
924 3109 1056 3169 Iam
1099 3130 1345 3189 pergere
1399 3130 1518 3170 non
1565 3114 1764 3187 potest
1809 3107 1862 3192 ᾧ
1909 3109 2086 3192 λόγῳ
2143 3107 2298 3172 οὐδὲ
2352 3108 2429 3172 τὸ
2476 3108 2736 3187 πρόπαν
2784 3106 3030 3183 ὠλιγώ-

402 3216 598 3276 ρηται
649 3196 690 3274 ἢ
747 3195 1012 3274 ξύμπαν.
1104 3199 1260 3258 Nam
1314 3200 1461 3259 haec
1513 3220 1632 3260 non
1696 3203 1836 3260 sunt
1891 3201 2204 3275 adverbia,
2268 3201 2371 3261 sed
2434 3204 2648 3260 neutra
2709 3202 3032 3277 nominum,

401 3309 604 3365 neque
649 3289 722 3349 de
767 3289 978 3348 horum
1016 3290 1355 3365 quantitate
1396 3290 1493 3349 vel
1538 3293 1784 3349 accentu
1829 3290 1885 3347 h.
1914 3291 1954 3348 l.
1994 3291 2211 3368 agitur,
2255 3291 2438 3350 immo
2475 3309 2616 3350 vero
2654 3290 2727 3350 de
2762 3285 3031 3364 πάμπᾶν

397 3398 604 3439 361166
640 3381 748 3453 est,
794 3378 952 3454 quod
989 3382 1168 3438 antea
1203 3382 1482 3438 neutrum
1519 3383 1666 3454 erat,
1710 3382 1923 3457 postea
1959 3379 2308 3439 adverbium
2343 3380 2569 3439 factum
2614 3382 2730 3455 est·
2779 3399 3031 3456 quocum

396 3471 625 3527 neutra
679 3467 940 3528 eiusdem
995 3469 1225 3546 generis
1282 3472 1586 3545 comparet
1629 3472 1893 3547 oportet,
1947 3487 2100 3545 quae
2154 3470 2289 3546 ipsa
2334 3488 2567 3545 quoque
2613 3467 2655 3529 ἇ
2701 3471 3031 3546 correptam
3155 3502 3171 3521 ·

394 3556 658 3632 habent,
723 3558 927 3633 qualia
986 3561 1126 3617 sunt
1179 3553 1442 3625 ποόπᾶν
1498 3561 1558 3616 ct
1612 3554 1879 3633 (ύμπᾶν.
1985 3558 2328 3618 Subiectum
2383 3562 2584 3617 autum
2642 3558 2808 3618 verbi
2870 3554 3031 3632 ἐχώ-

392 3663 599 3723 ρηεεν
656 3646 808 3705 nihil
865 3664 991 3706 6336
1044 3650 1246 3749 potest
1298 3647 1419 3706 6131
1471 3642 1756 3721 πάμπᾶν.
1849 3647 2060 3723 Itaque
2105 3647 2339 3708 Lehrsii
2393 3647 2833 3708 emendationes
2888 3650 3032 3707 reci-

390 3734 658 3816 piendas
706 3754 830 3795 6336
876 3737 1094 3795 censui.
1185 3736 1373 3795 Miror
1416 3736 1728 3797 dissentire
1772 3736 2171 3815 Egenolffium
2217 3737 2248 3796 I
2296 3739 2442 3797 839.

593 3825 738 3901 159,
761 3828 796 3884 7
835 3824 1019 3884 Lehrs
1056 3825 1195 3885 Her.
1218 3826 1345 3885 357
1377 3818 1662 3906 (MRh.11
1690 3817 1877 3907 354);
1915 3825 2232 3886 GSchoem.
2254 3826 2316 3884 Π
2349 3827 2428 3885 13
2452 3852 2536 3874 =
2558 3844 2755 3903 opusc.
2780 3825 2867 3884 IV
2900 3826 3026 3885 258

386 3910 498 3974 ‘in
543 3914 736 3974 forma
778 3916 1100 3993 integriore
1148 3910 1338 3986 ἅπαν,
1393 3917 1458 3973 16
1505 3934 1626 3991 qua
1669 3918 1929 3992 primum
1973 3915 2124 3975 illud
2171 3914 2237 3987 ἃ,
2296 3917 2452 3992 quod
2507 3918 2570 3974 in
2618 3914 3029 3992 monosyllabo

383 4002 628 4077 deficit,
674 4000 807 4064 κατ’
856 3999 1181 4065 ἐντέλειαν
1228 3999 1580 4065 accesserit’.
1653 4002 2028 4064 OSchneider
2063 4004 2093 4063 I
2133 4006 2288 4080 6543
2336 4004 2650 4065 Blomfleld
2697 4004 2773 4065 ad
2818 4005 3029 4065 Aesch.

381 4094 570 4153 Pers
600 4096 714 4170 423
759 4093 960 4172 Egger
994 4093 1108 4170 Ap.
1140 4094 1269 4153 270
1315 4094 1462 4152 dicit
1503 4095 1567 4153 in
1604 4095 1804 4154 codice
1849 4113 1974 4154 esse
2022 4088 2148 4155 εἴτε
2194 4089 2328 4154 κατ’
2368 4090 2709 4168 ἐντέλειαν,
2754 4092 3030 4171 idemque

375 4183 722 4244 Lehrsium
767 4186 1105 4243 coniectura
1150 4185 1485 4243 assecutum
1529 4202 1670 4243 esse.
1749 4184 1833 4243 At
1877 4186 2004 4261 ipse
2048 4186 2113 4243 in
2161 4183 2358 4244 codice
2405 4185 2525 4262 legi
2571 4178 2698 4245 εἴτε
2744 4181 2848 4244 καὶ
2893 4179 3027 4243 κατ’

375 4269 751 4344 ἐντέλειαν,
793 4271 972 4349 idque
1007 4275 1222 4350 ipsum,
1257 4276 1321 4331 ni
1357 4273 1552 4349 fallor,
1590 4272 1768 4332 scribi
1805 4274 1999 4333 voluit
2033 4272 2248 4349 Lehrs;
2293 4276 2601 4349 praeterea
2636 4274 2792 4333 hanc
2827 4293 3029 4333 veram

371 4380 534 4424 esse
579 4364 953 4439 scripturam,
999 4356 1125 4422 εἴτε
1172 4357 1273 4421 καί
1317 4361 1630 4439 particulis
1676 4382 1827 4438 quae
1873 4364 1912 4421 l.
1954 4363 1991 4422 6
2038 4362 2403 4439 praecedunt
2447 4362 2845 4423 confirmatur.

591 4467 648 4510 α.
704 4445 935 4511 Ὠτᾶν
982 4451 1248 4525 quidam,
1303 4454 1370 4510 in
1414 4453 1624 4525 quibus
1667 4453 1964 4529 Didymus
2011 4457 2117 4521 est,
2181 4454 2511 4513 existimant
2555 4456 2747 4512 omem
2793 4469 2914 4512 esse
2959 4469 3029 4512 ea:

365 4541 823 4603 exclamatione
867 4559 986 4615 qua
1030 4542 1246 4601 amicos
1290 4542 1636 4609 sumamus,
1683 4543 1898 4601 sedicet
1936 4544 2191 4601 vocativo
2239 4536 2366 4616 ἔτη
2379 4558 2412 4602 c
2456 4545 2629 4612 vocis,
2677 4537 2731 4601 ὦ
2768 4542 3027 4601 16161166-

366 4635 566 4691 tione
609 4630 832 4690 addita.
926 4629 1148 4705 Quibus
1189 4629 1420 4705 Trypho
1463 4630 1569 4689 hoc
1611 4634 1875 4704 opponit,
1930 4634 2255 4692 vocativum
2298 4634 2481 4691 statui
2523 4649 2643 4691 non
2676 4648 2886 4706 possm
2939 4648 3029 4689 re-

357 4720 639 4797 qwirere
693 4722 846 4779 enim
900 4738 1030 4779 ewm
1085 4720 1309 4778 brevem
1364 4723 1416 4778 et
1462 4723 1777 4793 qravatam
1821 4720 1879 4779 ἆ.
1971 4721 2113 4795 Ipse
2156 4723 2328 4794 ponit
2371 4715 2425 4779 ὦ
2470 4722 2737 4781 voculam
2778 4738 2892 4795 per
2937 4716 3027 4781 ἦ

350 4809 694 4888 syllabam
738 4812 972 4869 auctam
1026 4827 1144 4868 esse
1200 4814 1251 4868 et
1302 4806 1339 4868 V
1386 4811 1716 4879 accessisse,
1762 4813 1838 4868 'ut
1891 4811 1966 4870 ab
2021 4803 2175 4870 ὦτα
2229 4811 2663 4870 discerneretur.
2755 4808 3025 4885 Apparet

348 4903 604 4962 autem
664 4916 793 4957 eum
844 4917 1026 4971 neque
1079 4899 1458 4971 quamtitatem
1510 4916 1693 4973 neque
1746 4903 2042 4959 accentum
2098 4899 2413 4972 explicasse
2424 4920 2444 4969 ‚·
2509 4893 2692 4960 ibt—off!
2759 4902 2912 4960 enim
2976 4905 3027 4959 ct

348 4992 644 5065 lonqam
700 4983 743 5046 ἆ
797 4992 850 5045 et
901 4988 1188 5062 duplicem
1242 4992 1539 5047 accentum
1595 4989 1778 5048 habet.
1869 4988 2073 5063 Neque
2135 4990 2263 5048 licet
2322 4993 2599 5065 stamere,
2662 4991 3029 5051 discernendi
