3738 5530
600 324 1042 382 Commentarius
1069 324 1298 382 criticus
1326 328 1386 382 et
1413 326 1733 397 exegeticus
1759 326 1822 383 in
1848 325 2138 397 Apollonii
2165 326 2394 397 Dyscoli
2423 327 2635 398 scripta
2660 328 2893 385 minora.
2987 330 3071 393 73

456 497 739 576 genetivi,
793 496 898 574 qui
941 498 1007 555 in
1038 496 1384 573 ‘possessivo
1430 487 1636 579 latet):
1684 499 2084 573 possessivum
2125 498 2296 557 habet
2337 499 2457 557 vim
2501 498 2796 574 commositi
2840 499 2935 559 vel
2981 519 3072 560 re-

456 587 656 647 flexivi
706 586 1104 663 pronominis:
1165 588 1268 647 ubi
1318 604 1453 647 vero
1506 588 1822 647 subiectum
1865 588 2026 648 verbi
2069 604 2189 647 non
2235 587 2435 646 eadem
2480 590 2563 647 cst
2594 605 2858 663 persona
2902 593 3074 663 atque

455 677 590 747 illa,
655 694 805 751 quae
846 678 997 736 inest
1045 678 1113 736 in
1145 678 1503 751 possessivo:
1562 678 1647 737 ibi
1696 680 2094 753 possessivum
2154 677 2437 751 simplicis
2487 680 2828 752 potestatem
2887 678 3070 738 habet.

456 764 625 836 Quod
671 785 805 825 cum
851 768 1048 826 essent
1093 767 1196 843 qui
1239 768 1560 843 nescirent,
1606 765 1838 844 aliquot
1880 769 2196 843 poetarum
2240 766 2401 827 locos
2447 766 2604 827 male
2648 767 3075 829 intellexerunt

446 857 568 931 47,
590 857 827 931 9-49‚
848 858 905 915 4.

633 945 750 1005 Res
796 945 986 1004 multo
1032 943 1248 1004 clarius
1286 945 1618 1021 explicatur
1652 948 1807 1022 synt.
1849 947 2054 1021 149,1
2089 964 2248 1022 sqq.;
2297 946 2445 1021 152,
2468 946 2549 1005 23
2582 963 2739 1022 sqq.3
2785 947 2857 1005 cf.
2887 946 3070 1006 Prisc.

455 1035 604 1094 XIII
644 1037 744 1110 18,
767 1035 1047 1110 22-19,
1066 1035 1123 1094 8.
1169 1034 1345 1093 XVII
1383 1036 1641 1096 108-9
1683 1055 1741 1112 p.
1785 1036 1932 1111 165,
1954 1037 2038 1096 20
2066 1054 2192 1111 sqq.
2284 1034 2618 1095 Pr'onomen
2657 1029 2731 1096 ὅς
2768 1036 3069 1096 notionem

453 1124 797 1185 reflexivam
842 1143 1052 1184 exuere
1094 1142 1269 1199 posse
1309 1143 1445 1184 cum
1478 1123 1799 1201 Apollonio
1837 1127 2038 1185 censet
2081 1125 2348 1185 IBekker
2381 1124 2621 1185 Homer.
2653 1125 2887 1187 Blatter
2927 1126 3073 1201 183,

456 1217 643 1293 negat
685 1213 1035 1293 Brugmann
1080 1212 1197 1272 Ein
1242 1212 1519 1274 Problem
1568 1216 1667 1273 97.

635 1305 740 1379 47,
762 1305 1020 1362 11-14
1065 1301 1241 1362 Hunc
1276 1304 1474 1363 locum
1509 1304 1705 1380 qualis
1741 1304 2024 1383 vulgatus
2061 1307 2154 1365 est
2186 1304 2331 1364 ferri
2364 1321 2540 1382 posse
2575 1306 2758 1383 negat
2784 1303 3063 1364 Hoersch.

464 1395 592 1454 379
641 1388 910 1453 ‘Erstens
954 1394 1036 1452 ist
1081 1410 1142 1452 es
1188 1392 1356 1452 nicht
1398 1393 1583 1463 wahr,
1630 1393 1761 1454 dass
1806 1393 1904 1453 die
1950 1389 2232 1469 διάβαςις
2269 1389 2374 1454 ἐπὶ
2408 1389 2486 1454 τὸ
2525 1389 2685 1454 αὐτὸ
2722 1390 3073 1469 πρόςωπον

442 1482 616 1561 geht,
666 1504 713 1542 z.
750 1482 817 1541 B.
866 1502 944 1542 an
989 1481 1092 1541 der
1137 1483 1406 1542 citierten
1455 1480 1639 1542 Stelle
1687 1480 1726 1543 Γ
1765 1484 1892 1543 332
1942 1480 2200 1558 θώρηκα
2235 1529 2249 1544 .
2296 1530 2309 1543 .
2348 1478 2575 1544 ἔδυνεν
2623 1477 2727 1543 οἷο
2773 1480 3063 1558 καςιγνή-

457 1589 616 1644 τοιο,
664 1573 741 1632 da
786 1572 882 1631 die
927 1567 1211 1646 διάβαςις
1257 1572 1366 1631 auf
1400 1570 1515 1631 den
1551 1568 1762 1647 θώρηξ
1798 1574 1961 1652 geht,
2004 1572 2172 1633 nicht
2207 1574 2314 1632 auf
2344 1573 2451 1633 das
2487 1572 2552 1631 in
2588 1566 2693 1632 οἷο
2731 1572 3070 1632 enthaltene

461 1660 733 1739 subject,
792 1661 915 1721 und
969 1661 1181 1721 ebenso
1225 1662 1310 1720 im
1358 1662 1614 1721 anderen
1658 1661 1938 1740 Beispiel.
2029 1662 2071 1721 J
2073 1681 2213 1721 ener
2255 1662 2562 1723 Wortlaut
2604 1661 2808 1722 wurde
2853 1662 2962 1721 auf
3002 1681 3068 1722 so

459 1752 631 1811 einen
677 1749 817 1810 Satz
868 1768 1086 1828 passen
1148 1743 1301 1810 “Ich
1345 1750 1583 1811 schfitze
1636 1751 1819 1811 mich
1879 1751 1993 1811 mit
2037 1752 2337 1811 meinem
2385 1745 2684 1811 Schilde’'.
2777 1751 3070 1812 Zweitens

454 1842 681 1901 konnte
726 1861 791 1901 er
834 1841 1000 1900 nicht
1044 1858 1228 1918 sagon
1270 1834 1311 1914 ἡ
1359 1836 1641 1916 διάβαςις
1686 1838 1803 1916 τὴν
1849 1837 2137 1916 διάβαςιν
2183 1840 2488 1912 ποιεῖται,
2534 1839 2791 1902 sondern
2833 1861 2953 1900 nur
2994 1836 3072 1901 τὸ

458 1925 652 2006 ῥῆμα,
706 1926 747 2005 ἡ
795 1928 1009 2005 δρᾶςις
1055 1932 1162 1988 etc.
1211 1929 1354 1990 oder
1396 1925 1437 2005 ἡ
1485 1926 1701 1991 εὐθεῖα
1744 1927 1862 2005 τὴν
1908 1926 2195 2006 διάβαςιν
2240 1930 2531 1991 ποιεῖται.
2623 1930 2727 1990 Ich
2773 1931 2895 1991 lese
2945 1930 3073 1990 also

457 2015 621 2081 ἐπὰν
667 2017 782 2095 μὲν
816 2015 857 2094 ἡ
895 2014 1176 2094 διάβαςις
1220 2017 1338 2079 τοῦ
1384 2013 1666 2095 ῥήματος
1712 2013 1844 2080 ἀπὸ
1890 2019 2003 2095 τῆς
2040 2015 2441 2099 γενικῆς<ῇ>,
2486 2014 2624 2094 ἥτις
2664 2015 2735 2080 ἐκ
2772 2019 2887 2094 τῆς
2925 2036 3073 2095 κτη-

455 2108 629 2183 τικῆς
674 2103 1239 2184 μεταλαμβάνεται,
1285 2104 1548 2170 πάντως
1593 2104 1749 2170 κτλ.’
1840 2109 1928 2169 At
1971 2110 2233 2187 primum
2279 2109 2518 2185 quidem
2561 2129 2772 2169 verum
2816 2129 2939 2171 non
2983 2112 3076 2169 est

455 2194 741 2274 διάβαςιν
782 2198 934 2258 nibil
980 2216 1105 2258 esse
1148 2198 1264 2257 nisi
1310 2200 1605 2258 actionem
1651 2218 1803 2275 quae
1850 2219 1887 2259 a
1931 2199 2196 2259 subiecto
2245 2199 2321 2258 ad
2358 2199 2656 2259 obiectum
2690 2201 2937 2259 transit:
2984 2201 3076 2260 est

455 2289 615 2352 enim
656 2290 861 2366 potius
905 2288 1064 2348 ratio
1109 2306 1262 2363 quae
1295 2307 1404 2365 per
1440 2290 1733 2349 actionem
1767 2289 2070 2349 verbalem
2104 2289 2263 2348 inter
2297 2288 2630 2349 subiectum
2666 2291 2727 2349 et
2746 2288 3077 2366 *obliquum

455 2397 658 2438 casum
710 2376 1049 2438 intercedit:
1110 2378 1318 2454 itaque
1371 2373 1658 2454 διάβαςιν
1713 2378 2050 2450 ποιεῑςθαι,
2117 2373 2484 2454 διαβατικός
2531 2378 2660 2438 sim.
2729 2370 2829 2460 (ut
2872 2378 3072 2453 διαβι-

458 2463 747 2543 βάζεςθοιι
793 2458 951 2548 sim.)
998 2485 1119 2526 non
1164 2467 1356 2526 solum
1402 2467 1474 2527 de
1520 2466 1815 2543 subiect0‚
1872 2467 1974 2527 sed
2019 2467 2202 2528 etiam
2246 2466 2320 2526 de
2366 2466 2626 2544 obliquis
2674 2467 2910 2527 casibus
2957 2468 3074 2527 dici

454 2559 733 2634 possunt:
777 2575 944 2634 pron.
997 2557 1143 2630 113,
1165 2557 1242 2614 21
1313 2553 1532 2617 καθότι
1580 2551 1645 2617 αἱ
1696 2552 1957 2629 πλάγιοι
2008 2553 2300 2618 ςύνταξιν
2346 2556 2687 2618 ποιοῦνται
2744 2552 2815 2617 ἐν
2872 2556 3074 2632 διαβι-

459 2646 671 2726 βαςμῷ
711 2638 976 2729 (poterat
1011 2645 1203 2705 dicere
1240 2640 1311 2705 ἐν
1348 2637 1657 2727 διαβάςει)
1695 2642 2064 2721 προςώπων
2100 2642 2264 2721 πρὸς
2301 2643 2417 2721 τὴν
2456 2641 2738 2707 εὐθεῖανε
2789 2641 3076 2722 διάβαςις

452 2735 600 2814 ipsis
644 2736 914 2814 personis
958 2734 1247 2795 tribuitur
1280 2753 1449 2814 pron.
1479 2736 1584 2811 45,
1606 2738 1691 2797 20
1735 2731 1816 2797 τὰ
1862 2731 2079 2812 μέντοι
2123 2732 2194 2797 ἐν
2232 2730 2514 2812 διαβάςει
2551 2730 2778 2811 ἑτέρου
2821 2732 3073 2811 προςώ-

454 2843 601 2886 που.
673 2826 754 2885 ib.
805 2825 1010 2901 115‚5
1072 2820 1162 2884 ως
1216 2821 1380 2900 πρὸς
1435 2821 1720 2901 διάβαςιν
1767 2823 2103 2901 δραςτικὴν
2157 2825 2275 2886 τοῦ
2322 2842 2393 2886 τε
2440 2825 2730 2900 δρῶντος
2776 2822 2881 2886 καὶ
2925 2825 3072 2887 τοῦ

455 2910 870 2990 δρωμένου.
916 2914 995 2973 ib.
1026 2915 1131 2989 44,
1155 2916 1236 2974 12
1265 2910 1346 2975 τὰ
1375 2908 1743 2990 ἀμετάβατα
1770 2915 1904 2976 τῶν
1932 2912 2300 2990 προςώπων
2330 2961 2379 2976 ..
2418 2911 2523 2975 καὶ
2548 2911 2630 2976 τὰ
2668 2909 3072 2991 μεταβατικά,

454 3007 515 3063 et
562 3005 667 3079 44,
689 3008 765 3063 11
816 2999 895 3064 τὸ
941 3000 1308 3079 διαβατικὸν
1354 3001 1706 3079 πρόςωπον
1762 2996 1926 3088 (opp.
1975 3001 2052 3066 τὸ
2100 2999 2480 3066 αὐτοπαθές.
2573 3004 2740 3063 Haec
2784 3005 2908 3064 iam
2951 3005 3077 3082 pri-

453 3093 588 3152 dem
624 3093 899 3172 exposuit
936 3091 1058 3152 Ska
1083 3092 1174 3151 IV
1204 3096 1284 3153 17
1307 3085 1473 3175 seq.).
1525 3092 1643 3154 Suo
1678 3095 1869 3173 igitur
1904 3095 2033 3153 iure
2070 3095 2265 3154 utitur
2291 3093 2405 3172 Ap.
2435 3094 2685 3171 loquens
2723 3094 2796 3153 de
2836 3094 3071 3154 actione

454 3182 686 3242 verbali
732 3202 883 3261 quae
930 3202 968 3242 a
1011 3184 1288 3261 genetivo
1324 3184 1390 3242 in
1433 3185 1782 3261 pronomine
1827 3186 2165 3262 possessivo
2201 3185 2428 3243 latente
2473 3186 2695 3244 transit
2739 3184 2837 3245 vel
2880 3203 3078 3244 rever-

452 3272 606 3332 titur
643 3271 720 3332 ad
764 3271 1013 3332 eandem
1046 3291 1379 3349 personam,
1422 3273 1462 3332 i.
1501 3291 1549 3332 e.
1589 3272 1664 3332 ad
1710 3292 2028 3351 personam
2074 3273 2344 3349 subiecti,
2391 3292 2542 3351 quae
2590 3273 2799 3333 eadem
2845 3276 2939 3334 est
2986 3276 3076 3333 at-

456 3380 570 3439 que
615 3362 883 3440 genetivi
927 3361 1108 3421 illius.
1198 3362 1410 3438 Itaque
1455 3363 1677 3423 falsum
1722 3366 1813 3423 est
1858 3363 2053 3423 dicere
2099 3358 2221 3422 ‘die
2268 3358 2549 3439 διάβαςις
2584 3364 2730 3442 geht
2763 3363 2931 3423 nicht
2968 3363 3082 3422 auf

452 3452 558 3511 das
603 3451 669 3509 in
715 3445 819 3512 οἷο
873 3451 1215 3510 enthaltene
1264 3447 1556 3528 Subject’3
1618 3453 1802 3513 immo
1857 3471 1999 3513 vero
2043 3448 2084 3528 ἡ
2132 3447 2413 3528 διάβαςις
2457 3454 2678 3512 transit
2724 3471 2761 3512 a
2804 3453 3077 3512 subiecto

450 3540 620 3600 verbi
665 3540 743 3599 ad
787 3558 1104 3617 personam
1149 3560 1301 3616 quae
1344 3542 1504 3601 inest
1547 3541 1612 3600 in
1660 3536 1788 3614 οἷο,
1842 3545 1905 3602 et
1951 3563 1986 3601 a
2029 3560 2286 3619 persona
2334 3561 2486 3620 quae
2528 3534 2688 3602 inest
2730 3543 2795 3601 in
2848 3536 2953 3604 οἷο
3002 3542 3077 3601 ad

453 3629 787 3690 subiectum
832 3629 1014 3689 verbi.
1105 3629 1338 3690 Deinde
1382 3631 1496 3691 etsi
1541 3632 1878 3692 accuratius
1925 3632 2176 3692 dixisset
2223 3630 2336 3710 Ap.
2372 3626 2413 3706 ἡ
2453 3626 2735 3707 διάβαςις
2772 3628 3080 3692 ςυντείνει

450 3719 548 3779 vel
613 3719 843 3795 aliquid
908 3717 1199 3779 eiusmodi
1264 3711 1536 3803 (minime
1589 3717 1666 3782 τὸ
1722 3716 1891 3797 ῥῆμα
1936 3722 2032 3782 vel
2076 3716 2117 3796 ἡ
2166 3719 2382 3796 δρᾶςις
2426 3722 2525 3781 vel
2569 3715 2610 3795 ἡ
2661 3711 2903 3801 εὐθεῖα)
2968 3739 3079 3798 pro

448 3803 489 3882 ἡ
538 3803 819 3884 διάβαςις
863 3804 982 3882 τὴν
1028 3803 1316 3884 διάβαςιν
1361 3810 1663 3871 ποιεῖται;
1718 3814 1923 3870 tamen
1970 3811 2412 3871 concedendum
2458 3810 2574 3870 erit
2617 3810 2770 3869 talia
2812 3808 2929 3887 Ap.
2975 3810 3078 3868 ad-

450 3898 699 3957 misisse.
792 3897 1095 3974 Exemplis
1154 3917 1305 3974 quae
1360 3901 1659 3978 congessit
1706 3900 1829 3960 Ska
1873 3900 1906 3959 I
1945 3902 2027 3959 14
2091 3892 2286 3982 (pron.
2337 3900 2440 3975 23,
2465 3902 2541 3958 11
2598 3893 2767 3959 ὅπου
2815 3894 2922 3959 διὰ
2968 3893 3078 3974 ῥη-

451 3982 673 4061 μάτων
703 4032 717 4045 .
749 4032 763 4046 .
790 3981 831 4060 ἡ
878 3985 1011 4046 τῶν
1058 3981 1360 4062 ῥημάτων
1397 3984 1739 4064 παράθεςις
1778 3984 2145 4064 ἀναπληροῖ
2181 3988 2310 4049 κτλ.
2385 3988 2464 4048 ib.
2502 3989 2605 4063 68,
2628 3990 2709 4047 12
2750 3983 3079 4062 ὁμόλογος

446 4071 487 4150 ἡ
536 4071 817 4137 ςύνθεςίς
863 4070 1029 4136 ἐςτιν
1076 4072 1166 4136 ὡς
1212 4072 1282 4137 ἐκ
1326 4076 1438 4152 τῆς
1485 4073 1643 4153 ἐμοῦ
1680 4078 1973 4156 κτητικῆς
2010 4075 2128 4152 τὴν
2167 4074 2451 4139 ςύνθεςιν
2491 4072 2855 4153 ἐποιήςατο.
2916 4080 3074 4154 synt.

454 4167 556 4241 17,
580 4165 663 4224 15
712 4160 876 4239 ὑπὲρ
923 4163 1036 4238 τῆς
1079 4161 1380 4242 τοιαύτης
1427 4163 1782 4230 ςυντάξεως
1827 4164 1990 4228 κατὰ
2035 4163 2152 4228 τὸν
2197 4163 2608 4241 προςήκοντα
2655 4163 2860 4239 λόγον
2900 4161 3077 4227 ἐντε-

448 4253 577 4315 λῶς
622 4249 704 4314 τὰ
740 4253 852 4328 τῆς
898 4249 1253 4317 ςυντάξεως
1299 4249 1739 4332 ἀποδείξομεν.
1804 4257 1884 4317 ib.
1927 4257 2180 4332 331,1’5
2220 4252 2300 4317 τὰ
2345 4255 2458 4330 τῆς
2506 4252 2933 4331 μεταλήψεως
2988 4250 3079 4316 εἰς

446 4339 522 4404 τὸ
568 4339 1216 4419 μεταλαμβανόμενον
1259 4345 1373 4420 τῆς
1419 4340 1819 4421 ἀντωνυμία(
1867 4341 2353 4422 μεταφράζεται.
2427 4346 2506 4404 ib.
2559 4346 2663 4420 23,
2687 4346 2769 4404 17
2820 4340 3075 4406 ὑπολα-

450 4429 672 4507 βόντες
729 4429 848 4507 τὴν
901 4428 1246 4507 παράθεςιν
1299 4434 1433 4495 τῶν
1490 4429 1747 4511 ἄρθρων
1804 4430 1895 4497 εἰς
1948 4431 2179 4507 γένους
2226 4430 2530 4509 διάκριςιν
2577 4430 3076 4512 παρατίθεςθαι)

449 4521 631 4582 addas
688 4540 907 4599 quaeso
960 4521 1109 4582 haec
1154 4526 1306 4600 synt.
1358 4525 1506 4600 334,
1530 4525 1611 4584 15
1660 4524 1958 4600 χρονικῆς
2003 4519 2474 4600 παρεμφάςεως
2519 4520 2853 4599 γενήςεται
2912 4541 3077 4599 παρ-

450 4606 778 4686 εμφατικά.
842 4610 921 4670 ib.
963 4611 1066 4686 59,
1089 4616 1120 4671 1
1172 4608 1482 4674 πολλάκις
1528 4610 2214 4690 ςυμπαραλαμβάνεται
2247 4608 2288 4688 ἡ
2326 4613 2444 4674 τοῦ
2490 4611 2739 4687 μᾶλλον
2786 4609 3079 4675 ςύνταξις

450 4694 562 4776 (=--
590 4696 1272 4776 ςυμπαραλαμβάνεται
1308 4704 1406 4763 vel
1452 4698 1812 4764 ςυτάςςεται
1857 4699 1936 4764 τὸ
1983 4699 2277 4780 μᾶλλον).
2350 4701 2437 4762 ib.
2479 4704 2584 4778 63,
2616 4704 2697 4762 23
2735 4698 2776 4777 ἡ
2808 4748 2822 4761 .
2854 4749 2868 4762 .
2915 4697 3076 4764 ὑπό-

450 4787 674 4850 λοιπος
726 4785 1013 4852 ςύνταξις
1050 4837 1063 4851 .
1103 4836 1116 4850 .
1155 4788 1236 4852 τὰ
1292 4786 1497 4867 ἄρθρα
1551 4789 2009 4867 προςλήψεται.
2089 4792 2168 4851 ib.
2224 4793 2330 4868 67,
2355 4794 2436 4851 17
2492 4787 2881 4871 ςυμφέρεται
2942 4791 3079 4853 τοῖς

450 4871 713 4952 ὀνόμαςι
775 4876 879 4939 καὶ
921 4874 962 4954 ἡ
1008 4879 1143 4941 τῶν
1196 4880 1502 4955 ’μετοχῶν
1568 4878 1869 4944 ςύνταξις.
1953 4882 2033 4942 ib.
2083 4883 2233 4956 200,
2257 4882 2338 4940 25
2402 4877 2484 4941 τὰ
2548 4880 2661 4955 τῆς
2727 4876 3080 4943 ςυνθέςεως

376 5007 379 5008 ⁷
453 4961 568 5043 (=
603 4961 644 5041 ἡ
692 4962 1003 5047 ςύνθεςις)
1070 4965 1142 5031 ἐν
1199 4963 1397 5052 λόγῳ’
1434 4968 1552 5046 τὴν
1612 4970 1729 5033 τοῦ
1795 4967 2145 5047 οὐδετέρου
2211 4966 2499 5032 ςύνθεςιν
2563 4964 2927 5046 ἀνεδέχετο.
2999 4970 3078 5031 ib.
