3738 5530
577 1004 611 1052 ὅ

545 1513 608 1561 10

547 2012 608 2060 15

550 2520 616 2567 20

550 3028 616 3077 25

642 372 726 436 84
1156 367 1167 377 ’
1576 374 1755 426 ΠΕΡΙ
1792 372 2297 425 ΔΝΤΩΝΤΜῙΔΣ.

1493 482 2384 532 p.10⁷(³6‘1)07-110(370)A³b

640 577 868 655 μένην·
929 576 1171 656 εἴρηται
1222 578 1293 641 δὲ
1354 577 1445 641 ὡς
1501 574 1827 642 ἀδύνατον
1887 576 2240 653 ἐγκλιτικὸν
2295 575 2524 655 μόριον
2583 575 2656 639 ἐν
2713 573 2876 658 ἀρχῇ
2932 574 3235 653 εὑρέςθαι.

639 680 769 743 Ἔτι
824 679 1115 758 διαφέρει
1169 682 1281 757 τῆς
1335 676 1579 758 (αὐτόν
1622 678 1846 762 ἡ>μίν,
1903 680 1942 761 ᾗ
1987 679 2026 757 ἡ
2073 679 2140 743 ἐξ
2182 677 2378 755 αὐτῆς
2439 678 2556 757 μὲν
2599 676 2951 756 μετάληψις
2997 678 3236 753 γίνεται
3279 692 3440 744 ιοεΑ

640 780 729 845 εἰς
783 783 898 858 τὴν
957 779 1188 863 αὐτόν,
1247 779 1460 845 οὐκέτι
1516 782 1588 845 δὲ
1640 779 1679 857 ἡ
1726 779 1927 845 αὐτόν
1972 778 2061 843 εἰς
2103 783 2220 858 τὴν
2275 778 2378 859 μίν
2422 779 2999 861 μεταλαμβάνεται,
3053 777 3240 855 ἡνίκα

638 881 710 945 ἐν
764 880 1004 964 πρώτῳ
1060 883 1161 947 καὶ
1215 882 1497 964 δευτέρῳ
1557 880 1701 946 ἐςτί.
1813 886 2009 947 τοῦτο
2069 882 2141 945 δὲ
2198 880 2297 944 καὶ
2352 879 2455 944 ἐπὶ
2507 882 2641 944 τῶν
2698 879 2858 944 κατὰ
2900 879 2977 944 τὸ
3021 878 3237 958 τρίτον

646 986 893 1048 παςῶν.

809 1085 1029 1149 Ἴωνες
1073 1085 1177 1149 διὰ
1220 1089 1337 1149 τοῦ
1382 1087 1453 1162 μ,
1496 1085 1783 1163 Δωριεῖς
1828 1086 1902 1150 δὲ
1946 1084 2050 1147 διὰ
2092 1087 2210 1149 τοῦ
2256 1084 2311 1147 V.

809 1186 940 1249 Ἐτι
983 1186 1083 1250 καὶ
1126 1185 1165 1263 ἡ
1211 1187 1312 1251 νίν
1354 1187 1638 1251 τάςςεται
1683 1186 1787 1251 ἐπὶ
1831 1186 2150 1264 πλήθους·

896 1285 1063 1351 ὅςτις
1107 1289 1184 1366 δὴ
1227 1287 1472 1367 τρόπος
1517 1287 1862 1353 ἐξεκύλιςςέ
1908 1307 2042 1369 νιν,

640 1390 971 1467 Πίνδαρος
1017 1388 1439 1467 Ἰςθμιονίκαις
1485 1387 1591 1468 (fr.
1637 1388 1678 1450 2
1721 1386 2039 1473 Boeekh).

899 1490 1349 1571 προςφωνεῖτέ
1393 1510 1495 1571 νιν
1542 1490 1643 1554 ἐπὶ
1686 1490 1907 1567 νίκαις,

640 1591 1027 1670 Βακχυλίδης
1071 1590 1178 1674 (fr.
1212 1590 1251 1654 8
1287 1589 1498 1673 Bergk
1510 1593 1592 1671 3·)
1641 1593 1745 1656 καὶ
1786 1595 2049 1657 πλεῖςτα
2092 1590 2280 1654 ἄλλα.
2337 1589 2376 1655 ὁ
2408 1592 2480 1654 δὲ
2523 1590 2774 1655 πλάνος
2801 1592 2912 1667 τῆς
2941 1588 3237 1667 τοιαύτης
3272 1603 3316 1655 Β

646 1694 946 1774 ἀφορμῆς
988 1692 1140 1757 ιςως
1185 1692 1379 1773 ἐρρύη
1424 1692 1496 1756 ἐκ
1538 1698 1656 1757 τοῦ

898 1796 1173 1873 εὕρομεν
1217 1794 1289 1858 ἐν
1336 1795 1583 1877 βήςςῃςι
1627 1795 1979 1872 τετυγμένα
2024 1795 2288 1873 δώματα
2330 1793 2516 1874 καλά,

896 1894 1060 1976 ἀμφὶ
1103 1898 1174 1959 δέ
1217 1915 1321 1975 μιν
1367 1897 1545 1960 λύκοι
1592 1894 1748 1973 ἦςαν
1795 1895 2119 1975 ὀρέςτεροι
2166 1896 2231 1980 (κ
2276 1894 2420 1958 210.
2465 1895 2619 1980 212)

644 2018 746 2062 και
1139 2096 1180 2175 ἦ
1225 2099 1393 2179 μάλα
1438 2099 1515 2176 δὴ
1559 2099 1712 2165 τάδε
1757 2101 2022 2179 δώματα
2066 2097 2206 2163 κάλ’
2250 2098 2556 2176 Ὀδυςῆος

648 2222 746 2264 ‘0¹²
1203 2300 1322 2366 οὐκ
1366 2299 1446 2365 ἄν
1489 2303 1580 2366 τίς
1624 2322 1729 2382 μιν
1774 2302 1939 2381 ἀνήρ
1984 2304 2050 2383 (ρ
2096 2301 2237 2365 264.
2286 2300 2466 2386 268).

642 2403 723 2482 ἦν
771 2405 841 2468 δὲ
888 2404 967 2468 τὰ
1010 2406 1275 2467 τοιαῦτα
1319 2402 1424 2466 ἐπὶ
1466 2405 1584 2482 τὴν
1630 2404 2033 2484 ςυνωνυμίαν
2078 2406 2410 2485 φερόμενα
2453 2407 2570 2467 τοῦ
2614 2406 2815 2480 δῶμα,
2863 2401 3102 2480 ὁμοίως
3144 2407 3236 2483 τῷ
3277 2413 3319 2469 C

1459 2506 1703 2584 νεφέλη
1747 2505 1820 2569 δέ
1864 2525 1970 2585 μιν
2015 2503 2500 2587 ἀμφεκάλυπτε,

1139 2607 1215 2671 τὸ
1260 2609 1375 2687 μὲν
1421 2606 1502 2671 οὔ
1546 2627 1705 2672 ποτε
1752 2606 1822 2688 (μ
1868 2604 1972 2669 74.
2020 2605 2129 2690 75)

645 2708 720 2772 τὸ
766 2707 996 2787 νέφος·

901 2808 963 2872 αἱ
1006 2811 1120 2889 μὲν
1165 2810 1545 2889 ἀγχιςτῖναι·
1633 2811 1713 2875 τὰ
1756 2811 1814 2875 δ’
1857 2811 2059 2890 ἐρῆμα
2102 2813 2404 2890 φοβεῖται
2447 2807 2519 2893 (Ε
2569 2808 2710 2874 141.
2760 2808 2923 2890 140).

904 2910 1183 2990 ἐννῆμαρ
1227 2912 1368 2990 μὲν·
1456 2917 1534 2996 τῇ
1578 2912 1806 2996 δεκάτῃ
1851 2913 1924 2978 δέ
1970 2914 2045 2992 (Α
2092 2911 2197 2975 53.
2245 2912 2379 2992 54).

653 3012 890 3077 ἐποίςει
935 3016 1098 3088 γοῦν
1264 3047 1269 3050 -

900 3116 1232 3191 γιγνώςκω
1278 3114 1336 3180 δ’
1379 3115 1478 3181 ὅτι
1522 3115 1758 3180 πολλοὶ
1801 3115 1874 3180 ἐν
1919 3114 2097 3201 αὐτῷ
2141 3117 2324 3180 δαῖτα
2366 3114 2639 3180 τίθενται
2685 3114 2753 3196 (ρ
2798 3094 2972 3196 2⁴69).

649 3216 725 3280 τὸ
769 3216 827 3281 δ’
872 3215 978 3280 ἐπὶ
1018 3219 1136 3281 τοῦ
1179 3217 1422 3295 Ἄρεως
1466 3218 1569 3281 καὶ
1611 3217 1879 3294 Ἀθηνᾶς

1875 3317 2015 3383 οὐδ’
2061 3318 2116 3383 εἰ
2161 3318 2329 3397 μάλα
2370 3338 2472 3397 μιν
2518 3318 2716 3396 χόλος
2759 3317 2895 3395 ἥκει
2943 3317 3022 3394 (Ρ
3066 3313 3241 3398 399),

789 3506 1001 3557 Αιιονιι.
1064 3508 1096 3555 2
1134 3503 1221 3556 Ab
1257 3503 1437 3557 αὐτόν
1472 3502 1792 3557 accusativo
1825 3503 1912 3555 ita
1946 3501 2137 3557 differt
2171 3503 2264 3568 μίν
2301 3500 2522 3567 vocula,
2557 3503 2622 3554 ut
2654 3500 2779 3570 ipsa
2811 3501 2870 3554 in
2907 3500 3026 3555 eius
3058 3500 3244 3555 locum

653 3585 916 3640 substitui
961 3587 1163 3655 possit,
1215 3587 1337 3652 ille,
1385 3586 1483 3641 ubi
1529 3586 1602 3639 ad
1643 3587 1888 3655 primam
1932 3587 2306 3641 secundamve
2351 3601 2650 3655 personam
2693 3586 2967 3654 pertinet,
3014 3602 3142 3639 cum
3177 3600 3247 3638 ea

653 3669 988 3724 commutari
1022 3686 1135 3725 non
1173 3670 1367 3740 possit.
1415 3702 1480 3710 —
1529 3676 1560 3723 9
1600 3672 1702 3726 Νίν
1749 3671 1925 3725 etiam
1970 3670 2041 3725 ad
2077 3672 2266 3740 plures
2302 3669 2577 3735 refertum
2623 3671 2779 3724 cuiue
2813 3688 2945 3724 usus
2981 3670 3138 3739 origo
3172 3668 3244 3722 ab

656 3755 901 3809 Homero
936 3754 1123 3823 repeti
1152 3756 1373 3823 potest,
1412 3754 1562 3824 apud
1599 3771 1770 3824 quem
1807 3759 1901 3822 μίν
1925 3755 2264 3824 aliquotiens
2289 3755 2360 3809 ad
2384 3755 2663 3825 pluralem
2687 3756 2971 3824 pertinere
2998 3753 3246 3818 videtur-3

654 3854 1000 3908 quamquam
1054 3837 1279 3892 videtur
1330 3841 1579 3906 tantum,
1633 3856 1761 3893 nam
1819 3857 1881 3895 re
1935 3856 2072 3894 vera
2123 3839 2195 3894 ad
2252 3856 2630 3908 synonymum
2684 3838 2984 3910 singularis
3026 3838 3248 3892 numeri

652 3924 919 3993 pertinet.

789 4091 983 4145 Dtscn.
1027 4111 1222 4147 ecum.
1302 4099 1345 4145 1.
1384 4095 1446 4148 δε
1484 4110 1562 4148 ως
1603 4097 1674 4160 Α,
1725 4096 1831 4162 γάρ
1869 4098 1949 4151 ὡς
1985 4094 2021 4146 b
2053 4097 2142 4158 12.
2179 4097 2358 4149 αὐτόν
2394 4096 2429 4160 ἡ
2467 4093 2531 4162 b,
2567 4111 2678 4149 om.
2714 4097 2757 4150 Α
2798 4096 2807 4158 Ι
2848 4098 2898 4148 8.
2937 4094 3244 4149 ἐξεκύλιςςέ

659 4194 748 4231 νιν
783 4176 1086 4245 ΔΒοεοΙτΙι,
1124 4179 1400 4233 ὲξεκύλιςέ
1435 4194 1524 4232 νιν
1558 4177 1595 4231 b
1630 4178 1689 4231 in
1726 4195 1838 4232 var.
1878 4179 2038 4245 lect„
2077 4179 2397 4247 ἐξεκυλίςθη
2435 4178 2472 4232 b
2501 4179 2565 4231 in
2601 4181 2787 4244 textu,
2826 4181 3142 4244 εξεκυλιςθῆ
3181 4180 3245 4244 Α,

658 4265 869 4330 puncta
904 4261 1114 4317 adiecit
1136 4264 1203 4317 Αι
1237 4267 1247 4330 Ι
1278 4269 1360 4319 10.
1395 4264 1595 4334 νίκαις]
1639 4263 1921 4319 ‘Pertinelz
1953 4263 2027 4318 ad
2063 4265 2383 4333 fragmenta
2403 4262 2719 4317 Isthmion.’
2755 4264 2792 4316 b
2829 4263 2886 4316 in
2923 4279 3039 4318 var.
3076 4263 3206 4317 leet·
3236 4265 3243 4331 Ι

661 4353 739 4399 11.
777 4349 1115 4415 βακχυλλιδη
1153 4349 1196 4402 Α
1228 4349 1237 4414 Ι
1273 4352 1487 4402 11-12.
1524 4349 1557 4402 ὁ
1593 4350 1655 4404 δέ
1691 4351 1906 4404 πλάνος
1944 4354 2048 4417 τῆς
2084 4352 2352 4417 τοιαύτης
2389 4350 2650 4415 ἀφορμῆς
2685 4349 2819 4403 ῐςως
2857 4348 3027 4415 ἐρρύη
3052 4349 3114 4401 ἐκ
3141 4347 3243 4414 Ab,

656 4447 727 4484 an
781 4430 858 4485 sib
908 4431 1263 4486 scribendum
1317 4435 1349 4486 ὁ
1399 4434 1460 4487 δὲ
1508 4434 1721 4489 πλάνος
1765 4435 1900 4490 ῖςως
1947 4436 2118 4502 ἐρρύη
2162 4435 2224 4488 ἐκ
2267 4438 2373 4500 τῆς
2419 4435 2682 4500 τοιαύτης
2728 4434 2988 4499 ἀφορμῆς
3024 4431 3250 4486 dubitat

3280 3132 3377 3181 109
3401 3126 3450 3178 A

658 4514 1042 4582 RSkrzeczka,
1080 4519 1115 4582 ἡ
1143 4518 1205 4571 δὲ
1229 4518 1459 4585 ἀφορμὴ
1484 4523 1589 4572 τοῦ
1617 4521 1881 4573 τοιούτου
1907 4519 2129 4573 πλάνου
2156 4520 2286 4573 ῖςως
2312 4519 2483 4586 ἐρρύη
2521 4518 2582 4571 ἐκ
2608 4515 2831 4586 GUhlig
2858 4518 2869 4586 Ι
2901 4523 2984 4571 13.
3012 4520 3249 4584 εὕρομεν
3360 4535 3368 4544 ·

658 4599 779 4665 ΑΙ),
807 4601 976 4667 εὗρον
1000 4601 1050 4654 δ’
1074 4600 1348 4655 Homerus
1378 4603 1388 4669 Ι
1419 4603 1562 4656 καλά
1588 4603 1708 4669 Ab,
1748 4603 1947 4670 Κίρκης
1975 4602 2251 4657 Homerus
2281 4607 2290 4668 Ι
2322 4608 2403 4656 16.
2428 4605 2571 4656 καλα
2596 4604 2639 4655 Α
2671 4603 2681 4670 Ι
2711 4608 2792 4655 20.
2818 4601 3248 4669 ἀμφεκάλυπτε]

657 4685 1002 4751 ἀμφιβέβηκε
1022 4683 1298 4739 Homerus
1320 4688 1325 4753 Ι
1349 4692 1430 4742 23.
1452 4689 1761 4752 άγχιςτῖναι
1778 4685 2073 4753 Homerus,
2093 4688 2469 4755 ἀγχιςτῆναιΑ
2484 4686 2522 4740 b
2546 4689 2552 4754 Ι
2573 4687 2854 4756 ταδερῆμα
2869 4685 2928 4739 in
2946 4686 3250 4752 ταδ’έρημα

658 4767 901 4821 mutavit
936 4770 999 4822 A·
1034 4771 1042 4836 Ι
1073 4772 1305 4836 φοβεῖτε
1338 4769 1397 4823 in
1433 4774 1688 4837 φοβειται
1723 4771 1967 4824 mutavit
2004 4773 2068 4826 Α’
2103 4773 2111 4838 Ι
2141 4778 2226 4826 24.
2262 4778 2343 4830 25.
2379 4774 2460 4827 δέ.
2497 4772 2706 4827 ἐποίςει
2743 4772 2779 4824 b
2800 4811 2814 4839 ,
2853 4773 3116 4827 δἐποιςει
3152 4771 3195 4824 Α
3238 4772 3245 4838 Ι

660 4857 745 4907 27.
780 4853 972 4920 Αρεως
1010 4854 1083 4919 Α,
1117 4855 1317 4922 Ἄρεος
1353 4854 1391 4908 b
1422 4857 1433 4924 Ι
1465 4858 1704 4924 Ἀθηνᾶς
1738 4855 1805 4924 b,
1842 4859 2060 4911 αὀπνας
2098 4859 2144 4912 Α
