3738 5530
1294 356 1394 408 m:
1433 356 1630 410 ΕΤΤΕ
1669 358 1765 409 ΕΤ
1804 355 2005 407 mvn:
2040 354 2446 407 Anvssnssns.
3032 348 3154 414 149

569 562 639 628 ἐν
684 562 800 647 ἰ’ςῳ
846 568 936 646 τῷ
982 562 1082 627 ὣς
1125 561 1339 641 θέμις
1385 561 1558 626 ἐςτί.

466 683 516 721 1⁰
738 664 876 746 <01²2
922 665 1042 742 μὴν
1088 663 1296 745 ἀλλὰ>
1342 664 1445 728 καὶ
1487 664 1700 728 οὕτως
1741 663 1985 743 φαμέν·
2031 664 2170 726 τοῖς
2212 659 2299 724 εἰς
2335 663 2425 724 ῶῖ
2455 659 2754 739 λήγουςιν
2785 657 3155 737 ἑπιρρήμαςι

566 765 955 845 ςυνυπάρχει
984 767 1126 831 τινὰ
1158 765 1243 831 εἰς
1285 769 1344 843 ῆ-
1367 766 1670 848 λήγοντα,
1717 762 2198 842 ςυντονούμενα
2230 763 2508 844 τούτοις,
2558 760 2855 839 οὐδαμῶς
2885 759 3152 840 οὐδαμῇ,

567 870 827 933 πάντως
856 867 1087 952 πάντῃ,
1133 868 1347 933 ἄλλως
1392 867 1575 951 ἄλλῃ,
1621 870 1814 945 διχῶς
1859 870 2023 949 διχῇ.
2083 864 2454 948 ὀξυνομένῳ
2486 862 2613 942 ἄρα
2639 869 2730 946 τῷ
2764 860 2855 926 ὥς
2885 860 3149 944 <ςυν>ο·

566 971 931 1049 ξυνθήςεται
972 972 1049 1036 τὸ
1095 971 1166 1053 ἥ,
1212 968 1409 1052 ὅπερ,
1458 970 1548 1034 ὡς
1592 967 1869 1048 ἔφαμεν,
1916 967 1988 1032 ἐν
2034 974 2124 1051 τῷ
3188 973 3221 1023 5

819 1073 858 1151 ἣ
904 1072 1076 1151 θέμις
1120 1071 1245 1137 ἑςτί
1288 1069 1365 1155 (Β
1411 1070 1555 1153 73),
3150 1059 3163 1071 ’

467 1190 515 1231 ¹⁵
564 1178 760 1240 τοῦτο
792 1175 864 1241 ἐν
899 1174 1271 1256 <προςθέςει
1306 1193 1423 1237 του
1454 1175 1525 1237 τέ
1559 1172 1703 1254 καὶ>
1732 1174 2116 1255 πλεοναςμῷ
2149 1174 2267 1236 τοῦ
2302 1171 2339 1232 ὖ
2369 1169 2538 1249 ηὗτε,
2572 1170 2766 1235 πάλιν
2792 1165 3153 1244 ἀναγκαίως

564 1282 681 1342 τοῦ
725 1282 763 1355 ἦ
811 1277 1243 1360 ψιλωθέντος,
1301 1273 1448 1339 καθ’
1490 1275 1570 1338 ὃν
1615 1272 1882 1352 εἴπομεν
1938 1273 2140 1348 λόγον
2185 1274 2288 1338 καὶ
2331 1274 2474 1352 περὶ
2530 1277 2646 1337 τοῦ
2701 1270 2865 1335 εὖτε.
2915 1306 2993 1315 -
3050 1271 3153 1334 καὶ

566 1379 764 1459 ςαφὲς
788 1378 885 1443 ὅτι
919 1377 956 1443 ὁ
982 1376 1403 1457 ἐγγενόμενος
1427 1376 1827 1454 πλεοναςμὸς
1853 1374 1943 1441 ὡς
1976 1377 2204 1441 ἕνωςιν
2235 1379 2353 1440 τοῦ
2380 1376 2798 1453 ςχηματιςμοῦ
2835 1371 3149 1437 ἀπετέλει.

564 1480 702 1546 ἔςθ’
724 1480 831 1545 ὅτε
852 1481 977 1559 γὰρ
996 1481 1077 1544 τὰ
1100 1478 1629 1559 ἐπιςυμβαίνοντα
1652 1478 1821 1557 πάθη
1848 1479 2026 1563 <ὡς>
2046 1478 2359 1560 <ἕνω>ςιν
2391 1480 2524 1541 τῶν
2557 1473 2805 1554 μορίων
2840 1474 3150 1551 ἀπετέλει,
3192 1483 3254 1532 10

461 1601 513 1640 νο
566 1581 675 1647 ὅτε
718 1583 817 1648 καὶ
860 1583 936 1646 τὸ
980 1583 1049 1647 τί
1092 1601 1284 1646 ποτε
1330 1581 1459 1645 ὑπὸ
1505 1582 1831 1659 ςυγκοπὴν
1876 1580 2156 1646 πεςόντα
2198 1580 2439 1660 ἥνωται
2483 1577 2555 1643 ἐν
2598 1584 2688 1662 τῷ

815 1683 990 1749 τίπτε
1035 1684 1105 1749 ςὺ
1150 1683 1464 1762 δείδοικας
1508 1679 1603 1767 (Μ
1647 1680 1821 1767 244).

564 1784 774 1870 τούτῳ
821 1784 941 1850 οὖν
986 1792 1075 1868 τῷ
1122 1785 1298 1868 λόγῳ
1342 1786 1520 1848 δοκεῖ
1563 1785 1665 1849 καὶ
1708 1784 1783 1848 τὸ
1826 1783 1980 1863 ηὖτε
2026 1783 2116 1847 ὡς
2158 1782 2453 1862 ἡνῶςθαι.

734 1888 924 1952 Ἀλλὰ
953 1885 1211 1952 κάκεῖνο
1243 1886 1698 1968 ἐπιλυθήςεται,
1731 1886 1826 1950 «τί
1857 1887 2098 1965 δήποτε
2128 1885 2205 1950 τὸ
2246 1886 2363 1964 μὲν
2395 1883 2543 1963 ηὖτε
2575 1886 2680 1950 καὶ
2706 1881 2859 1963 ἠΰτε
2901 1883 3151 1962 λέγεται

565 1990 636 2056 ἐν
679 1991 837 2068 τριςὶ
879 1992 1250 2072 ςυλλαβαῖς,
3186 1994 3251 2044 15

462 2107 514 2147 2⁵
817 2088 967 2169 ἠΰτε
1012 2111 1133 2169 περ
1176 2091 1416 2169 κλαγγὴ
1461 2089 1757 2169 γεράνων
1800 2090 1982 2154 πέλει
2029 2090 2097 2169 (Γ
2139 2089 2238 2173 3),

563 2193 756 2260 πάλιν
802 2194 1159 2267 ἀναγκαίως
1202 2194 1320 2256 τοῦ
1364 2197 1403 2271 ῆ
1451 2191 1849 2272 ψιλουμένου
1895 2192 2002 2256 διὰ
2039 2191 2115 2255 τὸ
2158 2193 2567 2269 προηγεῖςθαι
2609 2192 3021 2270 φωνήεντος·
3068 2189 3148 2256 οὐ

561 2298 683 2374 μὴν
738 2294 831 2360 ἔτι
884 2296 959 2360 τὸ
1016 2292 1208 2358 εὖτε.»
1270 2330 1344 2340 -
1412 2294 1575 2373 πρὸς
1632 2294 1669 2359 ὃ
1730 2293 1859 2358 ἔςτι
1901 2292 2133 2373 φάναι,
2202 2291 2293 2357 ὡς
2347 2292 2535 2358 ἕνεκα
2592 2294 2707 2372 μὲν
2760 2297 2874 2371 τῆς
2936 2297 3053 2359 τοῦ
3111 2297 3148 2359 ὖ

562 2398 952 2462 ἐπενθέςεως
996 2395 1309 2472 ἀναγκαία
1351 2395 1389 2473 ἡ
1436 2395 1809 2477 διςύλλαβος
1853 2393 2181 2474 προφορά.
2247 2395 2323 2459 τὸ
2368 2395 2493 2472 γὰρ
2540 2396 2577 2459 ὗ
2622 2396 2723 2459 καὶ
2765 2397 2841 2459 τὸ
2887 2399 2908 2461 ί
2951 2399 3146 2461 πλεο-

459 2514 512 2555 ³0
561 2498 842 2566 νάζοντα
886 2498 1038 2578 μετὰ
1078 2497 1459 2578 φωνήεντος
1490 2497 1578 2563 εἰς
1607 2498 1753 2574 μίαν
1784 2497 2103 2577 ςυλλαβὴν
2134 2498 2365 2580 ςυνῄει,
2397 2496 2587 2563 ἕαδεν
2618 2496 2870 2580 εὔαδεν,
2914 2497 3142 2576 ἕκηλος
3177 2504 3244 2554 20

564 2600 864 2683 εὔκηλος,
919 2601 1022 2665 καὶ
1063 2600 1239 2679 παρὰ
1281 2599 1566 2664 Αἰολεῦςι
1607 2598 1764 2664 ναός
1808 2598 2039 2680 ναυός,
2096 2599 2195 2663 καὶ
2245 2598 2408 2676 παρ’
2449 2599 2610 2665 Ἴωςι
2654 2600 2842 2665 νόςος
2887 2606 3139 2679 νοῦςος,

564 2703 662 2768 καὶ
707 2702 812 2768 ἐπὶ
851 2706 969 2767 τοῦ
1014 2701 1153 2782 ἔρια
1196 2699 1380 2785 εἴρια,
1427 2701 1549 2767 ἕως
1594 2700 1756 2767 ε’ίως.
1819 2698 2179 2777 ἀναγκαίως
2225 2697 2344 2765 οὖν
2390 2699 2488 2767 καὶ
2531 2702 2607 2767 τὸ
2650 2699 2803 2780 ηὖτε
2848 2701 2979 2767 ἀπὸ
3022 2706 3142 2770 τοῦ

697 2921 914 2977 Anava.
987 2928 1018 2976 2
1052 2920 1309 2976 Fortasse
1345 2936 1460 2975 una
1493 2936 1615 2974 cum
1655 2922 1733 2975 ὥς
1770 2922 1952 2974 exstat
1986 2920 2318 2974 adverbium
2340 2922 2403 2987 ἦ,
2442 2921 2592 2988 quod
2629 2922 2989 2993 coniungitur
3023 2938 3148 2976 cum

562 3008 626 3061 τέ
649 3004 1044 3061 coniunctione
1071 3008 1131 3061 et
1152 3014 1186 3060 ῦ
1211 3007 1465 3077 augetur.
1504 3035 1561 3043 —
1606 3011 1667 3059 18
1695 3007 1861 3061 Ἠΰτε
1887 3021 1987 3059 our
2008 3005 2187 3059 tribus
2211 3004 2442 3074 syllabis
2464 3007 2798 3074 proferatur,

905 3131 967 3138 ..—

702 3211 929 3265 Tne-rm.
1000 3216 1031 3263 2
1057 3209 1238 3264 Schol.
1265 3208 1310 3262 B
1337 3209 1408 3263 ad
1433 3208 1478 3261 B
1504 3215 1568 3264 87
1594 3203 1660 3264 τὸ
1683 3202 1823 3278 ήῦτε
1851 3203 1911 3262 ἐκ
1938 3209 2041 3263 τοῦ
2066 3200 2141 3272 ὥς
2166 3205 2264 3277 (ὥς
2287 3207 2534 3278 Bekker)
2568 3211 2795 3279 γίνεται
2823 3251 2836 3266 .
2862 3230 3056 3265 κανων
3082 3209 3149 3267 δέ

569 3292 722 3351 ἔστιν
747 3294 778 3349 ὁ
806 3292 1016 3364 λέγων,
1040 3285 1131 3349 ὅτι
1157 3291 1226 3347 τὰ
1254 3292 1340 3357 εἰς
1365 3300 1438 3356 HJ}
1460 3289 1708 3362 λήγοντα
1734 3288 2123 3361 ἐπιρρήματα,
2153 3288 2597 3363 συνυπάρχοντιὶ
2622 3315 2766 3362 τινι,
2794 3295 2878 3359 εἰς
2903 3300 2941 3370 ἦ
2963 3294 3146 3366 λήγει,

569 3382 669 3436 καὶ
704 3374 1139 3449 ὁμοτονοῦμενα
1177 3373 1407 3442 αὐτοῖς.
1455 3376 1578 3433 οἷον
1623 3372 1851 3441 πάντως
1885 3374 2104 3447 πάντῃ,
2150 3371 2332 3441 ἄλλως
2368 3371 2542 3451 ἄλλῃ,
2590 3374 2860 3451 οὐδαμῶς
2897 3377 3148 3454 οὐδαμῇ,

570 3467 747 3535 διχῶς
783 3466 937 3537 διχῇ.
1009 3454 1187 3526 οῧτως
1224 3453 1329 3519 οὖν
1366 3463 1466 3518 καὶ
1504 3459 1621 3518 α’πό
1659 3460 1761 3518 τοῦ
1798 3453 1873 3524 ὥς
1911 3459 1976 3532 ἤ,
2013 3464 2113 3518 καὶ
2149 3462 2490 3535 πλεονασμῷ
2525 3466 2631 3521 τοῦ
2665 3471 2700 3522 ὗ
2736 3459 2813 3536 ἠΰ
2837 3508 2850 3521 .
2875 3467 3153 3535 ψιλοῦται

570 3549 636 3606 δὲ
671 3545 748 3613 ὦς
775 3548 877 3605 τοῦ
913 3557 950 3603 ῢ
972 3544 1416 3611 πλεονάσαντος,
1470 3547 1560 3606 Et.
1587 3546 1660 3602 M.
1687 3554 1814 3616 440,
1843 3554 1873 3601 4
1900 3554 2020 3611 τοῖς
2059 3547 2140 3611 εἰς
2177 3553 2250 3611 α’ῖξ
2288 3545 2561 3618 λήγουσιν
2598 3546 2942 3622 ἐπιρρήμασι
2981 3570 3150 3607 συνυ-

571 3635 780 3705 ποῖρχει
817 3628 951 3688 τινὰ
991 3631 1074 3696 εἰς
1111 3638 1146 3701 ἢ
1186 3630 1464 3702 λήγοντα,
1504 3634 1606 3688 καὶ
1642 3630 2026 3702 ὁμοτονοῦσιν
2062 3628 2288 3702 αὐτοῖς,
2331 3632 2454 3688 οἷον
2492 3630 2698 3701 ἄλλως,
2740 3628 2908 3706 ἄλλῃ·
2956 3638 3149 3706 διχῶς,

574 3719 738 3791 διχῇ·
785 3713 1084 3788 οὐδαμῶς,
1133 3712 1365 3791 οὐδαμῇ
1402 3759 1415 3772 .
1451 3712 1808 3788 ὀξυνομένου
1846 3711 1961 3784 ἄρα
2005 3718 2107 3773 τοῦ
2146 3709 2246 3786 ὥς,
2292 3713 2613 3774 ἀντίκειται
2658 3717 2720 3775 τὸ
2756 3714 2821 3791 ἤ,
2865 3716 2939 3784 ὥς
2976 3717 3037 3777 ἐν
3074 3724 3152 3794 τῷ

573 3796 719 3873 (ἦίτε
760 3804 987 3872 ξείνων]
1037 3800 1215 3872 θέμις
1250 3798 1457 3858 ἐστίν’
1504 3795 1541 3870 ἢ
1579 3800 1785 3873 θέμις,
1834 3799 1967 3857 ἀντὶ
2005 3805 2107 3859 τοῦ
2144 3800 2218 3866 ὥς
2256 3802 2427 3874 νόμος
2464 3800 2605 3860 ἐστί.
2680 3805 2803 3876 [καὶ
2840 3812 2961 3870 τοῖς
2999 3806 3079 3870 εἰς
3116 3812 3153 3875 ῆ

576 3885 851 3958 λήγουσιν
886 3882 1267 3957 ἔπιρρήμασιν
1302 3881 1788 3951 ἀντιπαράκειται
1823 3883 1957 3941 τινὰ
1997 3885 2426 3959 συντονοῦμενα
2462 3883 2716 3958 τούτοις,
2757 3890 2880 3946 οἷον
2905 3888 3152 3957 πάντως,

573 3970 786 4042 πάντῃ·
823 3968 924 4035 ὥς,
963 3968 1047 4043 ἠ.]
1117 3974 1305 4027 Τοῦτο
1341 3968 1404 4028 ἐν
1438 3970 1753 4040 προσθέσει
1791 3970 1895 4027 τοῦ
1930 3978 1995 4027 ἦ
2031 3973 2130 4027 καὶ
2166 3976 2508 4043 πλεονασμῷ
2545 3973 2648 4030 τοῦ
2682 3982 2717 4030 v·
2743 3978 2967 4045 γίνεται
2993 3965 3151 4045 ηὖτε.

578 4060 891 4119 Ψιλοῦται,
928 4052 992 4111 τὸ
1030 4052 1139 4127 γὰρ
1175 4080 1211 4113 υ
1245 4052 1706 4125 πλεοναζόμενον
1742 4059 2039 4124 ψιλοῦται.

709 4262 886 4315 Dtscn.
913 4279 1116 4315 scum.
1159 4267 1202 4314 1.
1226 4263 1304 4315 ὣς
1325 4259 1694 4325 RSchneider,
1724 4266 1802 4316 ὡς
1822 4262 1914 4315 ΑΙ)
1946 4265 1954 4325 Ι
1985 4268 2031 4314 2.
2051 4263 2320 4330 punctum
2344 4264 2473 4330 post
2489 4265 2675 4330 φαμέν
2693 4263 2882 4332 posuit.
2899 4263 3150 4331 KLehrsl

573 4355 622 4402 3.
648 4348 986 4414 ςυνυπάρχει
1012 4348 1080 4411 Α,
1107 4345 1258 4398 idem
1283 4346 1525 4401 coniecit
1547 4346 1795 4409 KLehrS‚
1824 4348 2196 4415 ςυνυπάρχειν
2220 4348 2257 4401 b
2288 4351 2297 4412 Ι
2328 4353 2378 4404 4.
2404 4365 2502 4404 ςυν
2525 4348 2655 4402 add.
2678 4348 2715 4401 b
2747 4351 2755 4411 Ι
2786 4355 2836 4404 7.
2859 4350 2965 4417 <ἑν
2989 4366 3155 4417 προς-

575 4434 719 4487 θέςει
752 4436 856 4485 τοῦ
893 4437 958 4486 ff
995 4432 1126 4500 καὶ)
1161 4428 1544 4496 RSchneider‚
1588 4432 1720 4500 (καὶ
1758 4432 1820 4485 ἐν
1856 4432 2107 4487 ςυντάξει
2141 4436 2244 4486 τοῦ
2281 4437 2344 4487 ’ῖὲ
2392 4436 2518 4500 εἥτε
2554 4433 2757 4488 ξείνων
2792 4435 2945 4490 Θέμις
2979 4434 3157 4504 ἑςτί’>

575 4516 810 4570 inseruit
842 4521 975 4570 ante
1009 4521 1184 4571 τοῦτο
1221 4516 1445 4570 KLehre
1490 4517 1500 4584 Ι
1535 4522 1582 4569 8.
1619 4521 1992 4585 ψηλωθεντος
2027 4518 2071 4571 Α
2103 4517 2113 4584 Ι
2153 4520 2280 4585 περὶ
2316 4523 2420 4572 τοο
2455 4517 2519 4583 b,
2556 4534 2687 4585 περι
2720 4535 2789 4572 το
2824 4519 2868 4572 Α
2908 4521 2917 4585 Ι
2961 4525 3039 4573 10.
3076 4520 3154 4573 ὡς

577 4600 958 4666 R-Schneider,
996 4601 1139 4655 duae
1176 4600 1400 4654 litterae
1438 4616 1629 4655 erasae
1665 4600 1722 4654 in
1750 4602 1791 4653 Α
1825 4604 1833 4668 Ι
1866 4643 1879 4653 .
1917 4643 1927 4653 .
1970 4643 1980 4654 .
2020 4618 2102 4655 ςιν
2137 4607 2257 4656 τῶν
2294 4603 2526 4672 μορίων]
2552 4602 2647 4657 fol.
2677 4607 2768 4655 126
2793 4621 2860 4670 r.,
2896 4602 3157 4657 lacunam

577 4684 724 4755 expl.
760 4685 797 4739 b
849 4688 861 4752 Ι
917 4692 995 4740 11.
1032 4688 1129 4740 ὅτε
1165 4686 1227 4750 b,
1265 4686 1353 4739 ὁτι
1389 4688 1433 4740 Α
1480 4694 1488 4748 1
1535 4688 1606 4739 τὸ
1639 4685 1696 4740 τί
1731 4688 1875 4741 ποτε
1911 4685 1978 4752 b,
2014 4702 2082 4740 το
2120 4704 2260 4741 ποτε
2300 4689 2341 4740 Α
2383 4688 2394 4754 Ι
2439 4693 2516 4741 12.
2555 4687 2828 4742 δείδοικας
2864 4686 3159 4755 Homerus,

577 4772 656 4823 δει
691 4771 961 4824 δειδοικας
999 4772 1072 4835 Α,
1107 4772 1176 4837 δὴ
1213 4770 1485 4824 δείδοικας
1520 4769 1557 4823 b
1623 4773 1631 4837 Ι
1699 4776 1775 4823 17.
1823 4771 1953 4839 post
1987 4774 2024 4838 ἦ
2060 4771 2189 4826 add.
2224 4789 2478 4840 προηγον
2513 4773 2568 4826 in
2607 4773 2681 4836 Α,
2718 4772 2817 4826 sed
2854 4771 3106 4827 deletum
3145 4773 3154 4840 Ι

578 4857 940 4923 ψηλουμενου
975 4856 1019 4909 Α
1053 4858 1061 4917 Ι
1092 4860 1172 4913 20.
1209 4858 1398 4925 ςυνῄει
1423 4852 1799 4920 RSchneider,
1837 4857 2020 4910 ςυνδεῖ
2044 4856 2164 4923 Ab,
2203 4857 2439 4912 ςύνειςιν
2464 4856 2688 4928 GUhlig
2717 4859 2726 4926 Ι
2757 4860 2885 4912 εαδε
2924 4861 3086 4912 ευαδε
3111 4858 3155 4910 Α
