3738 5530
599 346 647 399 X
1676 347 2116 402 PRAEFATIO.

599 520 672 580 ut
714 520 866 581 sunt
908 538 1064 581 sane
1109 516 1330 580 inania
1373 519 1452 613 et·
1482 516 1721 597 otiosa,
1780 516 1876 580 ita
1918 537 2001 580 ne
2046 516 2330 580 animum
2375 513 2632 599 quidem
2676 515 2960 599 produnt
3002 516 3198 579 inter·

597 617 879 703 polandi.

777 720 1160 784 Accedimus
1206 719 1286 784 ad
1329 720 1669 785 secundam
1715 741 1999 784 manum.
2101 718 2206 783 Ab
2251 740 2326 783 ea
2380 717 2551 803 quod
2594 719 2662 781 in
2708 739 2923 804 progr.
2971 717 3191 784 Colon.

599 846 663 906 p.
717 824 793 886 12
838 822 1076 886 secrevi
1123 822 1411 898 tertiam,
1468 825 1543 886 ut
1584 843 1745 907 quae
1790 821 2139 886 maioribus
2181 821 2412 885 litteris
2457 841 2574 885 sua
2617 823 2937 903 exararet,
2996 819 3196 884 falsus

597 946 769 988 sum:
814 945 961 987 nam
1008 943 1136 987 uno
1181 943 1292 987 ore
1333 922 1739 1007 JGuttentag
1783 924 1850 986 et
1894 921 2429 1006 OZangemeister
2471 925 2767 987 auctores
2810 925 2996 1002 sunt,
3046 942 3196 986 ean-

600 1027 743 1091 dem
788 1047 1048 1089 manum
1094 1026 1282 1089 modo
1327 1025 1593 1089 minutis
1637 1024 1826 1107 medo
1871 1023 2274 1106 maiusculis,
2321 1046 2481 1109 quas
2512 1027 2783 1105 vocant,
2831 1044 3012 1088 usam
3058 1044 3195 1087 esse

598 1128 863 1210 litteris3
907 1127 972 1190 id
1019 1131 1084 1191 et
1127 1142 1207 1191 ex
1244 1130 1603 1191 atramento
1647 1126 1833 1190 modo
1878 1124 2160 1211 nigriore
2205 1126 2394 1190 modo
2437 1125 2798 1210 pallidiore,
2844 1128 2911 1189 et
2954 1147 3031 1188 ex
3076 1125 3190 1187 mi·

599 1230 776 1293 nutis
820 1228 1084 1311 litteris,
1141 1250 1302 1312 quae
1357 1228 1626 1293 subinde
1669 1227 2016 1293 maioribus
2061 1225 2382 1291 admixtae
2425 1227 2585 1306 sint,
2646 1227 2970 1312 cognosci.
3072 1226 3195 1291 Sed

599 1331 943 1396 discrimen
998 1330 1152 1395 licet
1206 1331 1275 1393 in
1328 1351 1638 1394 manuum
1682 1329 2053 1394 diversitate
2098 1330 2378 1413 positum
2424 1350 2555 1393 non
2611 1329 2726 1408 sit,
2791 1331 3009 1393 tamen
3062 1349 3193 1392 non

607 1434 817 1497 omnis
861 1432 1107 1496 tollitur
1152 1431 1614 1514 discrepantia:
1672 1454 1825 1496 nam
1869 1453 2032 1515 quae
2073 1431 2420 1495 maioribus
2465 1430 2699 1496 litteris
2743 1435 3003 1495 exarata
3046 1433 3198 1493 sunt

606 1536 797 1618 (All),
840 1538 1097 1599 tantum
1140 1555 1274 1598 non
1320 1533 1538 1598 omnia
1582 1535 2154 1617 interpretamenta
2199 1554 2337 1596 esse
2382 1537 2651 1617 apparet
2693 1536 2760 1596 et
2788 1536 3192 1617 argumenta,

601 1659 765 1721 quae
823 1636 1216 1722 excogitavit
1267 1635 1562 1700 librarius
1623 1634 1762 1719 ille3
1822 1657 1983 1719 quae
2025 1635 2296 1699 minutis
2337 1634 2567 1699 litteris
2612 1634 2789 1719 (A2),
2849 1634 3192 1718 scripturas

602 1760 759 1821 esse,
806 1759 964 1822 quas
1008 1738 1237 1823 petivit
1280 1760 1315 1802 e
1360 1737 1577 1801 codice
1620 1731 1896 1821 quod‘am
1942 1736 2190 1801 diverso
2234 1736 2316 1800 ab
2361 1740 2420 1800 A
2464 1736 2612 1801 libri
2658 1737 3020 1821 archetype.

768 1839 867 1904 Ea
911 1841 1083 1903 enim
1126 1839 1343 1903 indole
1372 1839 1664 1923 praedita
1693 1842 1793 1903 est
1834 1839 2043 1923 prima
2069 1860 2329 1921 manus,
2375 1842 2447 1902 ut
2475 1839 2720 1902 eniteat
2762 1839 2829 1902 in
2864 1839 2985 1915 eis,
3029 1860 3193 1923 quae

598 1940 889 2021 exhibet,
944 1945 1193 2006 scateat
1245 1940 1513 2005 lacunis.
1602 1940 1845 2016 Quibus
1903 1944 1974 2004 ut
2026 1939 2336 2005 medelam
2382 1939 2717 2004 adhiberet
2759 1940 3038 2004 secunda
3081 1944 3193 2004 aut

596 2043 752 2107 vitia
796 2043 1082 2126 tolleret,
1138 2042 1373 2107 librum
1416 2043 1693 2107 excussit
1735 2064 1908 2107 nunc
1953 2041 2383 2126 deperditum3
2437 2064 2589 2105 nam
2633 2044 2698 2105 in
2747 2041 2861 2105 illa
2904 2042 3192 2131 syntaxis

594 2149 805 2229 parte,
861 2145 970 2209 ubi
1024 2144 1332 2208 deficiunt
1387 2166 1607 2209 omnes
1651 2143 1799 2208 libri
1842 2147 2095 2229 praeter
2137 2147 2196 2208 A
2245 2146 2336 2229 (p.
2389 2146 2528 2228 137,
2578 2144 2931 2225 19—181,
2993 2144 3069 2207 18
3123 2144 3191 2225 b)

594 2246 764 2310 haud
833 2267 1035 2331 pauca
1078 2246 1166 2310 A²
1223 2245 1549 2329 adscribit,
1619 2268 1779 2330 quae
1844 2268 2246 2331 nequaquam
2315 2249 2577 2330 sapiant
2638 2245 3192 2330 interpolatorem3

594 2351 784 2432 atque
842 2349 985 2412 aliis
1037 2369 1288 2432 quoque
1342 2347 1534 2431 locis,
1600 2370 1763 2432 quae
1813 2370 1980 2413 unus
2031 2349 2120 2412 Α2
2176 2349 2488 2430 servavit,
2544 2348 2830 2433 genuina
2894 2368 3031 2412 esse
3084 2351 3196 2411 aut

594 2450 977 2515 asseclarum
1036 2451 1402 2515 testimonio
1457 2453 1557 2531 (ut
1610 2454 1780 2534 synt.
1834 2453 1932 2533 11,
1963 2451 2044 2514 27
2079 2488 2160 2498 -
2188 2449 2272 2514 28
2307 2449 2349 2513 b
2394 2450 2535 2514 coll.
2581 2449 2780 2514 Prisc.
2828 2448 2892 2513 II
2936 2472 3000 2533 p.
3055 2450 3192 2533 116,

600 2552 677 2617 18
725 2551 953 2635 Hertz)
1010 2557 1121 2617 aut
1173 2552 1313 2636 ipsa
1360 2551 1682 2617 sententia
1731 2552 2146 2617 confirmatur
2198 2552 2302 2638 (ut
2351 2556 2521 2638 synt.
2571 2552 2718 2633 308,
2766 2551 2843 2615 10
2872 2589 2941 2598 —
2982 2554 3048 2614 ll
3099 2551 3190 2636 b).

595 2655 888 2737 Apparet
938 2653 1168 2737 igitur,
1233 2675 1646 2738 quaecunque
1701 2676 1930 2719 manus
1986 2653 2267 2718 secunda
2321 2653 2587 2718 minutis
2643 2652 2873 2717 litteris
2931 2653 3192 2733 addidit,

595 2754 762 2820 tanti
797 2777 935 2820 esse
981 2755 1282 2839 ponderis
1325 2759 1425 2840 ut,
1471 2756 1596 2821 nisi
1640 2757 1750 2821 ubi
1799 2756 2155 2822 iustissima
2197 2755 2283 2820 sit
2325 2777 2547 2837 causa,
2592 2776 2718 2837 qua
2749 2754 3027 2838 suspicio
3057 2775 3192 2818 mo-

595 2861 850 2940 veatur,
896 2856 1238 2921 subditicia
1280 2878 1412 2920 non
1443 2857 1575 2922 sint
1617 2859 1921 2942 putanda.
2010 2857 2134 2922 Sed
2179 2858 2258 2921 de
2300 2861 2438 2920 tota
2479 2857 2601 2920 hac
2631 2857 3003 2940 quaestione
3046 2854 3188 2938 plu-

594 2959 772 3023 ribus
819 2958 1027 3023 verbis
1072 2962 1225 3043 aget
1270 2957 1533 3043 GUhlig
1576 2959 1643 3021 in
1687 2959 1806 3035 ei8‚
1860 2978 2035 3041 -quae
2091 2957 2489 3041 praefabitur
2543 2956 2623 3019 ad
2680 2955 2876 3019 libros
2921 2956 2998 3020 de
3043 2978 3191 3021 con-

596 3060 984 3125 structione:
1046 3058 1147 3124 his
1191 3060 1361 3124 enim
1416 3060 1597 3124 libris
1651 3082 1690 3123 a
1733 3059 2012 3123 secunda
2064 3081 2262 3123 manu
2318 3058 2642 3141 adscripta
2694 3060 2844 3121 sunt
2894 3057 3190 3142 plurima,

596 3183 800 3246 pauca
858 3162 1503 3226 commentationibus
1558 3162 1635 3225 de
1693 3161 1994 3225 adverbio
2052 3164 2119 3224 et
2161 3161 2239 3224 de
2293 3159 2769 3238 coniunctione,
2828 3161 2991 3226 nihil
3051 3163 3182 3226 fere

597 3264 964 3347 scriptioni,
1008 3285 1135 3348 qua
1179 3263 1255 3327 de
1299 3263 1675 3347 pronomine
1723 3262 2072 3326 disseritur.

764 3364 1102 3430 Praeterea
1145 3364 1516 3449 saepissime
1560 3365 1629 3428 in
1659 3364 1950 3448 syntaxi,
2000 3364 2204 3429 rarius
2247 3370 2315 3428 in
2362 3365 2589 3429 ceteris
2634 3366 2890 3448 scriptis
2935 3367 3017 3431 ab
3048 3367 3192 3431 aliis

598 3466 895 3531 manibus
940 3471 1006 3532 et
1049 3470 1350 3530 accentus
1396 3472 1462 3530 et
1503 3466 1918 3550 aspirationis
1963 3467 2153 3550 signa
2195 3466 2452 3550 appicta
2493 3471 2645 3531 sunt
2687 3471 2753 3532 et
2796 3468 3047 3534 litterae
3090 3469 3192 3534 vel

596 3590 817 3656 erasae
860 3569 962 3633 vel
1007 3571 1324 3632 mutatae:
1381 3590 1544 3652 quae
1587 3570 1746 3652 quot
1784 3565 2013 3632 manus
2057 3568 2408 3632 adiecerint
2448 3573 2559 3633 aut
2602 3592 2730 3654 qua
2771 3571 3023 3636 ratione
3065 3571 3189 3635 hae

502 3727 507 3734 Α
598 3692 823 3735 manus
854 3669 1311 3734 discernendae
1341 3670 1504 3753 sint,
1551 3672 1625 3733 ut
1664 3667 2041 3753 perdifficile
2072 3669 2165 3734 ita
2193 3669 2420 3734 inutile
2451 3674 2549 3735 est
2577 3693 2909 3754 quaerere:
2954 3671 3191 3737 nullius

598 3773 771 3837 enim
817 3772 1008 3855 pretii
1052 3776 1222 3838 sunt.
1326 3770 1465 3846 Qua
1509 3792 1577 3836 re
1631 3772 1790 3836 moti
1834 3792 2058 3835 omnes
2103 3772 2239 3836 eius
2283 3772 2539 3855 generis
2586 3774 3016 3838 correctiones
3060 3796 3188 3838 uno

599 3877 687 3937 Αἰ
731 3875 919 3958 signo
967 3872 1583 3957 comprehendimus.

766 3974 962 4039 Plura
1006 3975 1084 4039 de
1129 3975 1345 4040 codice
1389 3973 1684 4039 Parisino
1738 3976 1861 4041 hoc
1906 3975 2045 4040 loeo
2089 3976 2471 4059 supersedeo
2515 3977 2754 4059 dicere,
2811 3978 3186 4060 praesertim

484 4148 493 4157 ‚
598 4099 741 4142 cum
787 4076 855 4140 in
901 4077 1117 4144 animo
1164 4077 1250 4142 sit
1300 4076 1452 4141 huic
1497 4077 1766 4142 editioni
1809 4077 2063 4142 tabulas
2119 4078 2352 4142 addere
2393 4078 2971 4163 photographicas,
3029 4101 3190 4164 quae

596 4179 754 4242 duas
799 4179 1088 4262 syntaxis
1132 4179 1406 4263 paginas
1449 4179 2048 4263 repraesentabunt.

764 4280 924 4344 Eius
979 4282 1182 4365 partis
1227 4281 1460 4346 codicis
1505 4280 1810 4364 Parisini‚
1865 4303 2027 4365 quae
2083 4281 2280 4346 libros
2336 4283 2414 4347 de
2441 4282 2759 4348 ,adverbio
2814 4288 2882 4348 et
2922 4285 3002 4348 de
3043 4305 3188 4368 pro-

598 4382 860 4446 nomine
903 4383 1223 4465 continet,
1281 4382 1725 4467 apographum
1780 4383 1851 4446 in
1895 4382 2287 4448 bibliotheca
2329 4383 2931 4468 Lugduno-Batava
2973 4385 3187 4450 adser-

597 4486 784 4548 vatur
823 4484 953 4570 (L).
1044 4483 1225 4560 Quod
1271 4487 1516 4568 petenti
1560 4484 1748 4563 mihi,
1796 4506 1923 4568 qua
1966 4489 2117 4548 sunt
2162 4483 2564 4551 humanitate
2608 4490 2674 4552 et
2717 4487 3182 4565 benevolentia,

598 4586 1098 4650 transmiserunt
1164 4585 1627 4671 WGPluygers
1673 4585 2111 4669 WNduRieu,
2178 4587 2299 4651 viri
2357 4588 2724 4671 clarissimi,
2782 4589 3012 4673 quibus
3068 4587 3189 4652 hac

594 4686 812 4752 oblata
866 4687 1345 4772 opportunitate
1404 4687 1715 4752 maximas
1757 4688 2000 4772 gratias
2046 4709 2186 4774 ago.
2273 4689 2352 4753 In
2393 4691 2600 4774 primo
2645 4691 2780 4755 eius
2828 4690 3184 4776 apographi

592 4787 748 4853 folio
806 4787 973 4861 haec}
1018 4788 1357 4873 adscripsit
1414 4787 1826 4854 DRuhnken:
1899 4789 2008 4853 «In
2060 4789 2192 4856 MS.
2248 4789 2453 4875 Regio
2501 4791 2828 4876 praecedit
2882 4792 3045 4857 liber
3102 4793 3180 4856 de
