3738 5530
674 348 793 412 188
1581 349 1759 400 ΠΕΡΙ
1797 348 2354 399 ΕΠἹΡΡΗΜΑΤΩΝ.

1692 457 2235 508 ρ.εοι,5-σοιι,ιοιι

666 554 747 619 τὰ
776 553 1169 632 πρωτότυπα
1196 555 1272 617 τὸ
1313 547 1616 619 τοιοῦτον
1659 555 2155 634 παρακολουθεῖ,
2201 552 2292 616 ὡς
2335 551 2661 629 πρόκειται
2704 550 2812 616 ἐπὶ
2851 556 2969 617 τοῦ
3013 555 3260 631 χαμᾶ-

666 662 835 738 θεν,
877 656 1244 733 τηλόθεν,
1290 656 1664 736 ἀγχόθεν·
1710 656 1786 721 τὸ
1830 656 1955 734 γὰρ
2000 654 2241 718 ἐκεῖθεν
2286 651 2366 719 οὐ
2411 656 2563 736 τῇδε
2608 652 2757 732 ἔχει.

837 756 933 821 Τὰ
976 756 1064 821 εἰς
1116 744 1227 824 θ-εἶ
1272 759 1559 836 λήγοντα
1602 758 1998 837 ἐπιρρήματα
2041 756 2476 835 παραλήγεται
2521 756 2881 835 φωνήεντι,
2941 757 2995 839 ᾧ
3041 757 3143 820 καὶ
3184 758 3260 821 τὸ
3314 782 3365 822 ιο

665 860 854 923 τέλος
895 861 1008 936 τῆς
1051 863 1303 937 γενικῆς
1347 865 1465 925 τοῦ
1512 858 1862 938 ὀνόματος·
1909 858 1963 924 εἰ
2006 860 2078 923 δὲ
2124 860 2224 922 καὶ
2268 857 2399 923 ἀπὸ
2444 857 2874 937 ἑπιρρήματος
2903 856 3022 940 εἴη,
3066 857 3260 924 πάλιν

600 979 633 1025 5
666 967 758 1043 τῷ
789 960 964 1043 αὐτῷ
996 961 1446 1040 παραλήγεται,
1491 962 1586 1027 δι’
1616 960 1696 1026 οὗ
1726 960 1803 1025 τὸ
1835 964 2037 1039 λῆγον
2068 965 2185 1025 τοῦ
2216 963 2675 1041 πρωτοτύπου·
2720 959 2775 1024 εἰ
2805 961 2877 1024 δὲ
2907 959 3262 1039 δίφθογγος

665 1062 795 1144 εἴη,
862 1063 1072 1127 καθὼς
1138 1062 1498 1143 πρόκειται,
1576 1062 1924 1129 ἀποπίπτει
1997 1064 2073 1127 τὸ
2139 1063 2209 1127 έν
2277 1069 2370 1147 τῷ
2440 1064 2606 1127 τέλει
2685 1064 2980 1142 φωνῆεν,
3063 1062 3263 1140 ἀρχῆς

666 1163 978 1246 ἀρχῆθεν,
1023 1163 1222 1243 θύρας
1280 1164 1587 1247 θύραθεν,
1634 1167 1831 1244 τηλοῦ
1898 1166 2196 1243 τηλόθεν,
2261 1164 2550 1243 οὐρανοῦ
2607 1163 2999 1243 οὐρανόθεν,
3048 1163 3260 1243 Θήβης
3315 1187 3364 1226 15

665 1266 990 1349 Θήβηθεν,
1059 1265 1288 1331 Λυκίας
1353 1267 1692 1344 Λυκίαθεν,
1758 1265 2001 1345 ἀγορῆς
2066 1266 2418 1348 ἀγορῆθεν,
2488 1266 2694 1345 ἀγχοῦ
2751 1265 3065 1343 ἀγχόθεν,
3130 1270 3261 1330 ποῦ

603 1359 610 1370 ’
665 1367 888 1432 πόθεν.
973 1372 1114 1432 πῶς
1168 1367 1289 1432 οὖν
1344 1370 1519 1448 παρὰ
1574 1369 1651 1433 τὸ
1709 1367 2085 1449 ἀμφοτέρου
2141 1363 2243 1434 κἀὶ
2303 1368 2611 1446 ἑκατέρου
2654 1367 2801 1448 (καὶ
2855 1365 3123 1449 ἑτέρου>
3180 1367 3261 1431 οὐ

570 1488 632 1535 10
668 1470 841 1550 μένει
898 1470 974 1535 τὸ
1033 1475 1071 1534 δ
1127 1471 1199 1534 ἐν
1269 1478 1360 1554 τῷ
1415 1471 2022 1550 ἀμφοτέρωθεν,
2092 1470 2622 1552 ἑκατέρωθεν,
2693 1468 3110 1548 ἑτέρωθεν;
3182 1506 3257 1514 -

667 1571 863 1649 Φηςὶν
920 1570 1039 1637 οὖν
1093 1572 1131 1636 ὁ
1178 1572 1462 1652 Τρύφων
1507 1569 1599 1656 (p.
1646 1572 1730 1635 53
1775 1568 2042 1655 Velsen)
2102 1571 2442 1649 ἰδιαίτερόν
2504 1572 2594 1637 ὡς
2638 1572 2720 1635 τὰ
2762 1570 2870 1635 διὰ
2912 1573 3029 1633 τοῦ
3073 1575 3260 1648 τῖρῖῖς

665 1674 1058 1749 πρωτότυπα
1113 1675 1219 1738 διὰ
1273 1676 1390 1738 τοῦ
1449 1677 1504 1737 ὦ
1558 1673 1909 1752 παράγεται
1965 1675 2125 1738 κατὰ
2175 1675 2258 1738 τὰ
2325 1673 2734 1753 ἐπιρρήματα.
2796 1708 2871 1717 -
2934 1672 3042 1751 Μή
3099 1693 3257 1737 ποτε
3309 1658 3389 1733 ω’

667 1776 739 1839 δὲ
802 1774 1008 1853 βίαιόν
1065 1774 1264 1851 ἐςτιν,
1321 1773 1422 1839 ὅτι
1475 1777 1569 1839 δι’
1624 1775 1825 1841 αὐτοῦ
1883 1779 2000 1839 τοῦ
2057 1775 2454 1853 ζητουμένου
2509 1775 2548 1853 ἡ
2605 1772 2911 1839 άπόλυςίς
2956 1773 3100 1837 ἑςτι.
3175 1775 3257 1853 μή

664 1875 824 1940 ποτ’
868 1875 1010 1956 οὖν,
1060 1874 1113 1940 εἰ
1156 1876 1414 1941 δέδοται
1459 1879 1559 1941 καὶ
1603 1876 1736 1942 ἀπὸ
1783 1877 2230 1956 ἐπιρρημάτων
2261 1877 2652 1958 παράγεςθαι
2683 1878 2800 1957 τὴν
2830 1875 3253 1954 προκειμένην

568 1997 626 2044 15
661 1978 1088 2056 παραγωγήν,
1145 1978 1334 2054 ἐγγύς
1373 1979 1673 2054 ἐγγύθεν,
1731 1978 1878 2044 ἑκάς
1932 1978 2192 2062 ἑκάθεν,
2260 1978 2749 2044 άποπίπτοντος
2801 1981 2920 2043 τοῦ
2976 1981 3013 2042 ἰ
3059 1976 3255 2059 (ἀλλά
3305 1993 3358 2034 ²5

663 2079 769 2143 καὶ
811 2079 1126 2156 λήγοντος
1165 2084 1284 2145 τοῦ
1326 2082 1724 2160 φωνήεντος,
1770 2079 1911 2145 ἄνω
1966 2079 2250 2158 ἄνωθεν,
2296 2080 2470 2145 κάτω
2532 2079 2882 2163 κάτωθεν),
2930 2079 3259 2157 δοθήςεται

663 2181 768 2245 καὶ
820 2179 953 2245 ἀπὸ
1014 2180 1438 2261 ἐπιρρήματος
1481 2185 1600 2247 τοῦ
1645 2182 1992 2265 ἑκατέρως,
2046 2181 2465 2263 ἀμφοτέρως,
2519 2181 2755 2261 ἑτέρως
2798 2183 2914 2262 τήν
2958 2201 3259 2261 παραγω-

664 2282 786 2360 γὴν
833 2286 1226 2360 γεγενῆςθαι.

832 2383 962 2448 Ἔτι
1005 2384 1350 2470 ἐπηπόρει,
1395 2392 1533 2451 πῶς
1576 2386 1841 2462 γεγόνοι
1887 2385 1963 2449 τὸ
2008 2386 2364 2468 γειόθεν,
2410 2385 2936 2465 παραδεχόμενος
2982 2384 3072 2468 ᾠς
3105 2384 3258 2451 ἀνά-

561 2503 627 2552 20
665 2487 866 2561 λογον
929 2486 1006 2551 τὸ
1072 2489 1295 2565 γῆθεν·
1374 2488 1552 2567 παρὰ
1614 2488 1738 2567 γὰρ
1808 2487 1925 2566 τὴν
1991 2490 2108 2564 γῆς
2171 2489 2456 2570 γενικήν,
2526 2487 2617 2551 ὡς
2695 2484 2894 2566 ἀρχῆς
2959 2486 3257 2566 ἀρχῆθεν.
3309 2500 3364 2540 ³⁰

664 2586 767 2651 καὶ
824 2585 917 2651 ἔτι
983 2589 1130 2667 περὶ
1187 2593 1304 2654 τοῦ
1367 2590 1898 2655 Δεκελειόθεν
1956 2586 2217 2673 (Gallim
2270 2588 2350 2653 fr.
2396 2587 2524 2652 234
2578 2586 2982 2673 Schneider)·
3035 2589 3106 2653 ἐν
3163 2589 3259 2653 οἷς

663 2686 845 2762 ἔλεγε
901 2690 982 2769 μὴ
1038 2689 1215 2769 παρὰ
1256 2691 1333 2756 τὸ
1377 2691 1691 2756 Δεκέλεια
1732 2694 2083 2774 παρῆχθαι,
2139 2691 2314 2772 παρὰ
2371 2692 2444 2756 δὲ
2495 2692 2613 2756 τὸν
2672 2691 3098 2771 μετειληφότα
3140 2693 3258 2755 τοῦ

665 2790 871 2869 δήμου
924 2791 1244 2870 Δεκελέα,
1309 2792 1469 2858 ὥςτε
1523 2796 1700 2873 παρὰ
1753 2796 2010 2873 γενικὴν
2066 2795 2182 2874 τὴν
2237 2794 2560 2858 Δεκελέος
2612 2793 3014 2858 Δεκελεόθεν
3071 2792 3254 2870 εἶναι,

663 2891 765 2956 καὶ
807 2893 963 2970 μετὰ
1007 2898 1304 2974 περιςςοῦ
1349 2898 1468 2960 τοῦ
1510 2899 1533 2961 ῐ
1575 2896 2021 2961 Δεκελειόθεν.
2070 2933 2145 2941 -
2202 2896 2500 2974 Ἄμεινον
2557 2897 2628 2961 δὲ
2684 2895 2788 2960 καὶ
2831 2895 3041 2959 οὕτως
3093 2895 3254 2974 ὑπὲρ
3291 2907 3395 2956 602

562 3014 644 3061 25.
664 2993 916 3060 τούτων
974 2995 1204 3074 φάναι,
1264 2995 1353 3063 ὡς
1400 2998 1518 3062 οὐκ
1575 2997 1910 3076 ἀςυνήθως
1963 2997 2041 3064 τὸ
2086 3001 2130 3062 ἃ
2184 2997 2320 3062 ἔςθ’
2376 2995 2485 3061 ὅτε
2543 2997 2912 3077 μεταπίπτει
2962 2996 3171 3081 εἰς-τὸ
3216 3000 3254 3060 ὃ

664 3096 826 3160 κατὰ
882 3096 1166 3163 ςύνθεςιν
1222 3100 1325 3163 καὶ
1379 3101 1810 3179 παραγωγήν,
1875 3100 2153 3165 θάλαςςα
2217 3098 2728 3177 θαλαςςομάχος,
2789 3103 3029 3178 ςφαῑρα
3072 3119 3254 3179 ςφαι-

664 3196 996 3277 ρομάχος,’
1042 3200 1367 3285 τραγῳδία
1428 3202 2036 3285 τραγῳδιογράφος,
2110 3201 2365 3281 χίμαιρα
2422 3200 2921 3282 χιμαιροφύλαξ,
2986 3200 3090 3265 καὶ
3154 3200 3256 3264 ἐπὶ
3306 3222 3334 3262 5

663 3300 926 3377 τέλους,
994 3300 1381 3385 ἀθάλαςςος,
1447 3301 1784 3383 εὔμουςος.Δ
1854 3303 1954 3368 καὶ
2013 3302 2068 3368 εἰ
2122 3306 2352 3379 τοῦτο,
2417 3302 2498 3367 οὐ
2571 3301 2776 3382 βίαιον
2844 3302 2916 3366 ἐν
2982 3307 3060 3384 τῇ
3125 3321 3253 3385 τοι·

663 3401 822 3485 αύτῃ
888 3408 1242 3484 παραγωγῇ
1306 3406 1382 3468 τὸ
1438 3424 1479 3468 α
1536 3403 1625 3468 εἰς
1681 3405 1756 3470 τὸ
1821 3409 1861 3470 ὃ
1917 3404 2374 3484 μετατίθεςθαι,
2446 3402 2608 3469 ὥςτε
2670 3406 3043 3480 γεγενῆςθαι
3094 3401 3256 3481 παρ’

563 3524 630 3571 30
664 3501 1108 3583 ἐντελέςτερον
1151 3504 1229 3569 τὸ
1284 3508 1439 3580 γαῖα
1479 3507 1555 3570 τὸ
1612 3507 1872 3583 γαιόθεν
1922 3507 2025 3571 καὶ
2079 3506 2365 3588 γειόθεν,
2418 3505 2519 3569 καὶ
2573 3507 2749 3583 παρὰ
2803 3504 2879 3569 τὸ
2924 3505 3254 3586 Δεκέλεια,

658 3605 777 3668 τὸν
824 3608 1027 3683 δῆμον
1070 3608 1188 3671 τοῦ
1234 3608 1702 3687 ςημαινομένου
1747 3611 2127 3692 δηλοῦντος,
2171 3606 2246 3672 τὸ
2294 3606 2736 3673 Δεκελειόθεν.
2796 3605 2941 3671 ἰδοὺ
2985 3607 3111 3686 γὰρ
3153 3606 3254 3671 καὶ
3307 3631 3361 3669 ιο

661 3706 838 3784 παρὰ
866 3707 941 3770 τὸ
974 3706 1111 3785 ῥίζα
1140 3706 1420 3787 ῥιζόθεν,
1456 3708 1691 3789 ἐςχάρα
1720 3709 2094 3789 ἐςχαρόθεν,
2142 3710 2456 3789 Μήθυμνα
2488 3709 2938 3790 Μηθυμνόθεν,
2990 3707 3256 3785 Μέγαρα

665 3807 1065 3886 Μεγαρόθεν.
1162 3809 1256 3873 Οὐ
1314 3809 1519 3891 βίαιον
1576 3812 1648 3876 δὲ
1692 3813 1791 3875 καὶ
1833 3811 1911 3876 τὸ
1957 3812 2238 3892 χαμόθεν
2283 3810 2443 3875 κατὰ
2484 3811 2561 3875 τὸ
2608 3809 2903 3888 ςύνηθες,
2947 3815 3065 3876 τοῦ
3112 3810 3250 3889 ςχή-

660 3928 856 3987 ματος
901 3908 1332 3977 ἀπαιτοῦντος
1374 3910 1451 3977 τὸ
1497 3914 1800 3991 χαμᾶθεν.

797 4093 1016 4153 Aaou.
1087 4103 1119 4150 3
1164 4094 1455 4151 Adverbia
1505 4096 1565 4151 in
1608 4100 1710 4152 θε-ιῖ
1747 4115 1777 4153 e
1812 4098 2094 4169 genetivis
2129 4098 2282 4153 faeta
2315 4114 2442 4152 eum
2477 4097 2562 4151 ita.
2596 4095 2844 4151 derivari
2879 4095 3125 4161 soleant,
3164 4096 3252 4160 -ut,

660 4176 762 4231 nbi
805 4179 1100 4247 genetivus
1143 4179 1203 4234 in
1249 4180 1666 4252 diphthongum
1702 4182 1880 4245 cadit,
1926 4185 2081 4253 prior
2116 4182 2323 4238 vocalis
2357 4183 2639 4237 servetur:
2686 4182 3098 4248 ἀμφοτέρωθεν
3132 4180 3251 4233 sim.

665 4276 776 4315 non
821 4262 892 4317 ab
937 4264 1292 4334 ἀμφοτέρου,
1338 4265 1438 4320 sed
1483 4266 1554 4320 ab
1599 4265 1891 4321 adverbiis
1932 4267 1992 4320 in
2030 4273 2109 4323 αῖς
2154 4268 2279 4321 orta.
2322 4283 2441 4321 esse
2478 4266 2759 4321 videntur.
2810 4295 2877 4304 —
2934 4271 2997 4320 19
3036 4267 3254 4320 Γειόθεν

661 4348 1032 4485 &gamem
1080 4350 1292 4405 formae
1328 4350 1470 4404 nihil
1505 4349 1827 4406 offensionis
1860 4350 2102 4406 habent:
2148 4352 2371 4422 saepius
2414 4351 2565 4406 enim
2607 4351 2668 4404 in
2712 4348 3091 4404 commissuris
3125 4357 3160 4405 ἃ
3193 4349 3251 4402 in

662 4434 697 4484 ὃ
861 4431 948 4486 sit.

794 4582 985 4639 Dmcn.
1023 4604 1219 4646 scam.
1291 4594 1369 4642 10.
1409 4592 1499 4643 καὶ
1536 4592 1735 4660 ἑτέρου
1772 4589 1904 4645 add.
1942 4590 1980 4645 b
2029 4595 2039 4659 Ι
2088 4605 2151 4644 εν
2186 4606 2271 4643 τω
2296 4590 2360 4644 A·
2399 4591 2458 4642 in
2494 4605 2671 4659 marg.
2725 4593 2734 4656 Ι
2785 4595 2866 4644 12.
2896 4589 3250 4656 πρωτότυπα

660 4668 727 4734 b,
763 4685 1039 4736 προςωπα
1076 4673 1120 4725 Α
1167 4676 1177 4738 Ι
1234 4678 1312 4727 19.
1350 4676 1572 4739 γειόθεν
1607 4674 1674 4743 b,
1711 4678 1924 4744 γηοθεν
1959 4678 2031 4743 Α,
2066 4674 2166 4729 sed
2204 4674 2425 4730 videtur
2460 4690 2579 4729 esse
2615 4674 2674 4728 in
2711 4679 2934 4742 γειοθεν
2969 4675 3251 4729 mutatum

662 4750 734 4806 ab
771 4754 848 4808 Aa
879 4759 889 4821 Ι
919 4760 1003 4809 24.
1037 4755 1330 4826 Ἄμεινον]
1371 4757 1466 4813 fol.
1512 4766 1608 4815 143
1634 4779 1681 4813 v.
1716 4761 1726 4828 Ι
1755 4766 1838 4815 30.
1878 4761 1949 4814 τὸ
1983 4761 2256 4816 Δεκέλεια
2290 4759 2352 4827 b,
2390 4776 2493 4814 τον
2528 4761 2760 4814 δεκελεα
2795 4762 2839 4816 Α
2870 4763 2879 4828 Ι
2918 4766 3001 4816 ³1.
3039 4762 3252 4829 δηλοῦν

661 4852 764 4906 pro
799 4840 1110 4907 δηλοῦντος
1146 4839 1424 4896 GDronke
