3738 5530
566 346 1006 403 Commentarius
1034 348 1263 403 criticus
1291 349 1350 403 et
1377 348 1697 418 exegeticus
1723 347 1785 402 in
1812 347 2102 418 Apollonii
2128 347 2362 418 Dyscoli
2388 348 2599 417 scripta
2624 347 2857 404 minora.
2936 348 3059 413 147

452 521 522 576 ut
560 519 713 577 mter
756 512 1023 579 ὀτοτοῖ
1069 522 1122 577 ct
1165 513 1464 589 ἆται-αἳ,
1511 517 1797 593 colh’yitw·
1831 512 2050 578 ὠοιοί
2087 515 2170 592 (et
2207 512 2436 592 ὤμοι)
2472 535 2593 577 mm
2625 535 2824 577 mmus
2858 519 3065 578 adver-

454 607 614 666 bium
657 624 780 667 esse
821 625 1000 683 quam
1044 603 1268 668 ὠαιαί
1316 608 1464 683 127,
1483 608 1657 666 27-
1664 607 1810 682 128,
1831 609 1887 665 2.
1926 638 2014 649 -
2053 606 2109 682 e)
2154 604 2217 666 A
2247 608 2698 682 pronmmnibus
2731 609 2969 682 prime
3014 611 3069 667 et

453 697 740 756 secmzdae
789 698 970 757 verba
1021 715 1326 772 nmquam
1376 698 1752 768 dmvantwm
1816 699 1983 771 atqui
2038 690 2339 770 οἰμώζω
2398 696 2474 756 ab
2539 689 2747 772 οἴμοι
2799 697 3067 768 ducitur,-

456 804 597 864 ergo
641 804 751 846 nec
797 781 969 862 οἴμοι
1014 806 1121 847 nec
1166 782 1330 862 ὤμοι
1383 805 1707 864 pronomen
1768 803 1893 846 esse
1947 788 2160 862 potest.
2249 785 2469 846 Contra
2512 787 2587 846 ab
2634 786 2927 846 adverbiis
2970 787 3066 846 de-

452 877 736 935 scenchmt
785 878 990 945 verba,
1044 881 1112 936 ut
1162 878 1237 936 ab
1292 870 1450 936 αἰαί
1496 870 1732 937 αἰάζω
1787 879 1838 935 et
1883 893 1925 935 a
1969 870 2140 935 λίαν
2186 869 2434 936 λιάζω.
2524 874 2829 934 Adverbia
2880 877 3068 954 igitur

454 968 593 1023 sunt
645 965 757 1025 illa
804 967 951 1041 128,
972 967 1161 1027 3-9,
1253 965 1340 1025 Of.
1387 965 1584 1024 DThr.
1628 967 1817 1041 71,1,
1871 963 2190 1043 Egenolffii
2244 967 2585 1024 accuratam
2639 967 3066 1042 expositionem

452 1054 509 1110 V
554 1073 611 1130 p.
655 1056 959 1114 132—35
1008 1058 1070 1115 et
1113 1054 1231 1113 ind.
1271 1074 1315 1114 s.
1346 1075 1401 1114 v.
1449 1049 1879 1130 (χετλιαετικά
1923 1056 1986 1112 et
2029 1049 2408 1129 ἐπίφθεγμα.

634 1146 1064 1219 127,12-14
1096 1169 1181 1192 ===
1210 1144 1387 1204 schol.
1426 1143 1623 1203 DThr.
1667 1145 1816 1220 946,
1836 1144 2100 1203 26-30
2147 1135 2327 1226 (100,
2349 1144 2608 1203 11-15
2636 1135 2848 1225 Hilg.)

635 1235 782 1307 127,
805 1234 887 1292 14
943 1229 1220 1313 ἔφαμεν]
1279 1233 1410 1293 adv.
1461 1235 1609 1309 121,
1631 1235 1922 1309 22—326
1985 1231 2087 1292 ubi
2141 1253 2199 1292 v.
2244 1233 2446 1293 adnot.
2493 1232 2705 1306 Matth.
2755 1233 2915 1360 1043
2976 1235 3068 1294 ita

455 1324 662 1382 vertit:
722 1317 876 1382 ‘iam
928 1342 1070 1383 vero
1123 1323 1381 1382 diximus
1436 1341 1567 1382 eam
1620 1342 1696 1382 ne
1749 1324 1909 1382 inter
1961 1322 2142 1382 verba
2187 1322 2426 1398 quidem
2471 1317 2801 1382 numerari’
2815 1324 3066 1434 3paulo

453 1415 592 1487 post
652 1413 780 1488 ipse
842 1412 1181 1489 profitetur,
1244 1408 1548 1489 φέρεεθαι
1612 1407 1717 1472 ἐπί
1779 1411 2115 1490 significare
2177 1411 2521 1489 saepissime
2577 1405 2907 1490 ‘coniungi'
2971 1413 3066 1472 vel

455 1494 766 1560 ‘construi'
813 1520 949 1561 cum
993 1503 1197 1579 aliquo
1240 1501 1454 1561 verbo·
1439 1547 1455 1577 ,
1514 1501 1728 1578 quibus
1782 1502 1929 1561 locis
1975 1497 2278 1577 φέρεεθαι
2333 1497 2438 1561 ἐπί
2482 1503 2565 1561 sit
2609 1495 2933 1561 ‘numerari
2977 1505 3066 1561 in-

453 1585 568 1650 ter'
613 1610 733 1650 non
785 1591 1027 1651 indicat.
1120 1590 1236 1650 Sed
1288 1611 1365 1651 ne
1417 1591 1589 1650 illam
1633 1590 1874 1667 quidem
1926 1591 2230 1650 notionem
2283 1584 2612 1669 ‘coniungi'
2668 1590 2959 1668 quadrare
3003 1593 3068 1650 in

453 1679 612 1740 hunc
671 1681 868 1741 locum
930 1681 1261 1755 contendit3
1331 1700 1474 1740 nam
1534 1680 1861 1757 Dyscolum
1924 1699 1993 1740 eo
2057 1681 2214 1756 loco,
2285 1680 2363 1739 ad
2426 1699 2603 1756 quem
2665 1681 2763 1740 hic
2822 1683 3069 1758 respicit

455 1761 635 1851 (121,
657 1772 738 1829 14
758 1762 876 1852 sq.)
911 1771 1350 1832 interiectiones
1398 1773 1504 1829 ant
1547 1770 1625 1829 ad
1669 1769 1854 1830 verba
1898 1772 2006 1829 aut
2048 1770 2261 1829 saltem
2305 1770 2368 1829 vi
2409 1772 2721 1845 tamquam
2765 1769 2841 1828 ad
2886 1771 3069 1830 verba

456 1861 723 1919 construi
757 1859 1039 1920 docuisse.
1114 1858 1246 1930 Qua
1290 1861 1354 1918 in
1390 1879 1454 1919 re
1480 1859 1768 1920 Matthias
1813 1877 2057 1937 prorsus
2092 1858 2365 1918 confudit
2402 1854 2826 1935 ἐπιφωνήεει(
2862 1860 3066 1936 quales

454 1951 597 2007 sunt
622 1944 921 2010 κάλλιετα
946 1944 1184 2023 ἥδιετα,
1214 1952 1276 2009 et
1302 1944 1732 2024 εχετλιαετικά
1759 1952 1822 2009 et
1848 1944 2142 2009 εὐαετικά
2169 1948 2373 2025 qualia
2400 1951 2543 2008 sunt
2567 1942 2748 2022 ὤμοι,
2778 1943 2909 2008 uiui
2936 1951 3065 2008 sim.

453 2036 570 2096 Illa
605 2038 809 2097 docuit
841 2037 1147 2099 technieus
1184 2056 1310 2099 esse
1349 2038 1631 2098 adverbia
1665 2057 1820 2114 quae
1865 2037 1941 2097 ad
1987 2040 2150 2097 certa
2193 2036 2487 2114 quaedam
2521 2038 2705 2098 verba
2747 2037 3070 2098 subaudita

453 2127 550 2187 vel
594 2128 784 2186 tacita
830 2123 1204 2205 ((ιγώμενα)
1249 2129 1617 2204 pertineant3
1672 2127 1774 2187 sed
1817 2127 1973 2186 hanc
2017 2128 2210 2204 ipsam
2257 2126 2330 2187 ob
2376 2145 2618 2186 causam
2676 2128 2920 2187 fuerunt
2963 2129 3068 2205 qui

453 2211 534 2275 τὰ
581 2213 1012 2290 (χετλιαετικὰ
1056 2216 1352 2277 adverbiis
1398 2216 1707 2276 eximenda
1752 2235 1879 2277 esse
1923 2216 2329 2293 perhiberent,
2383 2216 2542 2292 quod
2586 2236 2656 2276 ea
2701 2236 2838 2276 non
2883 2217 3065 2294 perti-

452 2308 636 2364 neant
677 2307 774 2365 vel
818 2307 1155 2366 referantur
1199 2298 1661 2387 (προεφέρεται
1704 2306 1837 2366 adv.
1882 2307 2166 2381 121,15;
2211 2301 2477 2381 φέρεται
2524 2300 2629 2365 ἐπὶ
2674 2306 2751 2366 ib.
2786 2308 2931 2382 127,
2954 2298 3066 2388 14)

452 2393 532 2454 ad
576 2398 738 2455 certa
781 2395 1076 2472 quaedam
1121 2395 1317 2456 verba.
1392 2395 1597 2455 Nihilo
1632 2398 1834 2455 tamen
1881 2396 2077 2454 minus
2117 2396 2251 2471 ipsa
2295 2390 2726 2470 (χετλιαετικά
2770 2394 3067 2455 adverbiis

453 2483 835 2560 adnumerat,
881 2487 1025 2562 quia
1070 2481 1173 2545 καὶ
1219 2480 1384 2545 αὐτὰ
1430 2480 1694 2559 δυνάμει
1739 2479 1873 2545 ἀπὸ
1919 2480 2260 2545 διαθέεεωε
2305 2477 2649 2558 ρηματικῆ(
2695 2479 3066 2556 ἀνάγονται.

450 2572 618 2633 Haec
652 2575 805 2634 falso
841 2574 1268 2651 interpretatus
1314 2577 1405 2634 est
1438 2574 1726 2633 Matthias
1764 2568 1897 2633 ‘aut
1935 2574 1998 2633 vi
2034 2576 2343 2650 tamquam
2380 2572 2456 2632 ad
2493 2572 2674 2632 verba
2718 2576 3069 2634 construun-

451 2657 576 2721 tur'
611 2666 751 2740 post
785 2664 1150 2723 luculentam
1177 2662 1674 2724 GFSchoemanni
1709 2663 2161 2740 explicationem
2201 2655 2283 2744 (v.
2314 2661 2447 2721 adn.
2479 2661 2555 2721 ad
2588 2663 2734 2737 121,
2756 2656 3069 2746 24—26),

450 2772 604 2830 quae
661 2773 791 2814 eum
848 2773 1091 2831 prorsus
1145 2754 1369 2833 fugisse
1423 2753 1675 2813 videtur.
1767 2750 1933 2823 Quae
1986 2772 2163 2830 porro
2217 2772 2273 2829 p.
2324 2753 2407 2811 44
2465 2750 2543 2811 ad
2596 2753 3069 2831 impugnandum

450 2842 608 2903 hunc
671 2844 867 2903 locum
928 2845 1182 2921 profert,
1244 2843 1667 2904 transscribere
1723 2846 1785 2902 et
1835 2843 2104 2903 refellere
2167 2842 2544 2919 supersede03
2607 2842 2711 2902 sed
2775 2843 3068 2921 quomodo

453 2932 761 3009 Apollonii
806 2933 1031 3010 placita
1075 2934 1233 2992 inter
1277 2951 1339 2993 se
1385 2933 1770 3007 cohaereant,
1822 2932 2063 2992 uberius
2111 2949 2293 3010 quam
2335 2931 2399 2990 in
2445 2932 2796 3009 paraphrasi
2842 2935 3069 2994 factum

451 3024 546 3082 est
588 3040 894 3098 exponam.
941 3055 1030 3065 —
1074 3022 1420 3083 Adversarii
1475 3022 1665 3101 igitur
1708 3016 1872 3097 ὤμοι
1918 3017 2089 3096 οἴμοι
2135 3022 2230 3080 vel
2276 3038 2409 3080 eam
2454 3021 2530 3080 ob
2576 3039 2816 3081 causam
2863 3023 3069 3084 adver-

453 3111 570 3170 biis
617 3114 985 3188 exemerunt,
1039 3116 1102 3172 et
1144 3111 1306 3188 quod
1350 3130 1674 3188 pronomen
1722 3127 1827 3184 μοι
1873 3113 2095 3171 inesset
2138 3113 2200 3170 et
2242 3110 2405 3186 quod
2448 3106 2611 3185 ὤμοι
2656 3113 3068 3173 tantummodo

454 3200 532 3259 ad
576 3202 834 3276 primam
876 3220 1192 3278 personam
1238 3204 1579 3278 pertineret,
1624 3219 1762 3260 cum
1808 3200 2089 3259 adverbia
2134 3202 2208 3258 ut
2249 3199 2696 3260 indeclinabilia
2740 3221 2877 3261 cum
2923 3221 3068 3278 qua-

451 3290 545 3349 vis
589 3309 845 3366 persona
888 3292 1170 3368 coniungi
1212 3293 1472 3367 possent.
1544 3290 1641 3349 Ad
1689 3308 1838 3367 quos
1882 3288 2236 3349 refellendos
2280 3290 2428 3349 haee
2462 3290 2782 3366 praecipit:
2829 3294 3068 3352 omnino

452 3375 535 3438 τὰ
581 3375 1024 3456 ἐπιφθέγματα
1067 3381 1165 3441 vel
1211 3375 1640 3455 (χετλιαετικά
1691 3381 2078 3456 proferuntur
2123 3373 2189 3440 ἐξ
2236 3374 2666 3440 αὐτοπαθεία(
2719 3381 2756 3438 i.
2802 3401 2849 3439 e.
2897 3401 3068 3441 nemo

454 3468 748 3529 exclamat
791 3471 909 3529 nisi
953 3472 1057 3547 qui
1112 3471 1240 3546 ipse
1287 3469 1518 3546 aliquid
1570 3486 1781 3546 passus
1828 3472 1950 3529 est:
2007 3471 2229 3527 natura
2271 3467 2460 3546 igitur
2503 3468 2622 3528 fert
2664 3472 2735 3529 ut
2780 3469 3068 3530 exclama-

450 3558 645 3619 tiones
698 3558 840 3617 illae
886 3577 1118 3636 semper
1163 3578 1202 3619 a
1244 3561 1440 3636 prima
1494 3577 1749 3636 persona
1800 3559 2181 3635 proferantur
2225 3558 2348 3631 vel,
2402 3557 2562 3634 quod
2614 3558 2771 3618 idem
2818 3563 2934 3634 est,
2993 3559 3070 3619 ad

449 3648 712 3723 primam
763 3667 1081 3725 personam
1134 3649 1496 3723 referant-un
1549 3667 1622 3708 ex
1664 3646 1778 3707 hac
1831 3649 2020 3726 igitur
2062 3667 2127 3706 re
2171 3665 2293 3706 non
2346 3647 2488 3707 licet
2530 3647 2808 3725 colligere
2856 3665 2962 3722 μοι
3006 3652 3070 3708 ιιι

451 3732 618 3811 ὤμοι
646 3739 708 3796 et
735 3732 904 3812 οἴμοι
932 3739 1141 3813 inesse,
1177 3756 1285 3797 nec
1321 3738 1462 3797 licet
1496 3737 1645 3796 haec
1672 3756 1804 3796 eam
1841 3736 1918 3796 ob
1953 3755 2079 3796 rem
2114 3736 2563 3813 pronominibus
2600 3736 2875 3797 tribuere.
2939 3738 3070 3797 Iam

451 3826 678 3903 pergit:
723 3846 913 3903 neque
958 3827 1115 3887 illud
1158 3829 1383 3904 poteris
1435 3828 1745 3903 tamquam
1790 3845 2050 3901 causam,
2097 3845 2201 3885 cur
2236 3825 2532 3886 adverbiis
2578 3827 2888 3887 eximenda
2932 3831 3072 3905 sint,

452 3915 690 3974 afferre:
754 3911 915 3991 ὤμοι
971 3919 1033 3976 et
1086 3910 1255 3991 οἴμοι
1309 3935 1385 3976 ιιο
1440 3916 1517 3975 ad
1562 3919 1725 3975 certa
1770 3915 2010 3994 quidem
2055 3914 2236 3977 verba
2278 3918 2602 3992 pertinere:
2659 3934 2799 3976 nam
2844 3917 2916 3977 de
2960 3919 3072 3978 hac

450 4006 695 4081 quidem
739 4024 803 4064 re
847 4008 971 4065 iam
1016 4024 1198 4082 supra
1234 4006 1568 4082 expositum
1614 4008 1720 4065 est.
1798 4005 1858 4064 Is
1906 4009 2063 4065 enim
2099 4006 2205 4082 qui
2249 4006 2544 4065 exclamat
2588 4006 2816 4084 aliquid
2860 4025 3071 4084 passus

449 4097 572 4172 est3
617 4094 764 4154 haec
809 4096 999 4172 igitur
1041 4097 1241 4172 passio
1284 4095 1617 4155 necessario
1654 4097 1788 4154 orta
1832 4098 1926 4155 est
1961 4115 2031 4155 ex
2077 4098 2310 4155 actione
2347 4095 2511 4155 verbi
2553 4095 2884 4155 cuiusdam:
2930 4116 3070 4175 ergo

445 4184 565 4244 hoc
610 4187 919 4260 tamquam
966 4185 1117 4244 latet
1160 4186 1225 4245 in
1268 4185 1404 4261 ipsa
1446 4184 1876 4260 interiectione,
1920 4203 2075 4261 quae
2118 4204 2322 4245 rursus
2368 4188 2578 4261 suapte
2623 4187 2841 4244 natura
2887 4185 2962 4245 ab
3002 4205 3071 4246 eo

447 4274 561 4349 qui
595 4274 879 4351 loquitur,
924 4274 963 4332 i.
994 4294 1040 4333 e.
1081 4294 1118 4333 a
1152 4275 1346 4350 prima
1379 4292 1652 4351 persona,
1695 4274 2010 4351 profertur.
2082 4274 2355 4352 Apparet
2387 4276 2577 4353 igitur
2619 4273 2713 4334 his
2758 4274 2831 4334 de
2877 4276 3071 4335 causis

444 4381 588 4422 cum
644 4366 869 4423 ceteras
923 4364 1359 4423 interiectiones
1413 4367 1545 4423 tum
1590 4358 1754 4437 ὤμοι
1808 4358 1980 4439 οἴμοι
2035 4382 2143 4423 nec
2188 4364 2265 4424 ad
2310 4383 2510 4425 omnes
2564 4382 2846 4442 personas
2890 4366 3074 4441 perti-

443 4471 594 4511 nere
638 4471 748 4512 nec
795 4452 870 4513 ab
917 4452 1188 4513 omnibus
1233 4453 1486 4531 proferri
1529 4469 1717 4530 posse.

639 4544 784 4617 127,
807 4543 888 4602 15
937 4538 1272 4621 ἐπελύετο]
1320 4543 1392 4601 cf.
1431 4542 1616 4603 Lehrs
1661 4534 1878 4602 Arist.²
1924 4544 2069 4602 203.

639 4634 1068 4707 127,19-20
1112 4631 1255 4691 Lob.
1294 4632 1410 4691 ΕΠ.
1449 4633 1480 4691 I
1519 4634 1676 4707 1723
1731 4631 1807 4690 ad
1853 4630 2030 4709 Soph.
2069 4624 2194 4690 As}
2238 4651 2292 4690 v.
2334 4633 2464 4692 370
2509 4651 2565 4707 Ρ.
2608 4633 2753 4691 200.
2846 4627 3070 4704 Αἰαιαῖ,

438 4715 650 4782 οἰοιοῖ
682 4720 923 4781 KLehrs
959 4721 1112 4781 Ann.
1143 4722 1258 4782 litt.
1289 4721 1418 4781 Jen.
1445 4723 1613 4783 1879
1653 4741 1710 4799 p.
1735 4724 1861 4780 224
1903 4723 2010 4781 col.
2041 4721 2172 4780 adv.
2197 4723 2343 4797 177,
2365 4723 2568 4796 3-4;
2612 4719 2898 4780 accedunt
2934 4740 3070 4799 gra-

435 4812 699 4870 vissima
731 4813 1051 4888 praecepta
1085 4811 1223 4870 Her.
1252 4811 1283 4870 Ι
1323 4812 1473 4887 502,
1495 4812 1820 4887 18-503,
1843 4812 1945 4870 17.
2006 4810 2069 4869 Π
2101 4811 2247 4885 933,
2270 4812 2559 4885 19-20,
2602 4812 2809 4887 itaque
2847 4813 2908 4870 et
2942 4811 3000 4869 h.
3030 4812 3069 4870 l.

437 4901 544 4961 sic
579 4900 950 4962 scribendum
985 4904 1117 4961 erat
1160 4904 1231 4961 ut
1273 4902 1441 4962 iubet
1485 4900 1670 4961 Lehrs
1716 4904 1778 4960 et
1822 4900 1860 4959 l.
1905 4902 1982 4958 21
2035 4894 2164 4960 οἰοῖ
2208 4903 2269 4959 et
2314 4896 2461 4961 αἰαῖ.
2537 4898 2624 4959 Of.
2653 4899 2899 4959 Ellendt
2934 4899 3072 4959 Lex.

439 4982 668 5067 Soph.²
712 5010 756 5050 s.
793 5011 848 5051 v.
898 4986 977 5051 οἴ.
1025 5023 1113 5032 -
1157 4990 1499 5051 ALudwieh
1544 4993 1608 5049 in
1653 4991 1806 5050 Ann.
1847 4991 1963 5049 litt.
2003 4989 2133 5049 Jen.
2178 4991 2347 5049 1879
2393 5010 2450 5066 Ρ.
2494 4991 2620 5049 223
2676 4990 2885 5050 scribit
2939 4985 3074 5049 ἐπι-

2543 5089 2648 5142 10·
