3738 5530
376 794 428 834 15

1222 373 1465 424 ΔΕΤΡο
1503 372 1597 421 ΕΤ
1632 372 1885 423 mussan
1924 369 2311 445 AQVERBIA.
2945 368 3064 430 143

475 573 684 648 λέγων
754 573 1059 651 λέγουςα,
1129 578 1417 653 φρονῶν
1467 578 1820 655 φρονοῦςα.
1908 573 2009 637 καὶ
2073 572 2177 635 διὰ
2241 569 2476 635 τούτου
2542 590 2614 646 γε
2679 576 2796 635 τοῦ
2863 571 3064 646 λόγου

477 675 820 752 δείκνυται,
869 675 966 739 ὅτι
1009 676 1086 739 τὸ
1132 676 1361 754 κρείων
1408 677 1642 755 μετοχή
1656 724 1674 758 ,
1722 676 1790 739 ἐκ
1832 678 1950 738 τοῦ

1139 778 1430 856 κρείουςα
1472 783 1795 853 γυναικῶν
1843 775 1925 859 (Χ
1969 773 2100 857 48).

487 877 823 958 ὁμολόγως
870 878 988 945 οὐν
1032 881 1107 944 τὸ
1154 878 1408 945 ἀκέων
1453 880 1720 958 μετοχή·
1770 877 1912 942 ἰδοὺ
1957 877 2081 955 γὰρ
2127 875 2499 954 παράκειται
2543 875 2850 955 θηλυκόν,

738 980 891 1045 ἀλλ’
935 981 1207 1047 ἀκέουςα
1250 983 1484 1060 κάθηςο
1531 982 1607 1061 (Α
1650 978 1855 1062 (365).»
1907 1015 1979 1024 -

372 1101 425 1140 20
474 1082 634 1147 ’Έςτι
691 1084 762 1148 δὲ
816 1085 979 1161 πρὸς
1035 1083 1110 1148 τὸ
1167 1089 1463 1149 τοιοῦτον
1520 1083 1750 1163 φάναι,
1821 1081 1911 1146 ὡς
1968 1084 2105 1145 ταῖς
2163 1085 2460 1160 μετοχαῑς
2511 1082 2683 1146 πολὺ
2741 1082 3061 1161 πρότερον

474 1186 918 1264 προϋφέςτηκε
987 1186 1261 1270 ῥήματα,
1327 1187 1511 1266 φέρω
1569 1184 1827 1264 φέρων,
1896 1189 2131 1264 φρονῶ
2199 1187 2485 1262 φρονῶν.
2570 1182 2750 1260 εἴπερ
2807 1181 2926 1248 οὖν
2988 1184 3062 1247 τὸ

474 1286 682 1350 ἀκέων
749 1289 1013 1367 μετοχή,
1085 1289 1284 1368 ςαφὲς
1350 1287 1447 1352 ὅτι
1513 1288 1616 1351 καὶ
1682 1286 1847 1365 ῥῆμα
1903 1285 2451 1363 προῦποςτήςεται
2504 1286 2580 1350 τὸ
2643 1283 2836 1349 ἀκέω.
2911 1284 3066 1351 ἀλλ’

473 1388 738 1466 οὐδεμία
783 1387 1128 1467 ὑπόμνηςις
1172 1394 1289 1454 τοῦ
1337 1389 1637 1469 ῥήματος.
1688 1427 1757 1434 -
1821 1386 1974 1451 ἀλλ’
2020 1386 2369 1451 ἀςύςτατον
2415 1386 2491 1450 τὸ
2539 1386 2731 1464 ῥῆμα·
2792 1387 3062 1467 βαρυνό-

372 1506 422 1546 2⁵
475 1510 634 1568 μενα
677 1492 801 1583 γὰρ
848 1491 965 1555 οὐκ
1009 1490 1174 1556 ἐςτιν
1222 1492 1552 1568 ἐπινοῆςαι
1598 1490 1760 1568 ὑπὲρ
1803 1490 1924 1554 δύο
1970 1488 2284 1569 ςυλλαβὰς
2321 1496 2412 1572 τῷ
2455 1492 2488 1550 ἐ’
2518 1488 3059 1570 παρεδρευόμενα,

472 1593 815 1672 διςύλλαβα
859 1594 1104 1670 μέντοι,
1152 1592 1350 1669 πλέω,
1399 1592 1550 1672 ῥέω,
1600 1593 1748 1669 κέω,
1794 1592 1833 1669 ἢ
1879 1593 1960 1655 τὰ
2003 1592 2165 1669 παρ’
2207 1591 2368 1654 Ἴωςι
2414 1591 2779 1672 διῃρημένα,
2831 1592 3061 1674 φιλέω,

471 1694 663 1757 νοέω.
739 1692 793 1757 εἰ
838 1695 910 1758 δὲ
955 1693 1090 1776 [μὴ]
1137 1696 1213 1758 τὸ
1258 1699 1561 1759 τοιοῦτον
1608 1695 1690 1774 μὴ
1735 1694 2120 1775 παρέπεται,
2167 1692 2246 1757 οὐ
2293 1694 2529 1772 μετοχὴ
2576 1692 2649 1756 τὸ
2695 1690 2934 1756 ἀκέων·
2982 1693 3061 1755 οὐ

469 1795 592 1873 γὰρ
637 1794 767 1873 ἔχει
815 1795 999 1875 ῥῆμα.
1050 1832 1127 1841 ——
1176 1797 1265 1860 Τό
1310 1798 1382 1860 δὲ
1428 1800 1674 1875 μεῖζον·
1723 1795 1803 1859 τὰ
1847 1794 2134 1859 πτωτικὰ
2180 1794 2882 1873 ςυμμεταςχηματίζεται
2927 1797 3065 1859 τοῖς

368 1915 418 1955 uo
474 1895 794 1977 ἀριθμοῖς,
850 1898 929 1961 τὰ
973 1898 1043 1961 δὲ
1090 1898 1483 1977 ἐπιρρήματα
1526 1898 1674 1962 καθ’
1719 1898 1837 1962 ἕνα
1882 1897 2301 1975 ςχηματιςμὸν
2348 1895 2705 1975 ἐκφέρεται.
2780 1901 2896 1960 τοῦ
2946 1897 3061 1974 μὲν

471 1999 819 2077 προτέρου,
866 1996 1276 2077 ἄνθρωποι
1316 1998 1548 2064 ὄντες
1594 2000 2093 2075 διαλέγεςθε’,
2140 1998 2471 2081 ᾄδοντες
2517 1995 2854 2075 ὑμνεῖτε,
2902 2002 3062 2061 δια-

468 2100 845 2178 χεόμενοι
903 2100 1162 2183 ᾄδετε·
1231 2106 1347 2167 τοῦ
1406 2103 1477 2167 δὲ
1534 2101 1872 2180 δευτέρου,
1938 2100 2286 2180 κρύβδην
2342 2099 2599 2181 ᾄδετε,
2668 2101 3060 2179 βοτρυδὸν

370 2224 383 2229 ·
468 2203 1022 2279 παραγίνεςθε.
1099 2202 1277 2282 ε’ίπερ
1323 2203 1443 2268 οὖν
1490 2203 1589 2267 καὶ
1632 2204 1707 2267 τὸ
1754 2202 1967 2267 ἀκέων
2026 2202 2289 2281 μετοχή,
2349 2202 2547 2280 ςαφὲς
2593 2200 2689 2264 ὅτι
2734 2203 2899 2280 πρὸς
2946 2203 3061 2283 μὲν

338 2323 437 2371 554
472 2303 546 2366 τὸ
593 2303 807 2368 ἑνικὸν
850 2306 994 2368 καθ’
1036 2304 1248 2383 ἑνικὴν
1297 2304 1583 2372 ςύνταξιν
1629 2304 2220 2385 παραληφθήςεται,
2276 2300 2525 2367 ἀκέων
2581 2302 3061 2386 εὐφραίνου,

469 2406 633 2483 πρὸς
678 2408 749 2471 δὲ
792 2407 868 2470 τὸ
915 2407 1341 2484 πληθυντικὸν
1387 2407 1544 2471 κατὰ
1577 2407 2027 2488 πληθυντικήν,
2072 2403 2207 2469 ἀκέ
2222 2423 2453 2469 οντες
2498 2402 3057 2484 εὐφραίνεςθε,

471 2504 571 2570 ῶς
638 2506 1051 2587 ἣςυχάζων
1122 2508 1599 2589 εὐφραίνου,
1665 2508 2206 2586 ἡςυχάζοντες
2273 2506 2824 2585 εὐφραίνεςθε.
2897 2505 3059 2584 ὅπερ

392 2634 417 2673 5
471 2607 551 2670 οὐ
597 2609 946 2686 παρείπετο
993 2610 1064 2674 ἐν
1107 2617 1198 2694 τῷ

1129 2709 1341 2778 ἀκέων
1388 2711 1681 2778 δαίνυςθε
1726 2711 1807 2797 (φ
1854 2711 1989 2797 89).
2274 2787 2277 2791 Α

470 2813 538 2877 ἐν
592 2810 710 2895 ἴςῳ
767 2813 890 2891 γάρ
936 2814 1060 2879 ἐςτι
1102 2821 1195 2898 τῷ
1248 2813 1492 2897 ἡςυχῇ
1550 2814 1922 2879 δαίνυςθε
1965 2815 2003 2893 ἦ
2058 2815 2371 2892 ἡςυχῶς
2430 2813 2826 2878 δαίνυςθε.
2901 2813 3060 2877 κατὰ

467 2919 700 2978 τοῦτον
766 2917 842 2993 δὴ
901 2915 1017 2981 τὸν
1068 2915 1315 2993 τρόπον
1373 2916 1857 2995 ἐπιρρηματικῆς
1916 2916 2126 2995 ἔχεται
2181 2914 2536 2980 ςυντάξεως
2591 2915 2840 2992 μᾶλλον
2896 2914 3059 2992 ἤπερ

370 3042 420 3079 ιο
469 3018 817 3093 μετοχικῆς.
848 3053 930 3061 -
974 3017 1137 3096 Περὶ
1179 3023 1295 3081 τοῦ
1341 3023 1918 3097 μεταςχηματιςμοῡ
1963 3019 2174 3082 ἐκεῖνο
2221 3017 2344 3081 ἔςτι
2387 3016 2606 3095 φάναι,
2655 3015 2745 3079 ὡς
2787 3013 2824 3078 ὁ
2852 3015 3059 3079 τύπος

471 3115 560 3180 ῶς
605 3117 937 3195 μετοχικός
982 3120 1332 3197 γενόμενος
1370 3124 1493 3184 τοῦ
1539 3119 1986 3200 ἑπιρρήματος,
2034 3120 2192 3184 κατὰ
2223 3118 2651 3196 ςυνεκδρομὴν
2685 3116 2824 3196 ἔςχε
2869 3119 3057 3195 θηλυ-

471 3217 585 3281 κὸν
630 3221 1245 3304 παραςχηματιςμόν,
1293 3221 1345 3305 ᾧ
1393 3222 1570 3304 λόγῳ
1615 3224 1718 3286 καὶ
1756 3223 1833 3286 τὸ
1876 3220 2012 3303 ἄγε,
2059 3220 2369 3300 ἐπίρρημα
2401 3217 2504 3302 ὄν,
2548 3223 2622 3299 τῇ
2669 3222 3059 3299 ςυνεκδρομῇ

469 3321 585 3381 τοῦ
632 3317 912 3398 ῥήματος
957 3321 1099 3401 ἔςχε
1144 3324 1614 3402 παρακείμενον
1661 3325 1736 3389 τὸ
1781 3322 2001 3406 ἄγετε,
2048 3322 2139 3386 ῶς
2183 3322 2282 3386 καὶ

724 3425 936 3504 δεῦτε,
982 3423 1186 3502 φίλοι·
1234 3425 1351 3489 τὸν
1395 3427 1607 3491 ξεῖνον
1654 3425 1944 3504 ἐρώμεθα
1990 3427 2052 3505 (θ
2103 3422 2274 3508 133).

604 3690 816 3742 Anava.
886 3697 918 3744 6
954 3691 1034 3744 Δί’,
1070 3694 1111 3760 ι)
1149 3691 1387 3745 verbum
1423 3694 1575 3747 ἀκέω
1613 3710 1899 3761 nunquam
1934 3692 2055 3746 fuit.
2104 3729 2168 3736 --
2214 3699 2246 3745 9
2282 3695 2327 3759 2)
2365 3693 2445 3746 Ae
2489 3706 2561 3744 ne
2607 3691 2794 3759 potuit
2829 3689 3058 3759 quidem

472 3788 613 3838 esse,
668 3790 794 3827 cum
840 3777 1068 3844 praeter
1109 3777 1284 3831 verba
1326 3777 1509 3831 ionice
1556 3777 1826 3832 distracta
1867 3778 2026 3831 nulla
2071 3778 2184 3832 sint
2224 3777 2284 3828 in
2321 3782 2401 3830 ἐῶ
2446 3775 2575 3845 plus
2620 3775 2860 3828 duarum
2893 3775 3054 3843 sylla-

468 3857 687 3912 barum.
738 3890 804 3898 —-
864 3868 923 3914 13
970 3863 1017 3928 a)
1064 3861 1203 3916 Cum
1250 3862 1409 3915 verbi
1444 3861 1653 3933 plurali
1689 3862 2050 3916 coniunctum
2085 3880 2198 3916 non
2234 3862 2501 3915 mutatur.
2560 3891 2620 3899 —
2675 3867 2740 3914 25
2777 3859 2924 3928 Ergo
2961 3859 3058 3913 ad·

469 3942 727 4081 {gl-bium
782 3946 883 4000 est.
972 3944 1082 4000 Sed
1134 3946 1316 4000 forma
1368 3948 1488 4001 eius
1539 3946 1838 4015 participio
1893 3944 2088 4000 similis
2139 3947 2197 3998 in
2252 3961 2423 3999 causa
2472 3945 2605 4010 fuit,
2670 3960 2770 3998 our
2821 3944 3057 3998 ἀκέουςα

547 4031 791 4098 geretur.

604 4283 820 4338 Τεετῐιι.
893 4291 958 4339 23
994 4285 1064 4340 cf.
1099 4285 1198 4355 Ep.
1240 4285 1421 4340 Cram.
1457 4292 1550 4351 22,
1590 4292 1657 4339 30
1692 4318 1755 4323 --
1792 4292 1881 4352 23,
1925 4292 1986 4339 12

604 4522 791 4580 D1scn.
828 4543 1026 4579 scmp'r.
1100 4530 1147 4577 5.
1186 4526 1330 4578 αλλα
1367 4541 1606 4578 ακεουςα
1642 4526 1686 4578 Α
1741 4526 1750 4591 Ι
1807 4529 1888 4576 12.
1926 4522 1976 4576 εἰ
2011 4524 2073 4577 δὲ
2110 4521 2500 4587 RSkrzeczka,
2548 4522 2598 4577 εἰ
2632 4523 2695 4577 δὲ
2732 4524 2805 4589 μὴ
2845 4522 2967 4588 ΑΙ),
3006 4523 3057 4575 εἷ

470 4624 535 4672 γε
571 4610 682 4674 μὴν
717 4607 1167 4662 GFSchoemann
1197 4613 1205 4675 Ι
1251 4615 1329 4666 15.
1366 4610 1710 4672 διαλεγεςθαι
1749 4610 1792 4663 Α
1824 4611 1833 4675 Ι
1873 4610 2128 4662 αιδοντες
2165 4609 2208 4662 Α
2239 4607 2249 4677 Ι
2283 4613 2361 4661 16.
2401 4610 2586 4662 αιδετε
2625 4608 2667 4660 Α
2700 4610 2708 4674 Ι
2739 4609 2923 4666 αιδετε
2964 4608 3006 4660 Α
3047 4608 3055 4674 Ι

476 4695 552 4744 17.
589 4697 984 4760 παραγινεςθαι
1024 4695 1066 4747 Α
1106 4694 1115 4760 Ι
1166 4699 1242 4747 19.
1279 4694 1421 4760 πρὸς
1458 4695 1519 4747 δέ
1556 4723 1620 4732 -—
1657 4696 2047 4761 πληθυντικὴν
2082 4692 2239 4749 abbr.
2278 4693 2347 4745 Α*
2380 4691 2438 4744 in
2475 4708 2652 4761 marg.
2687 4691 2753 4758 b,
2791 4707 2899 4744 om.
2937 4690 3052 4765 M}

470 4780 551 4829 24.
590 4793 747 4843 εχει-ε
783 4780 827 4832 Α
858 4781 869 4846 Ι
906 4784 988 4832 28.
1031 4777 1179 4833 ‘fot-t.
1215 4777 1520 4847 legendum
1555 4784 1663 4833 τοῦ
1696 4780 1967 4846 ῥήματος’
2004 4778 2041 4831 b
2079 4777 2138 4830 in
2174 4792 2289 4834 var.
2327 4777 2486 4841 lect,
2535 4781 2641 4829 τοῦ
2678 4776 3059 4842 ἐπιρρήματος

470 4860 566 4913 Ab
602 4861 671 4914 in·
695 4863 855 4915 textu

3100 994 3132 1043 5

3101 1502 3164 1549 10

3104 2007 3164 2056 15

3096 2515 3164 2563 20

3095 3022 3162 3069 25
