3738 5530
1487 401 1857 452 ADVERBIA
1898 403 1971 454 m
2009 388 2126 455 ΞΣΞ.
2979 403 3098 467 173

408 626 454 663 ιο
503 606 652 670 ὅθεν
697 606 774 670 τὸ
819 606 934 683 μὲν
984 603 1092 682 ὥς,
1141 603 1264 682 οὐχ
1310 605 1683 670 ύποπῑπτον
1727 604 2019 687 πύςματι,
2062 606 2180 670 τὸν
2223 606 2389 670 ἴδιον
2436 607 2635 671 τόνον
2666 606 2974 686 ἐφύλαξε·
3021 608 3094 672 τὸ

503 708 573 772 δὲ
615 714 791 788 πῶς,
847 705 1201 784 γενόμενον
1246 706 1485 782 πύςμα,
1546 707 1625 771 οὐ
1683 709 1786 771 διὰ
1840 708 1956 786 τὴν
2012 708 2244 786 φωνὴν
2290 706 2464 771 οὕτω
2523 709 2943 787 περιεςπάςθη
3004 709 3096 774 ὡς

505 809 606 873 διὰ
648 811 766 886 τὴν
812 812 1031 873 πεῦςιν
1075 810 1189 886 τὴν
1234 807 1687 887 ἐγγενομένην.
1750 809 1959 873 οὕτως
2000 813 2162 883 γοῦν
2190 809 2269 872 τὰ
2298 807 2420 872 ἀπ’
2449 808 2664 874 αὐτῶν
2706 809 3093 892 ἀναφορικά,

434 920 441 927 ’
502 910 1080 991 προςλαμβάνοντα
1123 910 1200 973 τὸ
1246 913 1317 991 ὃ,
1371 909 1460 972 ὡς
1504 910 1584 974 ἂν
1628 915 1762 973 τῶν
1806 909 2020 975 τόνων
2068 910 2138 975 ἐν
2185 913 2321 975 τοῖς
2367 911 2869 991 μονοςυλλάβοις
2914 933 3097 989 κατη-

404 1029 452 1070 ¹⁵
502 1011 987 1090 ναγκαςμένων,
1063 1011 1383 1105 γενόμενα
1447 1012 1793 1090 διςύλλαβα
1863 1011 2114 1090 δέχεται
2178 1012 2282 1075 καὶ
2347 1012 2466 1090 τὴν
2531 1014 3097 1093 προοφειλομένην
3134 1028 3166 1075 5

497 1113 705 1193 τάςιν,
749 1112 933 1189 ἡνίκα
974 1113 1215 1188 γίνεται
1259 1112 1431 1176 ὅπου
1477 1114 1579 1177 καὶ
1622 1112 1752 1195 ὅπῃ
1796 1114 1900 1177 καὶ
1943 1111 2156 1194 ὅπως,
2201 1115 2335 1177 τῶν
2382 1113 2545 1190 ὑπὲρ
2589 1113 2733 1192 μίαν
2777 1115 3096 1194 ςυλλαβὴν

502 1215 581 1278 οὐ
641 1213 882 1278 ταύτὸν
939 1214 1437 1295 ἀναδεχομένων
1496 1214 1600 1277 διὰ
1654 1212 1759 1278 re>-
1789 1214 1950 1278 κατὰ
2005 1214 2194 1292 φύειν
2256 1212 2426 1292 ἔχειν
2474 1215 2590 1278 τὸν
2647 1215 2879 1291 τόνον,
2936 1216 3096 1280 πότε

500 1315 734 1398 ὁπότε,
790 1319 981 1381 ποῖος
1026 1316 1293 1394 ὁποῖος,
1349 1316 1581 1393 πηνίκα
1626 1314 1916 1393 ὁπηνίκα.
1994 1314 2146 1380 ὅθεν
2200 1318 2378 1379 δοκεῖ
2425 1336 2530 1394 μοι
2577 1317 2678 1379 καὶ
2723 1316 2932 1398 [κατὰ]
2975 1318 3092 1396 τὴν

398 1440 451 1477 20
500 1417 806 1496 Δωρικήν
850 1417 1185 1482 διάλεκτον
1230 1423 1320 1499 τῷ
1365 1418 1479 1496 μὲν
1525 1417 2120 1501 προκατειλεγμένψ
2168 1416 2344 1498 λόγῳ
2392 1416 2570 1481 ὅπως
2616 1408 3094 1500 ἀναγινώςκειν,

501 1517 669 1582 οὐδ’
743 1519 951 1583 ὅπως
1019 1519 1290 1597 ἄριςτα
1355 1516 1612 1603 (Sophr.
1673 1518 1752 1580 fr.
1822 1516 1972 1580 8810
2033 1515 2349 1599 Ahrens),
2415 1524 2508 1601 τῷ
2563 1519 2780 1597 μέντοι
2845 1521 3092 1598 μᾶλλον
3134 1535 3195 1581 ιο

500 1620 734 1684 αὐτοὺς
801 1620 1349 1701 ςυγκαταβιβάζειν
1416 1620 1496 1682 τὰ
1550 1618 1945 1701 ἐπιρρήματα
2007 1618 2257 1701 ὁπῶς,
2327 1618 2489 1684 ὥςτε
2559 1620 2927 1701 ἀμφοτέρας
2981 1623 3094 1685 τὰς

501 1720 897 1796 ἀναγνώςεις
942 1722 1144 1797 λόγου
1190 1720 1457 1799 ἔχεςθαι.

674 1822 818 1886 Ὅτι
862 1823 934 1886 δὲ
979 1822 1060 1886 οὐ
1105 1822 1487 1901 ςυμπαθείας
1530 1822 1742 1900 ἔχεται
1788 1821 1827 1900 ἡ
1875 1827 2087 1888 πεῦςις
2133 1824 2224 1888 ὡς
2269 1824 2434 1902 πρὸς
2477 1824 2556 1887 τὰ
2598 1822 2741 1902 δίχα
2777 1827 2895 1886 τοῦ
2929 1825 2966 1887 ἶ·
2995 1825 3095 1888 καὶ

396 1942 449 1981 2⁵
501 1924 657 2001 μετὰ
710 1929 826 1988 τοῦ
880 1929 918 1988 ῐ
972 1924 1316 2004 λεγόμενα,
1379 1924 1577 2003 ςαφὲς
1637 1923 1950 1989 ἐντεῦθεν.
2025 1924 2104 1990 ὃν
2162 1925 2409 2002 τρόπον
2464 1925 2974 2004 ςυνυπάρχουςιν
3032 1924 3092 1990 οἱ

498 2025 842 2090 ἐνεςτῶτες
884 2028 1019 2091 τοῖς
1064 2028 1547 2103 παρατατικοῑς,
1596 2026 1697 2088 καὶ
1739 2025 1801 2088 οἱ
1844 2026 2296 2104 παρακείμενοι
2337 2029 2474 2090 τοῖς
2518 2025 3089 2104 ὑπερςυντελικοῑς,
3134 2039 3193 2088 15

498 2127 600 2191 καὶ
643 2125 705 2190 αἱ
748 2128 987 2202 γενικαὶ
1031 2129 1167 2191 ταῖς
1211 2129 1518 2201 δοτικαῑς,
1576 2126 1677 2190 καὶ
1720 2126 1886 2191 ἄλλα
1930 2129 2232 2209 πλείονα,
2290 2127 2406 2189 τὸν
2452 2125 2653 2191 αὐτὸν
2697 2128 2945 2205 τρόπον
2990 2129 3092 2193 καὶ

496 2229 575 2292 τὰ
618 2229 908 2308 πύςματα
954 2228 1044 2292 ως
1088 2229 1252 2306 πρὸς
1295 2229 1409 2292 τὰς
1452 2227 1852 2307 ἀναφορικὰς
1899 2227 2264 2309 προφορᾶς,
2310 2229 2411 2291 καὶ
2454 2228 2532 2291 τὰ
2576 2228 2721 2307 δίχα
2763 2233 2879 2293 τοῦ
2923 2232 2960 2293 ἶ
3000 2228 3091 2293 ὡς

394 2347 449 2387 ³0
499 2329 663 2407 πρὸς
706 2331 786 2394 τὰ
830 2328 1327 2409 ἀνταποδοτικά,
1376 2329 1546 2403 λέγω
1578 2329 1738 2409 <τὰ>
1779 2329 1938 2407 μετὰ
1967 2333 2083 2394 τοῦ
2112 2331 2163 2393 ἱ
2225 2328 2607 2406 ςυνυπόιρχει
2643 2332 2804 2404 γοῦν
2836 2329 3090 2395 ἑαυτοῖς

499 2432 603 2494 καὶ
659 2431 1114 2509 ςυνεξέρχεται.
1189 2431 1292 2493 καὶ
1346 2430 1486 2494 ἐπεὶ
1540 2430 1706 2497 ἅπαξ
1757 2432 1833 2494 τὸ
1890 2432 2165 2508 πότερος
2219 2431 2323 2494 διὰ
2367 2433 2484 2493 τοῦ
2529 2435 2604 2505 ff,
2661 2432 2759 2495 καὶ
2813 2433 2889 2495 τὸ
2933 2431 3089 2495 ὁπό-

495 2552 695 2609 τερος.
758 2532 909 2596 ἀλλ’
955 2531 1035 2596 οὐ
1079 2531 1339 2596 πάντως
1383 2530 1881 2610 κατηνάγκαςται
1925 2532 2002 2596 τὸ
2048 2531 2274 2610 ὅτερος
2320 2533 2422 2595 καὶ
2463 2532 2745 2610 τότερος.
2803 2533 2903 2597 καὶ
2947 2532 3087 2597 ἐπεὶ
3122 2547 3190 2593 20

356 2649 461 2699 585
495 2634 688 2698 πάλιν
734 2633 809 2696 τὸ
855 2634 1004 2710 ἕως,
1071 2631 1313 2697 εὐθέως
1358 2633 1457 2696 καὶ
1498 2634 1575 2697 τὸ
1620 2634 1810 2714 τέως,
1865 2634 1968 2697 καὶ
2021 2632 2197 2714 ὄφρα
2241 2633 2341 2696 καὶ
2384 2632 2628 2712 τόφρα,
2689 2632 2770 2696 οὐ
2827 2633 3088 2699 πάντως

495 2735 1041 2813 ἑξηναγκαςμένου
1084 2737 1201 2799 τοῦ
1248 2735 1449 2814 φάναι
1495 2735 1597 2800 καὶ
1639 2735 1813 2800 πέως
1858 2736 1957 2799 καὶ
2001 2735 2236 2818 ὁπέως,
2281 2735 2383 2800 καὶ
2412 2734 2642 2815 πόφρα
2671 2733 2769 2798 καὶ
2800 2733 3085 2816 ὁπόφρα.

496 2837 704 2901 οὕτως
749 2838 853 2900 καὶ
896 2837 998 2901 ἐπὶ
1040 2843 1173 2902 τῶν
1217 2838 1662 2916 προκειμένων
1708 2838 1954 2916 μορίων
1999 2836 2079 2900 οὐ
2125 2837 2386 2901 πάντως
2428 2836 2964 2911 καταναγκάζεται
3007 2837 3087 2902 τὰ

418 2967 445 3005 5
496 2939 651 3017 ἑξῆς.
713 2937 792 3003 οὐ
838 2941 960 3016 γὰρ
1005 2939 1141 3002 ἐπεὶ
1184 2939 1260 3002 τὸ
1304 2938 1721 3013 ἀναγινώςκω
1766 2939 1867 3002 καὶ
1911 2938 2367 3019 ἀνεγίνωςκον,
2417 2936 2654 3002 εὐθέως
2698 2939 2800 3002 καὶ
2835 2939 2915 3002 τὰ
2945 2939 3086 3017 ἑξῆς

493 3041 785 3119 κλίματα·
843 3039 1005 3104 οὐδὲ
1043 3040 1182 3104 ἐπεὶ
1224 3041 1300 3104 τὸ
1355 3038 1531 3117 ὕδωρ
1575 3038 1772 3118 ὀρθῆς
1816 3041 1920 3103 καὶ
1963 3037 2330 3117 αἰτιατικῆς,
2389 3037 2628 3104 εὐθέως
2681 3041 2782 3104 καὶ
2834 3043 3086 3120 γενικῆς
3123 3056 3189 3102 ‘25

494 3144 597 3206 καὶ
660 3145 926 3219 δοτικῆς.
1013 3142 1199 3206 ἔνθεν
1266 3139 1385 3205 οὖν
1454 3140 1610 3224 [καὶ]
1676 3141 1835 3205 κατὰ
1893 3140 2283 3220 ςυμπάθειαν
2350 3141 2451 3205 καὶ
2515 3141 2590 3205 τὸ
2654 3141 2782 3204 τώς
2836 3145 2929 3223 τῷ
2995 3140 3085 3207 ὥς

497 3244 925 3321 ςυνετονώθη,
984 3241 1064 3306 οὐ
1120 3244 1244 3321 μὴν
1300 3243 1376 3307 τὸ
1421 3247 1589 3318 πῶς,
1648 3243 1805 3306 καθὸ
1850 3241 1998 3306 οὔτε
2053 3241 2311 3307 πάντως
2366 3241 2777 3320 ςυνυπάρχον
2833 3242 3085 3322 ὀφείλει
3137 3299 3152 3304 -

396 3379 448 3420 ι.)
498 3342 692 3427 εἶναι,
736 3346 838 3409 καὶ
883 3345 1040 3408 καθὸ
1084 3343 1438 3425 ἐδείξαμεν,
1484 3342 1583 3408 ὅτι
1626 3344 1690 3407 αἱ
1735 3343 1982 3409 πεύςεις
2026 3345 2185 3408 κατὰ
2230 3344 2424 3422 φύειν
2469 3343 2887 3423 ἐβαρύνοντο.

668 3447 777 3510 Καὶ
823 3449 1100 3511 τοςαῦτα
1143 3447 1259 3525 μὲν
1302 3445 1447 3523 περὶ
1488 3450 1621 3510 τῶν
1668 3447 1844 3523 παρὰ
1887 3446 1966 3510 τὸ
2009 3446 2290 3510 πτωτικὰ
2333 3446 2783 3525 παρηγμένων.

660 3549 865 3612 Δοκεῖ
909 3549 980 3611 δὲ
1024 3547 1453 3626 πρωτότυπον
1498 3544 1664 3611 εἶναι
1707 3549 1781 3611 τὸ
1827 3548 2001 3612 ἕως·
2061 3546 2142 3610 οὐ
2196 3548 2319 3625 γὰρ
2363 3546 2807 3627 προϋφέςτηκέ
2851 3567 2938 3610 τι·
3005 3546 3082 3610 τό
3119 3564 3185 3610 30

495 3668 561 3713 τε
607 3649 1118 3714 ἀνταποδοτικὸν
1162 3646 1364 3712 αὐτοῦ
1405 3650 1625 3712 τέως.

630 3885 845 3940 Anovu.
919 3891 981 3939 13
1024 3883 1437 3954 Interrogativa
1480 3883 1707 3938 omnino
1751 3886 2066 3938 ceterorum
2113 3883 2572 3938 correlativorum
2612 3883 2930 3953 analogiam
2968 3901 3080 3938 non

495 3971 820 4038 sequuntur.
858 3998 923 4009 —
958 3975 1025 4023 30
1057 3970 1203 4024 Ἕως
1242 3968 1462 4022 videtur
1496 3969 1844 4037 primitivum
1883 3985 2019 4024 esse.

498 4093 896 4102 mm*—

628 4172 850 4227 Tns‘rna.
904 4180 937 4227 3
963 4171 1158 4225 Choer.
1184 4169 1318 4227 Can.
1343 4177 1471 4237 430,
1510 4178 1541 4224 3
1577 4159 1652 4234 ὥς
1690 4189 1871 4241 φησιν
1891 4167 2257 4235 Ἀπολλώνιος
2293 4167 2355 4227 ἐν
2395 4173 2472 4244 τῷ
2498 4172 2629 4240 περὶ
2658 4166 3076 4241 ἐπιρρημάτων,

494 4251 565 4310 τὰ
609 4252 1013 4327 μονοσύλλαβα
1059 4251 1337 4311 πευστικὰ
1383 4251 1791 4326 περιαπτόμενα
1839 4247 2007 4322 ὄντα,
2051 4254 2571 4326 προσλαμβάνοντα
2617 4250 2679 4309 τὸ
2719 4263 2749 4308 ὃ
2786 4256 2883 4310 καὶ
2922 4250 3079 4325 γινό-

492 4361 638 4408 μενα
674 4337 1036 4411 οἱναφορικᾰ,
1073 4337 1455 4411 βαρύνονται,
1496 4337 1621 4394 οἷον
1656 4341 1777 4403 πῶς
1802 4333 1987 4407 ὅπως,
2027 4343 2107 4411 πῇ
2131 4333 2269 4410 ὅπῃ·
2313 4331 2488 4403 οὕτως
2516 4331 2621 4396 οὖν
2646 4341 2746 4395 καὶ
2770 4335 2885 4394 ποῦ
2911 4330 3075 4395 ὅπου.

494 4465 603 4472 *-

629 4545 815 4605 stcn.
851 4564 1051 4601 somma
1110 4550 1159 4599 8.
1198 4545 1339 4599 κατὰ
1376 4542 1588 4597 delevit
1623 4543 1903 4598 GDronke
1951 4545 1961 4612 Ι
2007 4551 2054 4597 9.
2093 4547 2252 4598 ὅπως
2289 4543 2344 4610 b,
2379 4560 2448 4597 το
2483 4561 2608 4598 πως
2645 4544 2687 4597 Α
2742 4545 2751 4609 Ι
2803 4548 2880 4596 10.
2918 4545 3077 4598 ὁπῶς

496 4630 802 4686 HLAhrens
840 4636 850 4699 Ι
895 4635 974 4686 18.
1009 4630 1428 4684 ἀνταποδοτικά
1464 4629 1529 4691 b,
1567 4645 1887 4696 αναφορικα
1914 4631 1956 4684 Α
1999 4632 2009 4696 Ι
2046 4630 2118 4684 τὰ
2153 4628 2282 4683 add.
2323 4628 2360 4680 b
2399 4629 2408 4694 Ι
2450 4633 2528 4682 20.
2569 4628 2694 4682 ἀλλ’
2728 4628 2797 4681 οὐ
2831 4625 3074 4698 GUhlig,

493 4718 583 4768 ml
617 4717 683 4768 οὐ
719 4718 761 4770 Α
784 4715 821 4768 b
860 4723 869 4778 1
908 4722 990 4770 23.
1029 4714 1524 4790 καταναγκάζεται]
1562 4713 1657 4773 fol,
1701 4718 1795 4766 136
1830 4730 1880 4770 v.
1923 4713 1933 4780 Ι
1971 4721 2053 4771 25.
2091 4718 2347 4782 κληματα
2385 4715 2427 4767 Α
2468 4712 2478 4781 Ι
2520 4716 2603 4765 26.
2638 4713 2753 4766 (καί
2797 4714 2928 4780 post
2970 4713 3075 4766 οὖν

493 4798 713 4853 videtur
747 4797 1057 4854 abundare'
1100 4800 1133 4851 b
1168 4797 1226 4850 in
1266 4814 1379 4854 var.
1414 4798 1542 4850 leet.
1574 4800 1583 4864 Ι
1613 4803 1696 4851 27.
1740 4802 1880 4851 καθο
1919 4799 1988 4864 Α,
2028 4799 2215 4852 καθὼς
2253 4797 2322 4862 bl
2359 4803 2440 4850 31.
2472 4799 2600 4864 post
2631 4797 2776 4850 τέως
2812 4796 3072 4851 lacunam

494 4885 711 4937 maioris
747 4884 995 4937 ambitus
1027 4882 1228 4936 statuit
1262 4880 1497 4951 EEgger
