3738 5530
657 261 786 327 100
859 260 1304 319 Commentarius
1332 261 1559 319 criticus
1588 263 1646 318 et
1673 260 1995 333 exegeticus
2022 259 2081 317 in
2110 259 2397 331 Apollonii
2422 259 2651 331 Dyscoli
2680 261 2891 332 scripta
2916 260 3148 316 minora.

649 437 754 494 est.
829 433 1052 508 Habro‚
1099 434 1438 512 analogiam
1483 452 1600 493 non
1647 435 1896 508 sectans,
1943 435 2142 492 censet
2186 427 2437 493 ἑαυτῶν
2485 426 2702 492 αὐτῶν
2737 431 2867 492 κτλ.
2904 433 3062 491 recte
3097 433 3260 492 facta

651 543 775 583 esse
832 524 1081 601 ideoque
1128 523 1387 583 Homero
1441 542 1559 583 non
1616 521 2038 596 abiudicanda3
2100 541 2240 583 casu
2288 522 2551 582 evenisse
2611 514 2802 604 (κατὰ
2845 517 3044 597 τύχην
3090 540 3253 598 pron.

654 615 754 688 72,
779 615 891 688 15,
937 616 1092 690 synt.
1135 614 1279 689 184,
1302 605 1372 695 6)
1419 616 1487 673 ut
1532 612 1755 673 similes
1801 613 2028 673 formae
2074 604 2401 693 (ἐμαυτῶν
2438 603 2597 693 sim.)
2644 612 2708 670 in
2744 612 2941 689 prima
2976 611 3257 671 secunda-

649 722 762 779 que
799 721 1052 779 persona
1089 704 1353 763 omnium
1388 721 1500 762 usu
1535 722 1656 763 non
1690 704 2108 780 reciperentur.
2186 700 2409 762 Contra.
2435 701 2809 779 Apollonius,
2846 700 3256 761 Aristarchum

647 795 900 868 secutus,
943 795 1107 852 totus
1153 795 1244 852 est
1286 794 1347 851 in
1398 793 1711 871 analogiae
1754 792 1887 870 lege
1935 790 2328 866 defendenda,
2387 791 2459 850 cf.
2508 791 2662 867 synt.
2717 791 2861 866 184,
2884 792 2921 849 5
2970 785 3048 850 οὐ
3095 789 3258 865 δῆτα

646 878 809 943 κατὰ
861 876 1062 956 τύχην
1117 877 1389 943 πλείονα
1444 878 1731 957 (χήματα
1784 878 2051 942 δύναται
2107 879 2453 956 (εειγῆεθαι
2513 878 2645 941 τῶν
2692 873 2933 940 ὄντων·
2997 874 3086 939 ὧ(
3132 875 3255 954 γὰρ

645 967 1001 1047 πρόκειται,
1068 966 1136 1031 ἐκ
1190 970 1323 1031 τῶν
1390 966 1702 1032 ἐναντίων
1765 966 2034 1031 δύναται
2099 963 2164 1055 (i.
2204 990 2250 1030 e.
2300 965 2525 1045 μείονα
2579 965 2865 1045 εχήματα
2911 967 3257 1044 (εειγῆεθαι

644 1060 776 1121 τῶν
836 1051 1096 1142 ὄντων).
1180 1060 1256 1120 ib.
1308 1062 1452 1137 184,
1477 1062 1558 1120 15
1614 1058 1754 1120 πῶς
1809 1053 1930 1121 οὖν
1984 1056 2024 1135 ἡ
2089 1056 2382 1136 ἐμαυτῶν
2438 1056 2540 1120 καὶ
2597 1054 2660 1119 αἱ
2715 1054 2857 1133 ἐξῆ(
2913 1053 3071 1135 μετὰ
3122 1056 3255 1119 τῶν

646 1146 975 1210 ευνόντων
1019 1146 1389 1224 προεώπων
1436 1146 1538 1211 ὡ(
1585 1145 1664 1213 ἐξ
1712 1145 2228 1226 ἐπιτάγματος
2274 1144 2693 1223 ἀπεώεθηεαν
2735 1145 2841 1208 καὶ
2880 1148 2998 1209 τοῦ
3035 1146 3254 1209 κοινοῦ

644 1235 833 1300 ἔθου(
879 1235 982 1299 καὶ
1026 1238 1145 1301 τοῦ
1199 1234 1379 1316 παρὰ
1432 1239 1750 1313 ποιηταῑε;
1818 1233 1916 1301 οἶ(
1975 1235 2326 1317 προεφιλὲ(
2390 1237 2639 1314 μᾶλλον
2702 1234 3132 1313 παραδιώκειν
3176 1233 3253 1298 τὸ

642 1324 1182 1406 παρηλλαγμένον
1213 1328 1326 1404 τῆς
1364 1326 1676 1403 (υνήθουε
1713 1325 1997 1405 χρήεεωε
2065 1330 2223 1407 quod
2261 1329 2335 1390 ab
2372 1347 2489 1389 usu
2525 1326 2876 1406 quotidiano
2914 1320 3254 1408 discrepat)

641 1418 908 1479 Eandem
971 1418 1303 1479 doctrinam
1368 1411 1473 1501 (ad
1528 1439 1694 1496 pron.
1748 1421 1847 1495 72,
1871 1420 2042 1479 6-7
2138 1419 2403 1497 profecto
2467 1418 2650 1479 etiam
2695 1417 2750 1475 h.
2788 1419 2826 1476 l.
2870 1419 2972 1493 72,
2995 1420 3161 1477 11-
3172 1417 3252 1475 15

641 1508 932 1569 defendit.
996 1503 1051 1569 εἰ
1111 1506 1227 1583 μὲν
1282 1502 1403 1570 οὖν
1457 1504 1538 1569 τὰ
1593 1504 1760 1569 ἄλλα
1813 1503 2030 1569 πάντα
2083 1505 2268 1584 τρίτα
2329 1500 2560 1592 (omnes
2619 1509 2846 1569 formae
2889 1508 3252 1585 pronominis

640 1598 968 1675 personalis
1013 1600 1149 1657 tert
1198 1592 1277 1659 οὗ
1325 1592 1390 1659 οἶ
1434 1593 1467 1658 ἕ
1508 1590 1667 1680 κτλ.)
1717 1593 2095 1674 ἐεεείγηντο,
2140 1594 2262 1659 κᾶν
2306 1592 2389 1673 ἦν
2433 1614 2528 1659 τι(
2572 1593 2922 1672 πιθανότης
2969 1588 3253 1678 (quodam

640 1688 815 1749 modo
861 1678 1241 1769 probaretur)
1297 1686 1433 1748 τοῦ
1487 1685 1607 1748 καὶ
1661 1683 1750 1748 τὰ
1805 1683 2024 1763 τρίτα
2078 1682 2266 1748 ὄντα
2319 1687 2627 1762 πρῶτον
2684 1684 2806 1747 καὶ
2852 1682 3116 1762 τρίτον
3160 1682 3249 1761 μὴ

642 1771 754 1839 εἶν
767 1794 856 1838 αι.
947 1777 1112 1839 Haec
1173 1776 1444 1855 intellegi
1508 1797 1627 1837 non
1680 1779 1958 1855 possunt3
2019 1778 2058 1837 b
2112 1780 2177 1837 in
2221 1777 2414 1838 indice
2474 1776 2821 1838 mendorum
2863 1778 3102 1853 reponit
3144 1794 3251 1854 pro

638 1866 904 1942 πρῶτον
959 1863 1063 1928 καὶ
1108 1862 1350 1942 τρίτον;
1407 1865 1670 1942 πρῶτον
1716 1863 1818 1928 καὶ
1865 1862 2086 1928 δεύτε
2097 1883 2259 1943 pov:
2322 1886 2475 1945 quae
2521 1866 2855 1927 emendatio
2902 1868 3101 1944 potius
3146 1869 3248 1925 est.

639 1956 731 2017 Ea
775 1961 975 2017 tamen
1030 1956 1351 2016 difficultas
1404 1976 1782 2034 nequaquam
1834 1956 2099 2033 tollitur3
2160 1957 2307 2017 haec
2361 1959 2520 2017 enim
2564 1959 2862 2017 sententia
2902 1958 3249 2033 requiritur:

639 2040 923 2122 ‘quodam
976 2046 1154 2106 modo
1207 2045 1559 2123 probaretur
1613 2047 1834 2107 formas
1893 2048 2108 2107 tertiae
2153 2065 2302 2125 pers.
2351 2047 2549 2107 deesse
2594 2064 2792 2123 posse,
2857 2064 2991 2106 cum
3038 2040 3103 2105 αἱ
3146 2040 3247 2104 (ύ-

637 2136 817 2207 Ζυγοι
873 2137 1101 2212 primae
1156 2135 1559 2213 secundaeque
1614 2138 1676 2194 in
1733 2155 1844 2196 usu
1900 2129 2063 2213 sint’,
2116 2139 2156 2199 i.
2195 2155 2241 2194 e.
2298 2138 2457 2196 inter
2514 2139 2867 2214 pronomina
2923 2137 3137 2196 tertiae
3190 2137 3251 2193 et

637 2227 864 2302 primae
929 2224 1334 2302 secundaeque
1387 2225 1450 2285 id
1505 2227 1755 2286 rationis
1809 2225 2200 2300 intercedere,
2255 2228 2324 2284 ut
2377 2226 2641 2286 diversas
2695 2226 2856 2305 leges
2910 2226 3246 2301 sequantur.

636 2314 848 2390 Itaque
905 2317 1130 2375 conicio
1176 2317 1260 2375 sic
1305 2314 1682 2375 scribendum
1727 2330 1851 2375 esse
1898 2314 2034 2376 τοῦ
2092 2310 2266 2394 [καὶ]
2314 2310 2405 2375 τὰ
2449 2311 2691 2390 τρίτα,
2753 2309 3002 2376 ὄντων
3049 2310 3247 2389 πρώ-

636 2420 787 2464 των
833 2400 955 2464 καὶ
1001 2400 1412 2480 δευτέρων,
1461 2401 1541 2478 μὴ
1591 2398 1770 2465 εἶναι.
1860 2404 1992 2464 Iam
2038 2407 2237 2483 pergit
2283 2399 2337 2465 εἰ
2383 2402 2456 2466 δὲ
2504 2399 2574 2466 ἕν
2614 2421 2744 2465 που
2791 2397 2858 2487 (i.
2897 2422 2944 2463 e.
2982 2405 3248 2463 nomina-

635 2496 799 2553 tivus
844 2493 1041 2554 dualis
1085 2496 1219 2553 tert.
1268 2512 1417 2571 pers.
1465 2513 1519 2552 v.
1568 2485 1642 2575 s.)
1709 2488 1964 2568 ἑειγήθη
2029 2490 2135 2554 διὰ
2190 2490 2266 2554 τὸ
2321 2488 2435 2569 ὑφ’
2484 2489 2725 2570 ἑτέρων
2790 2492 3098 2565 (υζυγιῶν
3158 2485 3249 2573 (in

637 2586 894 2642 mentem
931 2586 1096 2642 venit
1133 2580 1444 2655 (υζύγων;
1492 2582 1594 2642 sed
1640 2583 2027 2643 conferendus
2072 2583 2323 2661 pluralis
2371 2579 2789 2645 αὐτοπάθειαι
2832 2602 2999 2660 pron.
3036 2583 3248 2658 114,7‚

636 2672 710 2732 ad
762 2675 862 2748 71,
887 2664 998 2754 12)
1046 2667 1624 2747 ἀναπεπληρῶεθαι
1674 2664 1881 2755 (αὐτώ
1929 2667 2152 2733 ἐκείνω
2201 2674 2275 2733 al.
2314 2664 2566 2754 formis),
2612 2673 2751 2732 πῶς
2798 2668 2943 2747 οὐχὶ
2987 2667 3248 2744 γέλοιον

635 2757 949 2823 τοεαύταε
994 2757 1224 2838 φωνὰ(
1271 2757 1596 2841 (ἐμαυτῶν
1642 2760 1929 2823 (εαυτῶν
1975 2758 2136 2841 κτλ.)
2183 2758 2344 2823 κατὰ
2388 2758 2590 2838 τύχην
2636 2760 3010 2838 εεειγῆεθαι;

818 2854 923 2931 72,
947 2853 1025 2911 16
1076 2851 1292 2912 codicis
1338 2854 1594 2931 vestigia
1638 2855 1873 2912 secutus
1919 2870 2078 2929 sum3
2123 2851 2624 2914 κατακολουθεῖν
2669 2855 2907 2930 praeter
2942 2853 2996 2910 h.
3035 2852 3073 2911 l.
3111 2868 3247 2911 nus·

635 2961 831 3018 quam,
877 2943 942 3001 ni
986 2941 1180 3017 fallor,
1228 2941 1388 3018 apud
1432 2942 1547 3019 Ap.
1593 2943 1830 3020 legitur.

817 3032 1022 3106 72,18
1070 3049 1205 3090 cum
1250 3029 1497 3105 μᾶλλον
1545 3024 2028 3107 ἀξιοπιετοτέρα
2070 3031 2111 3090 b
2157 3033 2412 3092 conferri
2452 3031 2619 3093 iubet
2655 3035 2810 3109 synt.
2843 3033 3050 3109 69,18
3090 3029 3245 3106 μᾶλ-

634 3118 752 3180 λον
798 3116 1334 3196 καταλληλότερα.

816 3212 918 3285 72,
940 3211 1023 3269 20
1087 3203 1222 3269 His
1285 3210 1480 3271 verbis
1544 3206 1757 3285 παρὸν
1820 3207 1896 3271 δὲ
1952 3204 2234 3273 ἐξετάεαι
2291 3212 2518 3272 accedit
2573 3203 2745 3294 (Ap.)
2801 3211 2878 3272 ad
2935 3211 3026 3287 id,
3089 3209 3245 3287 quod

637 3301 738 3374 71,
760 3299 846 3358 30
900 3301 1092 3376 primo
1146 3299 1277 3359 loco
1322 3302 1582 3377 positum
1630 3303 1761 3360 erat
1815 3291 2306 3382 (argumentum).
2398 3301 2471 3360 Id
2517 3305 2933 3380 argumentum
2977 3300 3031 3359 h.
3071 3300 3107 3358 l.
3154 3319 3243 3359 re·

632 3390 860 3464 petitur
911 3388 1105 3448 verbis
1161 3383 1292 3448 ἀπὸ
1339 3384 1569 3449 ἑνικῶν
1605 3421 1694 3432 -
1729 3389 2026 3452 πεεεῖται.
2126 3390 2291 3451 Haec
2352 3392 2541 3469 igitur
2603 3411 2673 3451 ex
2737 3392 2991 3452 aliorum
3049 3393 3242 3450 mente

633 3476 795 3537 dicta
838 3495 963 3537 esse
1011 3480 1287 3555 apparet.
1333 3478 1435 3537 sed
1480 3482 1609 3539 iure
1653 3481 1902 3555 mireris,
1947 3480 2009 3540 id
2047 3499 2168 3540 ιιοιι
2204 3480 2528 3558 significari
2565 3484 2808 3542 externa
2844 3482 3049 3558 aliqua
3082 3482 3242 3555 nota,

633 3569 702 3625 ut
745 3569 1099 3644 interposito
1146 3567 1324 3628 verbo
1371 3565 1541 3643 φαεί.
1633 3569 1763 3629 Iam
1808 3568 2006 3630 verbis
2043 3565 2239 3631 οὐδὲν
2275 3566 2401 3646 γὰρ
2438 3569 2694 3633 κωλῦον
2731 3567 2838 3632 κτὲ
2876 3570 3240 3631 adversarios

630 3655 985 3735 redarguere
1031 3659 1251 3734 coepit:
1297 3658 1398 3717 sed
1444 3658 1720 3736 displicet
1764 3661 2102 3720 coniunctio
2148 3655 2298 3735 γάρ,
2356 3680 2510 3737 quae
2554 3663 2606 3720 si
2651 3662 2853 3721 omnia
2897 3678 3045 3721 sana
3088 3662 3242 3735 sunt,

632 3745 708 3804 ad
773 3749 1129 3807 sententiam
1194 3747 1396 3807 durius
1454 3750 1731 3808 omissam
1784 3749 2097 3809 referenda
2151 3753 2265 3809 est:
2328 3744 2497 3810 Ἀλλ’
2554 3745 2962 3812 εὐαπόλυτον
3018 3748 3239 3812 τοῦτο·

631 3830 827 3897 οὐδὲν
872 3831 996 3912 γὰρ
1043 3835 1324 3897 κωλῦονε
1372 3839 1488 3897 nisi
1533 3838 1686 3897 forte
1735 3833 1876 3898 ἀλλ’
1925 3833 2119 3899 οὐδὲν
2153 3836 2411 3900 κωλῦον
2447 3840 2763 3918 legendum
2800 3843 2925 3901 sive
2963 3835 3101 3900 ἀλλ’
3131 3834 3239 3899 οὐ·

631 3921 743 3984 δὲν
798 3919 938 4000 γάρ.
1028 3925 1230 3986 Verba
1285 3930 1484 3986 autem
1538 3924 1620 3987 τὰ
1677 3923 2067 4004 προκείμενα
2110 3948 2228 3988 ιιοιι
2277 3929 2349 3989 de
2394 3931 2470 3989 iis
2514 3929 2845 4007 vocabulis,
2910 3930 2982 3990 de
3029 3929 3238 4007 quibus

629 4013 684 4071 h.
725 4013 763 4073 l.
803 4017 1005 4092 agitur
1032 3999 1267 4077 ἑαυτοῦ
1297 4012 1534 4077 ἑαυτόν
1563 4017 1908 4094 accipienda
1944 4020 2100 4093 sunt,
2137 4018 2239 4078 sed
2276 4018 2349 4079 de
2387 4014 2821 4096 ἀνδροφόνος,
2860 4012 3236 4080 ἑνδέκατοεῆ

633 4102 755 4162 Ska
797 4103 830 4162 I
870 4106 968 4164 18.
1062 4105 1153 4164 De
1199 4108 1507 4166 sententiis
1552 4106 1865 4168 brevitatis
1913 4126 2092 4169 causa
2138 4112 2275 4168 ante
2322 4104 2446 4184 γάρ
2492 4111 2725 4170 omissis
2763 4108 2839 4170 ad
2879 4111 3080 4185 14,13
3129 4110 3233 4186 egi.

629 4190 758 4251 Hoc
805 4196 1006 4254 autem
1052 4194 1180 4254 loco
1236 4216 1310 4255 ne
1356 4216 1428 4256 ea
1474 4196 1713 4272 quidem
1756 4199 2248 4274 interpretatione
2295 4217 2443 4277 opus
2490 4202 2605 4259 est.
2664 4200 2806 4260 licet
2859 4202 3017 4259 enim
3061 4198 3238 4259 verba

630 4275 824 4342 οὐδὲν
888 4279 1011 4358 γὰρ
1075 4282 1329 4346 κωλῦον
1393 4288 1483 4345 ita
1547 4288 1826 4363 accipere,
1890 4291 1959 4347 ut
2015 4291 2309 4349 artissime
2364 4288 2719 4350 cohaereant
2776 4308 2913 4350 cum
2958 4292 3043 4349 eis
3090 4306 3235 4365 quae

630 4371 985 4432 antecedunt
1029 4369 1242 4448 παρὸν
1287 4406 1376 4417 -
1422 4370 1679 4450 ἀληθές,
1735 4380 1908 4454 quasi
1955 4378 2429 4439 adversariorum
2474 4382 2769 4440 sententia
2812 4398 2932 4440 non
2977 4381 3057 4439 sit
3101 4381 3235 4438 iter-

628 4478 728 4518 um
773 4463 1023 4538 prolata.
1116 4462 1342 4524 Eodem
1396 4464 1572 4525 modo
1617 4468 1681 4525 in
1725 4466 1818 4527 his
1866 4462 2036 4528 ἅπαξ
2082 4464 2232 4544 γὰρ
2296 4465 2547 4544 ἐδείχθη
2591 4488 2758 4547 pron.
2801 4472 2903 4546 71,
2927 4473 3001 4529 11
3055 4469 3233 4545 parti·

627 4550 762 4609 cula
815 4546 938 4626 γάρ
995 4551 1069 4612 ad
1134 4572 1207 4613 ea
1267 4556 1582 4631 respicitur
1644 4576 1796 4634 quae
1859 4556 2222 4633 praecedunt
2282 4554 2580 4634 περιεεὸν
2633 4553 2755 4620 οὖν
2821 4554 2948 4620 teri
3011 4557 3233 4632 ζητεῖν,

626 4658 985 4715 quamquam
1031 4641 1093 4701 id
1142 4643 1296 4815 quo?
1354 4644 1651 4704 refutatur
1705 4645 2013 4723 problema
2065 4649 2483 4724 interpositum
2529 4651 2632 4709 est.
2725 4648 2816 4708 De
2860 4668 2926 4709 re
2971 4649 3043 4707 cf.
3082 4649 3231 4724 synt.

631 4729 776 4802 182,
801 4731 1120 4807 16—183,
1141 4735 1180 4790 4
1219 4732 1253 4769 '¹'

623 4848 870 4857 *4———fi

804 4914 851 4983 ⁶)
889 4854 1048 4983 synt.
1066 4923 1182 4986 182,
1206 4926 1272 4974 19
1312 4925 1451 4989 μετὰ
1487 4926 1620 4980 δέκα
1655 4929 1693 4994 ἢ
1729 4925 1957 4982 πλείου(
1995 4928 2116 4997 (pro
2148 4929 2185 4994 ἢ
2212 4931 2303 4983 πλ.
2334 4927 2531 4997 corrig.
2562 4929 2628 4984 οἱ
2662 4929 2908 4999 πλείους)
2943 4928 3055 4984 ὑπὸ
3081 4927 3230 4984 τάξιν
