3738 5530
627 424 669 484 4
1559 425 1742 475 ΠΕΡΙ
1777 423 2286 477 ΑΝΤΩΝΤΜῙΑΣ.

1520 533 2320 583 μεωοειλε-ῡαοωλῡι»

797 627 862 691 Εἰ
905 627 985 691 τὰ
1031 626 1345 705 ὼριςμένα
1390 627 1821 707 ςεςημείωται,
1881 627 1944 691 αἱ
1997 628 2068 690 δὲ
2113 625 2497 706 ἀντωνυμίαι
2545 625 2859 705 ὼριςμένα
2903 625 3221 703 πρόςωπα

629 732 1022 808 παριςτᾶςιν,
1091 728 1210 792 οὐκ
1276 728 1601 793 ἀπιθάνως
1669 728 1706 792 ὁ
1766 729 2144 808 Τυραννίων
2216 728 2574 808 ςημειώςεις
2639 727 2836 792 αὐτὰς
2901 728 3217 792 ἐκάλεςεν.

628 832 795 895 Ἀλλ’
845 829 999 895 ἰ’ςως
1054 831 1341 895 ἑλλειπὲς
1396 832 1472 894 τὸ
1528 834 1861 895 τοιοῦτον·
1923 830 2116 895 οὐδὲν
2171 831 2296 908 γὰρ
2351 837 2485 894 τῶν
2542 832 3219 907 παρακολουθούντων
3256 842 3301 895 Β

628 933 848 997 αὐταῖς
892 931 1279 1010 παρίςτηςιν.

561 1058 593 1103 5
799 1033 967 1098 Οὐδὲ
1023 1035 1144 1111 μὴν
1206 1033 1708 1108 ςυγκαταθετέον
1766 1034 1895 1098 ἐςτὶ
1948 1036 2085 1097 τοῖς
2142 1032 2576 1111 ὁριζομένοις·
2639 1032 3050 1112 «ἀντώνυμόν
3097 1036 3221 1099 ἐςτι

628 1138 822 1215 μέρος
879 1135 1082 1210 λόγου
1140 1133 1287 1198 ἀντ’
1347 1133 1670 1211 ὀνόματος
1725 1134 2446 1214 παραλαμβανόμενον.»
2560 1135 2636 1199 Οἱ
2692 1137 2815 1214 γὰρ
2872 1135 3017 1214 ὅροι
3085 1143 3218 1200 τῶν

544 1238 553 1243 ’
625 1243 897 1313 γενικῶν
956 1236 1411 1315 ἐμπεριεκτικοί
1454 1235 1636 1317 εἰςιν,
1696 1236 1775 1299 οὐ
1831 1237 1954 1315 μὴν
2011 1240 2145 1300 τῶν
2192 1236 2425 1300 ἰδικῶν.
2529 1235 2567 1298 ὁ
2610 1241 2772 1312 γοῦν
2819 1236 2975 1315 ὅρος
3021 1238 3058 1302 ὁ
3102 1241 3218 1302 τοῦ

629 1339 980 1417 ἀνθρώπου
1029 1337 1107 1402 οὐ
1152 1338 1268 1401 τὸν
1313 1338 1544 1414 ἰδικόν,
1588 1338 1706 1402 τὸν
1751 1338 1821 1401 δὲ
1864 1339 2120 1412 γενικόν
2168 1337 2464 1417 ςημαίνει.
2541 1340 2642 1401 καὶ
2684 1342 2803 1401 νῦν
2837 1338 3220 1417 ἀντώνυμόν

628 1443 752 1505 ἐςτι
796 1442 870 1505 τὸ
916 1439 1148 1517 ἰδικόν,
1205 1440 1279 1503 τὸ
1337 1439 1521 1514 ἐγώ,
1575 1439 1651 1502 τὸ
1698 1439 1817 1520 ςύ,
1875 1437 2244 1516 ἀντωνυμία
2297 1440 2368 1503 δὲ
2424 1440 2500 1504 τὸ
2558 1437 2752 1512 ὅλον,
2807 1441 3089 1505 τουτέςτι
3144 1441 3219 1504 τὸ

529 1563 592 1610 10
625 1543 911 1618 γενικόν·
974 1540 1188 1618 ὥςπερ
1250 1539 1595 1620 ἀμφιβολία
1651 1541 1753 1604 καὶ
1807 1540 2202 1620 ἀμφίβολον,
2260 1540 2626 1618 ςυνωνυμία
2670 1541 2769 1604 καὶ
2815 1542 3219 1623 ςυνώνυμον,
3258 1552 3299 1608 C

627 1643 935 1719 διωνυμία
987 1643 1089 1706 καὶ
1145 1641 1502 1721 διώνυμον,
1560 1640 1892 1720 ὁμωνυμία
1947 1641 2045 1704 καὶ
2113 1641 2480 1721 ὁμώνυμον.
2590 1641 2666 1705 τὸ
2730 1642 2853 1721 γὰρ
2912 1642 3219 1722 οὐκερῶ

627 1743 1049 1825 ἀμφίβολον·“
1084 1744 1159 1807 τό
1219 1764 1286 1807 τε
1344 1742 1525 1826 Αἴας,
1585 1742 1689 1806 ἐπὶ
1748 1746 1866 1807 τοῦ
1912 1743 2164 1821 Λοκροῦ
2221 1743 2886 1823 παραλαμβανόμενον
2944 1745 3047 1809 καὶ
3101 1749 3218 1809 τοῦ

626 1845 1067 1923 Τελαμωνίου,
1126 1844 1491 1923 ὁμώνυμον.
1540 1882 1616 1890 -
1675 1844 1850 1907 Ἀλλ’
1906 1843 2054 1908 ἰ’ςως
2100 1844 2283 1923 φήςει
2327 1864 2420 1908 τις
2463 1844 2845 1922 παράλογον
2889 1846 2965 1909 τὸ
3013 1846 3220 1922 λέγειν

626 1945 1032 2023 ἀντωνυμίαν
1086 1946 1161 2009 τὸ
1208 1946 1336 2020 ἐγώ
1363 1967 1377 1981 ·
1440 1946 1623 2010 «δέον
1677 1946 1800 2023 γὰρ
1857 1945 2291 2025 ἀντώνυμον.»
2392 1944 2516 2009 Ἠν
2574 1947 2631 2009 δ’
2685 1946 2764 2011 ἂν
2821 1948 3219 2026 παράλογον,

525 2070 588 2118 15
624 2048 679 2113 εἰ
723 2049 803 2127 μή
848 2050 984 2112 τοῖς
1026 2046 1659 2124 γενικοῑς·πολλάκις
1698 2047 2143 2125 ςυνεχρώμεθα
2183 2047 2326 2110 ἀντὶ
2374 2053 2508 2111 τῶν
2553 2046 2796 2125 ἰδικῶν,
2841 2050 2917 2112 τὸ
2962 2050 3221 2132 <ζῷον>
3258 2060 3357 2114 3A

630 2151 907 2215 τιθέντες
954 2148 1054 2213 ἐπ’
1098 2148 1471 2230 ἀνθρώπου,
1517 2150 1619 2212 καὶ
1664 2148 1767 2212 ἐπὶ
1809 2153 1928 2212 τοῦ
1972 2148 2267 2228 φοίνικος
2311 2148 2388 2212 τὸ
2434 2149 2664 2228 φυτόν.
2751 2155 3052 2215 τοιοῦτον
3101 2149 3219 2215 οὖν

628 2253 730 2316 καὶ
774 2253 850 2316 τὸ
896 2250 1338 2329 προκείμενον.

796 2351 1268 2433 Ἐκφεύγοντάς
1322 2372 1474 2431 φαςι
1529 2353 1604 2416 τὸ
1649 2350 1944 2415 Αἰολικὸν
2002 2351 2157 2415 τοὺς
2212 2351 2355 2430 περὶ
2404 2353 2701 2431 Κομανόν
2746 2352 3224 2431 ἀντωνομαςίας

625 2456 870 2529 καλεῖν,
918 2453 1050 2530 εἴγε
1093 2454 1169 2518 τὸ
1214 2454 1329 2533 μὲν
1374 2452 1585 2530 ὄνυμα
1624 2453 1705 2516 οὐ
1750 2452 2004 2527 κοινόν,
2049 2453 2124 2517 τὸ
2169 2454 2240 2517 δὲ
2270 2452 2496 2531 ὄνομα.
2555 2454 2737 2536 «Ναί,
2783 2455 3002 2533 ἀλλά»,
3049 2475 3224 2539 φαςι,

526 2577 593 2625 20
631 2557 763 2620 «καὶ
807 2555 976 2620 ἄλλα
1019 2556 1178 2620 κατὰ
1220 2556 1297 2620 τὸ
1343 2555 1490 2619 ἔθος
1536 2553 1758 2619 ὀθνεῖα
1802 2557 2246 2637 παρειςῆλθεν,
2290 2555 2379 2620 ὡς
2426 2558 2587 2639 <τὸ>
2633 2556 2926 2623 Εὔξεινος
2982 2557 3226 2621 πόντος

626 2658 836 2721 Ἰακῶς
879 2663 970 2739 τῷ
1015 2660 1037 2721 ῑ
1080 2656 1477 2721 πλεονὰςαν·
1539 2655 1577 2720 ὅ
1622 2676 1691 2720 τε
1737 2655 2104 2735 ἀπηλιώτης
2150 2657 2255 2721 διὰ
2300 2662 2500 2736 ψιλοῦ
2544 2657 3015 2737 ςυναλειφθείς,
3063 2657 3225 2738 ὅπερ

627 2759 885 2837 ςυνεχὲς
940 2759 1101 2837 παρ’
1155 2759 1345 2823 Ἴωςι·
1402 2758 1477 2822 τό
1532 2779 1601 2822 τε
1658 2761 2070 2825 ξενοδοκεῑον
2126 2760 2228 2824 καὶ
2283 2764 2705 2825 πανδοκεῖον·
2766 2759 2933 2825 ἄλλα
2988 2760 3223 2838 μυρία.»

628 2861 820 2925 Ἀλλὰ
874 2861 979 2924 καὶ
1028 2865 1223 2925 τοῦτο
1270 2859 1713 2923 εὐδιὰςειςτον.
1762 2859 1818 2923 εἰ
1869 2860 1995 2938 γὰρ
2039 2861 2118 2924 τὰ
2141 2864 2642 2941 ιπαρειςδύοντα
2695 2868 2828 2926 τῶν
2876 2861 3225 2925 διαλέκτων
3261 2874 3305 2926 Β

628 2961 748 3026 οὐκ
791 2961 863 3025 ἐν
906 2967 998 3044 τῷ
1052 2960 1365 3037 καθόλου,
1424 2960 1591 3027 ἅπαξ
1636 2960 1708 3023 δέ
1752 2981 1884 3024 που
1944 2960 2117 3043 (ἰδοὺ
2159 2962 2283 3039 γὰρ
2329 2962 2673 3028 κακόξενος
2716 2963 2820 3026 καὶ
2863 2962 3226 3045 φιλόξενος,

526 3084 594 3132 25
629 3063 885 3140 ἄξενος,
931 3063 1005 3127 ἓν
1052 3062 1124 3126 δέ
1169 3063 1296 3127 ἐςτι
1338 3062 1414 3126 τὸ
1460 3060 1769 3126 εὔξεινος·
1826 3061 1929 3125 καὶ
1972 3061 2225 3141 ἄφοδος
2270 3064 2373 3127 καὶ
2415 3062 2771 3142 ἀφοριςμός
2814 3063 2917 3127 καὶ
2959 3062 3226 3142 ἀφορία,

629 3167 702 3230 ἓν
757 3165 829 3228 δὲ
884 3165 960 3229 τὸ
1007 3153 1436 3247 ἀπηλιώτής),
1492 3162 1741 3242 χρῆ<ν>
1785 3160 1911 3241 ἄρα
1954 3162 2053 3226 καὶ
2095 3163 2213 3240 τὴν
2259 3163 2665 3243 ἀντωνυμίαν
2708 3163 2875 3230 ἅπαξ
2932 3163 3226 3242 εἰρῆςθαι,

628 3267 732 3331 καὶ
774 3267 853 3330 τὰ
894 3263 1374 3344 ὑπολειπόμενα
1404 3264 1574 3342 ἔχειν
1604 3265 1764 3328 κατὰ
1803 3265 1923 3343 τὴν
1957 3265 2178 3341 κοινὴν
2211 3264 2532 3348 ἐκφοράν,
2578 3265 2747 3341 λέγω
2779 3267 2852 3329 δὲ
2881 3267 2986 3330 διὰ
3009 3270 3126 3330 τοῦ
3158 3268 3224 3331 ὃ.

628 3372 749 3433 νῦν
795 3369 866 3432 δε
914 3366 1214 3447 οὐδαμῶς
1261 3366 1426 3430 ἔςτιν
1472 3365 1829 3446 ἐπινοῆςαι·
1887 3366 2319 3445 πολυώνυμος
2362 3368 2487 3446 γὰρ
2531 3367 2633 3430 καὶ
2676 3367 3013 3446 διώνυμος.
3084 3370 3228 3430 πῶς
3264 3380 3306 3435 C

765 3556 982 3607 Αιανιι.
1071 3559 1090 3604 1
1153 3552 1201 3617 3)
1246 3550 1366 3604 Nec
1411 3550 1565 3603 recte
1608 3547 1891 3617 Tyrannio
1938 3549 2237 3617 ςημείωςιν
2283 3550 2647 3620 nuncupavit.
2695 3581 2761 3589 —
2809 3557 2840 3605 5
2882 3554 2935 3616 4)
2977 3550 3097 3604 Nec
3147 3548 3226 3603 eis

529 3666 544 3680 ·
631 3635 1045 3690 assentiendum
1074 3636 1211 3700 est,
1235 3634 1355 3706 ,qui
1391 3635 1730 3699 ἀνι-ώνυμον
1765 3633 1879 3687 dici
1916 3632 2198 3688 volebant.
2235 3665 2302 3673 —
2340 3640 2403 3689 18
2438 3635 2490 3705 5)
2526 3635 2644 3690 Nec
2681 3635 2913 3690 Comani
2948 3633 3230 3689 sententia

631 3720 928 3791 probanda
961 3720 1360 3804 ἀντωνομαςία
1395 3734 1599 3772 nomen
1636 3716 2034 3788 praeferentis,
2074 3718 2224 3785 quod
2261 3721 2444 3786 όνυμα
2478 3720 2754 3774 aeolicum
2790 3719 2879 3773 sit.

766 3889 960 3944 D1scn.
996 3907 1192 3944 scum.
1255 3894 1301 3941 1.
1342 3888 1620 3955 ώριςμένα
1659 3886 1725 3954 b,
1769 3903 2033 3954 οριςμενα
2074 3889 2159 3956 ΑΙ
2190 3888 2466 3956 ώριςμένα
2490 3888 2553 3954 b,
2595 3905 2856 3956 οριςμενα
2882 3891 2925 3943 Α
2967 3892 2975 3952 Ι
3014 3895 3064 3945 2.
3089 3905 3227 3957 παρ-

632 3976 857 4043 ιςτᾶςιν]
896 3990 1221 4042 παριςτηςιν
1248 3974 1318 4036 A,
1360 3991 1393 4026 ν
1427 3972 1678 4026 litteram
1714 3974 1827 4025 iam
1863 3988 1899 4025 a
1919 3971 2106 4041 prima
2128 3988 2300 4025 manu
2326 3974 2593 4041 scripssam
2619 3973 2719 4027 sed
2743 3972 3042 4027 evanidam
3066 3988 3228 4026 reno-

632 4061 794 4114 vavit
834 4059 917 4112 Ax
939 4100 953 4125 ,
990 4058 1316 4126 παρίςτηςιν
1352 4058 1388 4111 b
1425 4058 1485 4110 in
1519 4057 1680 4111 textu
1703 4097 1717 4121 ,
1753 4056 2081 4123 παρίςταςιν
2116 4055 2270 4110 idem
2306 4058 2366 4110 in
2402 4057 2517 4110 ind.
2557 4057 2889 4111 mendorum
2955 4060 2965 4123 Ι
3031 4058 3227 4111 ἀπιθά-

632 4162 749 4198 νως
786 4145 851 4211 b,
891 4148 1213 4198 απειθανως
1247 4143 1290 4195 Α
1333 4144 1342 4209 Ι
1380 4149 1427 4197 3.
1455 4145 1709 4196 ελλειπες
1746 4145 1817 4200 A,
1855 4142 2081 4196 ἐλλιπὲς
2116 4140 2152 4194 b
2184 4159 2191 4200 ι
2222 4148 2271 4196 5.
2300 4160 2333 4195 ν
2365 4143 2496 4211 post
2527 4159 2639 4196 εςτι
2675 4142 2761 4196 bis
2794 4158 3014 4196 erasum
3046 4140 3106 4194 in
3138 4140 3188 4192 A
3216 4141 3225 4209 Ι

632 4234 678 4283 7.
714 4231 912 4283 ἰ’δικων
950 4231 1022 4290 A,
1061 4227 1283 4282 εἰδικῶν
1322 4225 1357 4279 b
1405 4231 1413 4289 2
1462 4229 1511 4278 8.
1545 4227 1724 4281 ἰ’δικον
1762 4228 1836 4291 A,
1877 4225 2083 4279 εἰδικόν
2120 4224 2155 4278 b
2203 4228 2212 4294 Ι
2261 4232 2311 4283 9,
2344 4229 2523 4282 ἳδικον
2557 4229 2629 4293 A,
2669 4227 2845 4282 ἰδικόν
2880 4227 2916 4280 b
2952 4226 3010 4279 in
3046 4227 3226 4290 textu,

633 4315 842 4368 εἰδικόν
887 4312 1039 4367 idem
1085 4313 1144 4365 in
1188 4311 1301 4365 ind.
1337 4310 1671 4366 mendorum
1719 4313 1729 4374 Ι
1782 4316 1860 4363 12.
1900 4313 1969 4364 τό
2005 4328 2069 4365 τε
2107 4310 2264 4379 Αἴας]
2301 4310 2395 4365 fol.
2435 4318 2531 4366 184
2558 4329 2607 4364 v.
2656 4314 2664 4379 Ι
2717 4318 2795 4371 13.
2832 4313 3138 4378 ὁμώνυμον
3174 4310 3229 4376 b,

635 4398 758 4450 inA
784 4414 906 4464 ομω
932 4396 1159 4452 litterae
1184 4412 1332 4449 nunc
1355 4395 1701 4465 palluerunt,
1729 4396 1797 4447 ut
1820 4400 1879 4447 14
1904 4410 2105 4461 νυμιαν
2130 4395 2188 4448 in
2214 4413 2352 4451 voce
2377 4413 2739 4463 αντωνυμιαν
2766 4397 2824 4448 et
2849 4401 2910 4450 15
2928 4413 2974 4450 ις
2999 4395 3056 4448 in
3078 4410 3195 4448 τοις
3219 4395 3225 4463 Ι

638 4487 717 4535 14.
763 4483 876 4538 Ἣν
932 4482 1077 4550 δ’ἄν]
1133 4482 1245 4535 Ἠν
1300 4483 1363 4534 τ’
1407 4481 1479 4534 ἄν
1525 4478 1733 4533 conicit
1776 4477 2002 4548 Gmnig
2064 4481 2074 4547 Ι
2141 4485 2219 4534 15.
2262 4483 2459 4535 ἰ’δικων
2497 4484 2569 4546 A,
2617 4481 2841 4535 εἰδικῶν
2886 4480 2922 4533 b
2985 4482 2995 4547 Ι
3058 4483 3228 4544 ζῶον,

635 4567 788 4634 quod
825 4567 1060 4620 evanuit
1100 4565 1158 4618 in
1198 4569 1269 4631 A,
1319 4564 1530 4619 adiecit
1566 4564 1601 4617 b
1655 4569 1663 4630 Ι
1720 4569 1800 4617 19.
1841 4564 1944 4617 Ναί
1979 4564 2016 4617 b
2028 4604 2047 4631 ,
2092 4564 2152 4618 in
2187 4566 2231 4619 A
2268 4564 2485 4633 aliquid
2522 4581 2743 4620 erasum
2782 4569 2840 4618 et
2875 4566 3007 4619 ante
3044 4581 3134 4618 ναι
3172 4564 3232 4617 et

620 4653 764 4718 post
816 4666 941 4704 eam
988 4650 1269 4715 voculam3
1317 4649 1559 4719 <εῑ>ναι.
1616 4647 1824 4702 conicit
1863 4647 2219 4719 JGuttentag
2281 4657 2289 4712 Ι
2355 4668 2388 4702 ν
2434 4650 2565 4719 post
2608 4666 2741 4714 φαςι
2778 4665 2997 4703 erasum
3031 4648 3091 4701 in
3133 4649 3177 4702 A
3219 4647 3227 4716 Ι

635 4742 716 4789 ⁶20.
741 4737 812 4789 τὸ
835 4735 1090 4789 Εὔξεινος
1116 4735 1153 4788 b
1164 4774 1183 4800 ‚
1218 4738 1462 4789 ευξεινος
1489 4736 1531 4788 Α
1563 4739 1573 4799 Ι
1603 4738 1686 4786 21.
1722 4738 1807 4801 τῷ
1831 4734 1853 4786 i
1878 4733 1942 4798 b,
1980 4750 2049 4787 το
2075 4751 2092 4787 ι
2118 4736 2161 4788 Α
2194 4738 2202 4802 Ι
2234 4735 2618 4800 ςυναλειφθείς
2645 4735 2706 4800 b,
2741 4736 3116 4802 ςυναληφθεις
3145 4735 3188 4787 Α
3218 4734 3226 4800 Ι

634 4826 719 4873 25.
755 4819 985 4888 ἀφορία]
1024 4819 1383 4888 ‘Suspectum
1422 4815 1778 4873 voc‘abulum’
1817 4817 1853 4870 b
1891 4818 1951 4871 in
1986 4835 2102 4872 var.
2129 4818 2285 4884 lect..
2322 4819 2551 4886 ἀφορμή
2592 4819 2797 4873 conicit
2828 4817 3180 4887 JGuttentag
3219 4819 3226 4888 Ι

634 4908 719 4961 26.
754 4905 825 4957 τὸ
864 4904 924 4970 b,
963 4921 1047 4957 τω
1086 4906 1128 4958 Α
1195 4906 1204 4969 Ι
1268 4909 1410 4971 χρῆν
1446 4904 1482 4957 b
1518 4903 1576 4956 in
1616 4917 1731 4955 var.
1768 4901 1919 4970 leet„
1953 4906 2058 4970 χρὴ
2093 4901 2240 4956 idem
2279 4907 2335 4955 in
2370 4905 2531 4958 textu
2568 4921 2695 4958 eum
2732 4905 2776 4958 A
