3738 5530
675 366 796 434 160
1586 369 1767 423 ΠΕΡΙ
1803 365 2360 422 ΕΠΙΡΡΗΜΑΤΩΝ.

1709 490 1754 527 p.
1781 480 1873 528 570,
1904 480 1923 517 1
1956 499 2000 508 —
2029 479 2120 527 572,
2148 480 2173 519 8
2199 479 2229 519 b

667 577 776 652 τῆς
823 572 1138 654 φράςεως.
1173 611 1251 621 -
1299 573 1450 639 ἀλλ’
1497 575 1651 640 οὐδὲ
1695 575 1772 640 τὸ
1816 578 2117 640 τοιοῦτον
2160 575 2673 654 εὐπαράδεκτον·
2720 572 2801 640 οὐ
2838 577 2960 654 γὰρ
2993 574 3265 641 πιθανὸν

674 678 744 741 ἐκ
802 676 1143 755 λειπούςης
1204 676 1503 757 φράςεως
1560 680 1728 743 λέξιν
1784 678 2196 743 καθίςταςθαι.
2255 715 2331 724 -
2403 678 2641 742 ἐπείτοι
2699 678 2867 742 δόξει
2923 684 3055 743 τῶν
3110 692 3263 756 προ-

670 780 1180 858 κατειλημμένων
1225 779 1547 859 ὑγιεςτέρα
1600 779 1714 857 ἥδε
1770 781 1808 859 ἡ
1855 780 2218 844 κατάςταςις
2261 777 2447 845 εἶναι.
2521 778 2686 844 ἔςτιν
2732 778 2851 843 οὖν
2896 779 3252 858 παρώνυμα
3319 806 3344 845 5

668 882 756 946 εἰς
813 885 892 945 αν
951 882 1259 959 λήγοντα,
1328 882 1466 946 ἔςθ’
1519 880 1628 946 ὅτε
1695 883 1798 946 καὶ
1860 884 2020 947 κατὰ
2083 886 2200 946 τοῦ
2253 880 2451 946 αὐτοῦ
2520 882 2984 960 ςημαινομένου
3049 902 3248 960 παρα-

540 968 547 979 ’
600 1000 633 1047 5
670 983 1153 1064 λαμβανόμενα,
1201 984 1416 1048 καθότι
1463 983 1628 1049 ἔςτιν
1659 983 1990 1061 ἐπινοῆςαι
2034 985 2136 1050 καὶ
2174 986 2334 1048 κατὰ
2359 984 2620 1049 πλεῖςτα
2648 989 2781 1049 τῶν
2812 982 3246 1062 παρωνύμων,

670 1087 758 1150 ὡς
816 1085 1085 1164 ἐργάτης
1139 1086 1499 1166 ἐργατίνης,
1558 1085 1821 1164 ἄπειρος
1879 1084 2196 1168 ἀπείρων,
2264 1084 2505 1164 ἀνάγκη
2562 1084 2903 1161 ἀναγκαία,
2959 1084 3244 1164 ἀμαξαία.

668 1187 833 1253 ἔςτιν
882 1185 1002 1251 οὖν
1049 1208 1105 1251 τι
1148 1186 1460 1268 μέγιςτος,
1505 1189 1605 1252 καὶ
1634 1189 1812 1267 παρὰ
1857 1192 2051 1252 τοῦτο
2096 1188 2171 1252 τὸ
2218 1191 2530 1270 μεγιςτᾶν,
2575 1187 2764 1252 ξυνός
2805 1207 2873 1251 τε
2905 1188 3007 1251 καὶ
3046 1189 3260 1252 ξυνᾶν.
3319 1215 3367 1252 ιο

666 1288 915 1368 ἔφαμεν
962 1289 1033 1353 δὲ
1077 1289 1149 1353 ἐν
1197 1288 1477 1367 ἑτέροις,
1526 1287 1708 1372 <ὅτι>
1755 1290 1858 1354 καὶ
1899 1291 2075 1369 παρὰ
2116 1290 2193 1353 τὸ
2239 1290 2389 1354 νέος
2433 1293 2589 1355 νεᾶν
2634 1309 2691 1353 τι
2733 1288 2846 1367 ἦν,
2892 1287 3017 1369 ἀφ’
3061 1286 3143 1353 οὗ
3186 1288 3262 1353 τὸ

666 1391 999 1455 νεανίςκος
1043 1391 1142 1455 καὶ
1186 1391 1460 1456 νεανίας.
1536 1392 1633 1455 καὶ
1678 1392 1853 1471 παρὰ
1895 1393 1971 1456 τὸ
2017 1392 2162 1472 ἔτης
2207 1390 2328 1457 οὖν
2372 1390 2701 1470 γενήςεταί
2745 1412 2803 1455 τι
2847 1391 3015 1466 ἐτᾶν,
3063 1389 3143 1455 οὗ
3187 1391 3262 1454 τὸ

572 1513 636 1561 10
672 1492 967 1571 κλητικὸν
1014 1490 1391 1572 ὁμόφωνον.
1458 1495 1561 1559 καὶ
1606 1494 1697 1558 ὡς
1741 1493 1874 1559 ἀπὸ
1919 1496 2206 1573 κλητικῆς
2251 1493 2560 1558 πολλάκις
2605 1493 3077 1572 ἐπιρρηματικαὶ
3121 1514 3261 1558 ςυν-

667 1594 873 1661 τάξεις
918 1594 1237 1671 γίνονται,
1284 1595 1374 1658 ὡς
1418 1595 1758 1679 Δάματερ,
1811 1597 2159 1677 Ἣρακλες,
2206 1597 2442 1675 τάλαν,
2491 1593 2699 1659 οὕτως
2744 1596 2845 1659 καὶ
2889 1595 2965 1660 τό
3011 1593 3066 1657 ὦ
3111 1594 3260 1660 ἐτᾶν
3315 1622 3364 1661 15

801 1745 814 1760 .
872 1715 1019 1759 αιον
1063 1697 1677 1778 παραπεμπομένων
1731 1698 1912 1776 ἡμῶν
1969 1700 2084 1764 καὶ
2125 1699 2242 1762 τὸν
2306 1696 2459 1763 ὀξὺν
2515 1695 2713 1762 τόνον
2760 1696 2904 1762 ἀντὶ
2943 1716 3262 1774 περιςπω-

667 1797 867 1875 μένου
910 1799 1304 1880 μεταλαβεῖν.

846 1900 957 1963 Καὶ
1001 1900 1080 1963 τὰ
1125 1902 1283 1980 παρ’
1326 1901 1613 1967 Αἰολεῦςι
1659 1903 1731 1967 δὲ
1775 1902 1844 1967 ἐκ
1888 1908 2020 1969 τῶν
2065 1901 2153 1967 εἰς
2199 1889 2316 1982 δην
2362 1903 2695 1982 ληγόντων
2740 1901 3148 1980 μετατιθέντα
3186 1900 3262 1965 τὸ

568 2024 629 2071 15
664 2002 702 2077 ἦ
762 1999 849 2065 εἰς
908 2002 982 2065 τὸ
1029 2004 1071 2064 ἆ
1125 2002 1319 2069 πάλιν
1376 2003 1500 2068 ἐςτὶ
1558 2004 1914 2086 βαρύτονα,
1973 2004 2062 2068 ὡς
2108 2004 2239 2083 ἔχει
2284 2006 2359 2069 τὸ
2405 2004 2677 2084 κλέβδαν
2721 2004 2822 2067 καὶ
2873 2004 3090 2067 ςύδαν.
3165 2004 3265 2066 καὶ

666 2102 808 2166 ἐπεὶ
851 2104 926 2166 τὸ
974 2104 1092 2181 δήν
1139 2102 1455 2172 ὀξύτονον
1498 2104 1578 2183 ἦν
1625 2108 1729 2171 διὰ
1773 2107 2307 2189 μονοςυλλαβίαν,
2352 2107 2453 2170 καὶ
2483 2106 2557 2169 τὸ
2588 2103 2894 2183 Δωρικὸν
2925 2103 3260 2181 ὀξύτονον,
3314 2130 3366 2169 20

664 2203 740 2268 τὸ
785 2203 927 2270 δάν.
1004 2206 1104 2270 καὶ
1159 2206 1301 2272 ἐπεὶ
1355 2207 1418 2272 οἱ
1460 2209 1855 2286 πλεοναςμοὶ
1908 2209 2025 2285 τὸν
2070 2207 2270 2273 αὐτὸν
2326 2207 2527 2273 τόνον
2584 2209 2865 2286 τηροῦςι,
2923 2207 3121 2286 ςαφὲς
3163 2207 3260 2271 ὅτι

665 2306 767 2370 καὶ
809 2305 885 2370 τὸ
930 2306 1094 2373 δοάν
1138 2308 1506 2374 πλεονάςαν
1550 2318 1643 2395 τῷ
1688 2312 1725 2373 δ’
1770 2310 1893 2373 οὐκ
1937 2309 2280 2375 ἀντέκειτο.

832 2407 927 2472 Τὰ
982 2407 1071 2472 εἰς
1128 2414 1204 2472 ας
1272 2410 1553 2488 λήγοντα
1616 2410 1955 2477 ὀξύνονται
2023 2409 2394 2495 (ἰδιαίτερόν
2460 2411 2574 2488 μὲν
2631 2411 2809 2488 παρὰ
2872 2408 2987 2475 τὸν
3056 2408 3261 2487 ἄνδρα
3312 2436 3363 2475 2⁶

560 2534 627 2582 ρο
663 2511 991 2588 παραχθὲν
1056 2511 1132 2575 τὸ
1199 2511 1571 2595 ἀνδρακάς).
1660 2514 1872 2578 οὕτως
1928 2513 2058 2592 ἔχει
2114 2514 2216 2578 καὶ
2268 2515 2344 2577 τὸ
2414 2512 2721 2593 ἐντυπάς,
2789 2511 2961 2589 ἑκάς,
3029 2510 3260 2577 ἀνεκάς

664 2612 854 2696 (ὅπερ
901 2612 1168 2677 Ἀττικοὶ
1212 2613 1293 2677 οὐ
1338 2613 1620 2680 δεόντως
1666 2615 2171 2698 ἀναβιβάζουςιν,
2219 2614 2308 2679 ὡς
2349 2614 2552 2679 καὶέν
2591 2612 2833 2692 ἑτέροις
2864 2614 3259 2694 ἐπιρρήμαςι,

662 2713 884 2793 χάριέν
930 2735 1080 2795 φαςι
1128 2717 1226 2780 καὶ
1270 2713 1529 2796 ἄληθες,
1589 2717 1800 2783 καθὼς
1845 2718 2176 2798 δείκνυμεν
2223 2717 2324 2781 καὶ
2367 2715 2470 2782 ἐπὶ
2513 2719 2632 2781 τοῦ
2679 2714 2973 2800 ςφόδρα).
3019 2749 3100 2760 -
3157 2736 3255 2794 ςη·

661 2817 969 2894 μειωτέον
1015 2817 1136 2882 οὖν
1179 2820 1255 2884 τὸ
1300 2820 1518 2884 πέλας.
1595 2821 1672 2884 τὸ
1717 2822 1840 2898 γὰρ

917 2918 1222 3003 ἀτρέμας,
1267 2919 1433 3001 ὄφρ’
1475 2921 1688 3003 εὕδῃςι
1733 2923 1927 3001 μένος
1973 2923 2045 3002 (Ε
2086 2919 2264 3002 524).
3304 2943 3358 2983 ao

561 3043 628 3092 25
664 3020 930 3084 δύναται
995 3021 1065 3086 ἐκ
1120 3024 1519 3102 καταλήξεως
1573 3027 1684 3102 τῆς
1741 3023 1827 3088 εἰς
1886 3028 1929 3087 ᾱ
1981 3022 2481 3106 προςειληφέναι
2547 3024 2623 3086 τὸ
2682 3027 2734 3085 ἒ.
2823 3019 2912 3084 ὡς
2978 3022 3101 3099 γὰρ
3166 3027 3257 3103 τῷ

658 3121 872 3200 ἠρεμῶ
928 3124 1003 3186 τὸ
1060 3123 1261 3204 ἠρέμα
1315 3125 1719 3208 παράκειται,
1775 3133 1866 3208 τῷ
1924 3129 2075 3202 ςιγῶ
2133 3127 2207 3189 τὸ
2267 3126 2433 3202 ςῑγα,
2492 3123 2664 3190 ἀντῶ
2715 3123 2906 3198 ἄντα,
2963 3121 3254 3204 (οὕτως)

798 3327 1010 3378 Anava.
1096 3331 1127 3378 2
1174 3324 1265 3379 Sic
1316 3328 1504 3380 autem
1557 3327 1951 3382 statuendum:
2001 3329 2136 3381 ἑτᾶν
2181 3329 2271 3381 est
2315 3340 2662 3394 paronymon
2710 3327 2842 3395 ἔτης
2879 3324 3054 3386 vocis,
3101 3324 3257 3377 cuius

660 3410 983 3476 vocativus,
1021 3409 1221 3465 eadem
1258 3429 1390 3464 usus
1426 3411 1608 3466 forma
1644 3415 1703 3466 et
1737 3429 1860 3466 eum
1901 3414 1948 3466 ὦ
1988 3411 2340 3476 coniunctum
2388 3410 2642 3464 adverbii
2677 3410 2801 3464 loco
2836 3410 3154 3478 usurpatur.
3193 3438 3254 3447 —

672 3501 733 3548 14
769 3494 1058 3548 Adverbia
1092 3495 1307 3550 aeolica
1340 3496 1397 3549 in
1431 3485 1539 3552 δᾶν
1562 3522 1628 3543 ==
1648 3486 1757 3565 δην
1783 3498 2063 3565 barytona
2085 3498 2231 3549 sunt.
2290 3494 2488 3561 Neque
2514 3496 2795 3564 repugnat
2816 3497 2977 3559 δοάν,
3017 3495 3081 3548 ut
3103 3492 3254 3562 quod

660 3582 1048 3649 pleonasmum
1084 3594 1306 3648 passum
1344 3581 1430 3635 sit.
1476 3618 1537 3627 —
1579 3588 1641 3636 19
1686 3581 1970 3636 Adverbia
2013 3581 2071 3634 in
2117 3587 2182 3635 (ἶς’
2218 3583 2464 3647 oxytona
2499 3580 2645 3633 sunt..
2717 3578 3045 3633 Notandum
3080 3578 3256 3648 igitur

660 3667 865 3729 πέλας,
902 3664 1086 3717 minus
1120 3665 1371 3720 notabile
1408 3667 1679 3736 ἀτρέμας,
1715 3683 1847 3721 nam
1885 3666 2057 3736 plena
2091 3665 2274 3719 forma
2308 3666 2522 3732 ἀτρέμα
2559 3679 2680 3718 esse
2718 3662 2958 3717 videtur.

792 3851 1011 3905 Tem-m.
1083 3858 1114 3906 3
1149 3851 1238 3906 Et.
1276 3853 1349 3907 M.
1389 3859 1516 3923 825,
1555 3862 1618 3909 12
1651 3848 1846 3909 Ἔστιν
1887 3852 2041 3923 ἕτης,
2092 3844 2121 3908 ὃ
2169 3854 2442 3923 σημαίνει
2488 3845 2590 3905 τὸν
2629 3844 2862 3919 συνήθη
2912 3851 3011 3905 καὶ
3060 3853 3251 3919 φίλον.

657 3933 716 4006 ἐξ
756 3928 825 3992 οὗ
862 3939 1087 4005 γίνεται
1121 3933 1467 4007 παρώνυμον
1507 3935 1677 4005 hav,
1715 3934 2016 4010 ὦςἘρμῆς
2045 3933 2290 4008 Ἑρμᾶν,
2328 3936 2592 4005 μέγιστος
2625 3934 2931 4005 μεγιστᾶν,
2970 3935 3069 3990 καὶ
3108 3929 3252 4003 μετα

656 4024 758 4078 τοῦ
797 4011 840 4076 ὦ
876 4021 1149 4090 ’‘inte-uo&
1188 4018 1573 4094 ἐπιρρήματος
1611 4016 1654 4078 ὦ
1690 4021 1854 4092 ἐτοῖν,
1897 4024 1995 4078 καὶ
2033 4021 2182 4079 κατὰ
2221 4020 2589 4090 συναλοιφὴν
2628 4011 2799 4075 ὦτᾶν.

658 4131 825 4138 -—..-.-—--

791 4193 979 4253 Dnscn.
1011 4209 1207 4245 sonum
1270 4202 1314 4247 1.
1345 4200 1615 4250 πειθανον
1640 4196 1684 4249 Α
1716 4197 1726 4264 Ι
1755 4201 1802 4252 2.
1829 4195 1893 4249 ἐκ
1918 4195 2220 4263 λειπούςης
2247 4193 2302 4260 b,
2332 4195 2692 4259 ελλειπουςης
2719 4192 2762 4245 Α
2789 4193 2798 4257 Ι
2833 4195 2982 4247 2-3.
3011 4188 3090 4242 ‘R
3115 4205 3250 4256 προ-

656 4286 1125 4350 κατειλεγμένων’
1164 4279 1200 4332 b
1236 4283 1294 4335 in
1331 4297 1448 4338 var.
1472 4280 1600 4334 lect.
1633 4284 1643 4349 Ι
1673 4285 1721 4333 6.
1747 4279 1826 4336 ‘R
1854 4280 2118 4348 <ᾰμαξα>
2143 4278 2401 4345 ἀμαξαία’
2441 4278 2477 4330 b
2514 4276 2573 4330 in
2609 4293 2725 4330 var.
2763 4275 2893 4329 lect.
2927 4276 2936 4341 Ι
2967 4281 3014 4329 7.
3039 4291 3123 4328 τις
3148 4289 3250 4342 pro

653 4384 705 4421 τι
732 4371 776 4423 Α
806 4371 818 4437 Ι
848 4371 1108 4436 μεγιςτάν
1134 4365 1488 4423 ChALobeck
1520 4370 1531 4432 Ι
1558 4373 1609 4424 8,
1634 4368 1722 4420 ὅτι
1757 4363 1886 4417 add.
1923 4364 1959 4417 b
1991 4365 2001 4431 Ι
2031 4364 2166 4418 νεάν
2203 4364 2263 4416 et
2296 4362 2333 4415 1.
2367 4368 2399 4416 9
2436 4363 2570 4417 ἑτάν
2595 4359 2953 4415 ChALobeck
2984 4365 2992 4427 Ι
3027 4367 3106 4413 10.
3134 4363 3250 4413 κλι-

655 4470 814 4508 τικον
859 4456 919 4508 et
954 4458 1204 4523 κλιτικης
1251 4456 1294 4507 Α
1361 4454 1371 4521 Ι
1445 4459 1519 4507 11.
1554 4450 1913 4517 γιγνονταιΑ
1979 4451 1989 4516 Ι
2054 4448 2156 4515 ὡς]
2195 4446 2290 4501 fol.
2331 4453 2428 4501 130
2454 4464 2505 4500 v.
2569 4449 2577 4508 1
2644 4447 2691 4498 ὦ
2729 4446 2866 4499 ἑτᾶν
2904 4445 2967 4510 b,
3024 4461 3181 4498 ωταν
3217 4460 3250 4498 ο

656 4540 713 4591 et
737 4541 867 4608 post
887 4540 1130 4608 spatium
1158 4540 1393 4593 duarum
1421 4534 1665 4591 triumve
1691 4535 2011 4589 litterarum
2035 4549 2160 4586 αιον
2186 4535 2256 4597 Α;
2281 4532 2541 4585 lacunam
2567 4531 2646 4583 sic
2673 4528 2926 4598 explevit
2951 4527 3250 4583 GFSchoe-

655 4639 821 4676 mann
859 4624 962 4692 (ἑν
999 4627 1047 4692 ᾧ
1087 4626 1411 4679 ἑκτετάςθαι
1446 4624 1516 4676 τὸ
1542 4629 1577 4675 ἃ
1603 4619 1969 4688 ἁναγκ>αῑον,
1998 4617 2078 4672 sic
2104 4615 2328 4687 GUhlig
2352 4617 2462 4684 ο<ὗ
2487 4617 2836 4684 ἀναγκ>αῖον
2874 4630 3248 4682 παραπεμπο·

655 4709 845 4773 μένων
880 4711 1049 4775 ήμῶν
1089 4709 1197 4778 (τό
1234 4713 1307 4777 ἒ)
1343 4710 1433 4762 καὶ
1486 4707 1496 4775 Ι
1565 4713 1639 4762 15.
1676 4705 1884 4759 ςυνδαν
1922 4706 1963 4757 Α
2019 4709 2027 4767 Ι
2096 4708 2170 4757 18.
2206 4702 2344 4755 δοάν
2382 4699 2828 4754 GFSehoemann
2865 4696 3245 4761 ChALobeck,

653 4793 757 4846 δάν
797 4795 838 4848 Α
865 4794 900 4847 b
955 4796 962 4860 1
1021 4801 1099 4848 19.
1136 4811 1240 4849 τον
1279 4797 1349 4860 Ν,
1390 4791 1471 4845 ‘R
1508 4794 1639 4856 τῆν’
1679 4790 1715 4843 b
1753 4788 1811 4842 in
1848 4805 1965 4842 var.
2001 4788 2130 4841 leet.
2177 4790 2188 4853 1
2234 4793 2318 4840 20.
2353 4787 2644 4854 παραχθὲν
2677 4788 2747 4838 τὸ
2781 4783 2846 4850 b,
2886 4787 3250 4850 παραχθεντα

653 4878 697 4936 Α
730 4880 739 4946 Ι
769 4885 851 4938 21.
888 4881 1032 4950 ὅπερ
1067 4881 1141 4948 Α,
1179 4880 1324 4949 ἅπερ
1360 4877 1396 4932 b
1426 4879 1435 4947 Ι
1465 4881 1548 4933 24.
1585 4878 1820 4944 ευειδηςι
1857 4889 1961 4944 pro
1998 4874 2185 4944 εὕδῃςι
2219 4872 2264 4928 Α
2296 4874 2306 4938 Ι
2345 4876 2428 4925 26.
2467 4871 2656 4925 οὕτως
2693 4869 2820 4924 add.
2859 4865 3136 4923 GDronke
