3738 5530
1531 367 1629 419 m:
1668 367 2121 420 EXPLETIVIS.
2995 367 3116 432 251

526 573 596 637 ἐν
652 575 745 655 τῷ
815 570 1034 650 εἴπερ
1098 571 1348 651 ἡμέρα
1413 570 1572 635 ἐςτί
1626 568 1758 656 (καὶ
1809 569 2006 653 διὸτι,
2064 569 2358 652 εἴρηται)·
2425 570 2578 636 ἀλλ’
2634 571 2843 638 οὐκέτι
2901 572 2972 639 ἐν
3028 580 3119 656 τῷ

423 689 475 729 ²⁵
527 673 804 753 καίπερ
868 672 1170 749 ἀγαθὸς
1238 672 1360 737 ὤν.
1447 672 1911 739 ὑπεναντίωςιν
1977 674 2101 754 γὰρ
2168 673 2488 753 ἐδήλωςεν
2546 673 2585 737 6
2643 675 2953 757 καί<περ>
3019 677 3123 741 καὶ

523 778 723 856 δῆλον
771 774 868 840 ὅτι
914 776 1018 841 διὰ
1061 775 1176 839 τὸν
1221 775 1377 857 πέρ,
1436 774 1606 840 ὅπου
1650 795 1723 851 γε
1768 775 1868 839 καὶ
1913 776 2058 841 κατ’
2115 774 2278 840 ἰδίαν
2326 774 2363 840 6
2409 776 2530 854 πέρ
2588 776 3120 857 ἐναντιωματικός

534 879 658 943 ἐςτι
702 878 844 958 μετ’
888 877 1236 960 αὐξήςεως,
1980 916 1991 930 .

1191 978 1430 1057 ἀγαθός
1476 997 1596 1058 περ
1643 978 1771 1044 ἐών
1819 978 1897 1062 (Α
1948 977 2130 1063 131),
2926 1066 2930 1070 .
3158 999 3189 1046 5

532 1081 873 1161 ςώφρων
918 1102 1062 1161 περ
1106 1080 1241 1147 ὤν·
1286 1083 1361 1147 τὸ
1405 1082 1530 1160 γὰρ
1575 1080 1871 1146 ἐναντίον
1916 1088 2006 1165 τῷ

425 1198 478 1238 ³0
782 1182 975 1247 τοῦτό
1019 1183 1094 1260 γέ
1138 1203 1243 1262 μοι
1287 1183 1530 1262 χάριςαι
1575 1180 1726 1266 (lyr.
1772 1202 1867 1266 gr.
1920 1180 2045 1245 111³
2088 1205 2151 1266 p.
2207 1182 2370 1247 1356
2414 1181 2694 1268 Bergk),

532 1284 976 1364 ἀπειργάςατο.
1035 1322 1111 1331 -
1167 1285 1279 1350 Ἂς
1337 1285 1466 1364 ἔχει
1528 1285 1825 1364 δυνάμεις
1885 1284 1921 1348 ὁ
1968 1285 2099 1367 καί,
2162 1282 2448 1365 εἴπομεν.
2523 1286 2691 1351 ἀλλὰ
2735 1288 3118 1368 προςλαβὼν

530 1388 646 1451 τὸν
710 1387 830 1466 μήν
896 1386 1335 1451 ἀποδεικτικὸς
1410 1384 1677 1465 γίνεται,
1752 1385 1948 1451 πάλιν
2016 1385 2425 1466 ὑπαγομένη(
2493 1388 2957 1472 ἐναντιώςεως,
3032 1388 3120 1453 οὐ

399 1504 498 1552 519
537 1489 823 1570 βλέπω,
887 1488 1010 1552 καὶ
1074 1489 1225 1567 μὴν
1290 1489 1539 1566 ἡμέρα
1605 1487 1844 1554 ἐςτίν·
1927 1487 2349 1567 ἐψεύςατο,
2424 1491 2549 1554 καὶ
2615 1492 2757 1569 μὴν
2827 1490 3122 1568 ἀγαθός
3163 1508 3225 1555 10

531 1589 714 1654 ἐςτι.
788 1594 926 1654 πῶς
981 1592 1107 1670 γὰρ
1162 1588 1241 1654 ἄν
1297 1610 1390 1653 τις
1447 1589 1551 1654 ἐπὶ
1607 1596 1739 1655 τῶν
1794 1590 2113 1654 τοιούτων
2159 1591 2519 1657 ςυντάξεων
2564 1593 2905 1672 παρέλκειν
2964 1593 3122 1673 φαίη

532 1691 684 1755 τοὺς
736 1693 1151 1773 ςυνδέςμους;
1198 1691 1384 1757 ἕνεκα
1427 1691 1664 1755 τούτου
1709 1693 1784 1756 τὸ

1092 1794 1329 1871 ἀγαθός
1374 1814 1494 1872 περ
1542 1793 1703 1872 ἐών,
1748 1792 2062 1858 θεοείκελ’
2106 1794 2390 1871 Ἀχιλλεῦ
2438 1794 2517 1874 (Α
2569 1794 2715 1878 131)

456 1917 481 1958 5
534 1893 623 1959 εἰς
691 1894 806 1958 τὸν
875 1894 952 1972 δή
1030 1894 1606 1976 μεταλαμβάνεται,
1683 1894 1782 1959 ὅτι
1854 1896 1936 1974 μὴ
2004 1894 2230 1974 κυρίως
2297 1896 2374 1959 τὸ
2453 1897 2856 1977 δηλούμενον
2922 1897 3123 1963 αὐτοῦ

533 1995 788 2061 ἀπαιτεῖ
832 1996 870 2060 6
915 1998 1131 2073 λόγος.
1177 2033 1261 2043 -—
1305 1996 1378 2062 Ὁ
1423 1997 1460 2076 ἤ
1509 1996 1935 2064 διαζευκτικὸς
1981 1995 2318 2074 ἐπηύξηται
2364 1997 2467 2060 διὰ
2510 2001 2628 2062 τοῦ
2673 2000 2804 2074 τοί,
2862 1997 3007 2063 οἷον
3053 1999 3123 2064 ἐν
3164 2014 3226 2062 15

533 2104 626 2182 τῷ
684 2098 845 2176 ἤτοι.
920 2096 1076 2161 ἀλλ’
1134 2096 1343 2165 οὐκέτι
1399 2100 1470 2163 ἐν
1528 2104 1619 2180 τῷ
1686 2099 1904 2178 μέντοι
1962 2097 2115 2160 οὐδὲ
2180 2098 2250 2162 ἐν
2306 2105 2397 2180 τῷ
2452 2098 2670 2163 καίτοι.
2744 2100 2937 2164 πάλιν
3003 2101 3125 2178 γὰρ

430 2228 480 2267 ιο
532 2200 823 2281 διαφέρει
869 2200 944 2264 τὸ
989 2200 1327 2285 καί<τοι>
1357 2189 1859 2285 παρῃτήςατό
1892 2219 1977 2278 με
2010 2197 2318 2280 (τοῦκαὶ
2355 2200 2859 2284 παρῃτήςατό
2892 2202 3040 2283 με.)
3086 2202 3123 2266 ὅ

532 2302 685 2385 <τε>
732 2301 950 2381 μέντοι
994 2301 1114 2381 οὐχ
1161 2301 1199 2366 6
1243 2301 1437 2367 αὐτὸς
1483 2309 1574 2385 τῷ
1621 2302 1767 2381 μέν,
1827 2305 1919 2384 τῷ
1967 2302 2039 2364 δὲ
2084 2299 2173 2364 δέ.
2252 2300 2367 2380 ἐφ’
2424 2300 2503 2365 οὗ
2559 2302 2753 2368 πάλιν
2808 2303 2908 2366 καὶ
2962 2303 2998 2366 ὁ
3051 2304 3125 2378 γε’

530 2403 872 2471 πλεονάζει
929 2404 999 2469 ἐν
1057 2410 1149 2488 τῷ
1206 2404 1322 2483 μέν
1377 2405 1476 2468 τοί
1531 2394 1626 2479 γέ.
1692 2440 1763 2448 —-
1831 2402 1963 2466 Ἔτι
2008 2402 2046 2466 6
2098 2403 2176 2480 δή
2225 2403 2316 2466 ὡς
2371 2404 2484 2481 μὲν
2541 2405 2872 2485 παρέλκει,
2931 2406 3125 2468 παντὶ

531 2509 897 2584 προῦπτον·
947 2505 1036 2571 ὡς
1081 2507 1152 2570 δὲ
1196 2507 1297 2569 καὶ
1339 2504 1647 2570 πολλάκις
1692 2504 2028 2584 μετάβαςιν
2076 2503 2276 2579 λόγου
2319 2508 2611 2586 ποιεῖται,
2661 2507 2857 2585 ςαφὲς
2889 2506 2957 2571 ἐκ
2986 2511 3119 2571 τῶν
3157 2521 3223 2570 20

531 2606 849 2673 τοιούτων

790 2707 853 2773 οἱ
898 2709 1012 2790 μὲν
1056 2710 1133 2788 δὴ
1179 2709 1343 2789 παρ’
1384 2708 1649 2790 ὄχεςφιν
1697 2707 2046 2787 ἐρητύοντο
2091 2707 2398 2787 μένοντες
2445 2708 2524 2789 (O
2569 2707 2669 2793 3),

434 2834 483 2874 ιε
536 2811 639 2875 καὶ
679 2816 813 2875 τῶν
859 2812 1341 2891 παραπληςίων.
1402 2816 1685 2890 νοοῦμεν
1728 2811 1853 2888 γὰρ
1900 2810 2101 2886 λόγου
2146 2808 2433 2888 ἔκλειψιν
2479 2812 2582 2876 καὶ
2625 2810 2828 2890 ἀρχὴν
2876 2812 3123 2892 ἑτέρου,

534 2911 623 2978 ὡς
672 2912 724 2976 εἰ
769 2912 867 2976 καὶ
913 2914 983 2978 ἐν
1028 2919 1392 2997 περιγραφῇ
1439 2911 1941 2991 κατελιμπάνετο
1987 2909 2229 2990 ὁμοίως
2273 2917 2364 2994 τῷ

793 3015 880 3099 ὣς
926 3013 986 3080 οἱ
1031 3017 1145 3097 μὲν
1190 3015 1406 3094 Τρῶες
1450 3015 1742 3094 φυλακὰς
1784 3013 1942 3092 ἔχον
1990 3014 2036 3098 (Ι
2093 3013 2184 3097 1),
3162 3030 3226 3079 25

798 3118 889 3182 ὣς
934 3117 970 3181 ὁ
1015 3120 1132 3195 μὲν
1177 3117 1322 3182 ἔνθ’
1364 3118 1566 3196 ἠρᾶτο
1613 3113 1678 3199 (η
1729 3116 1809 3197 1).
2952 3189 2959 3197 ι

705 3219 896 3284 Ἀλλὰ
928 3221 1050 3298 μὴν
1073 3220 1175 3283 καὶ
1197 3219 1267 3283 ἑν
1291 3222 1426 3283 τοῖς
1457 3218 1876 3296 καλουμένοις
1909 3218 2072 3295 πρὸς
2102 3217 2280 3296 ἡμῶν
2311 3217 2426 3294 μὲν
2460 3219 3123 3301 ςυλλογιςτικοῖς,

440 3345 490 3384 20
541 3322 705 3400 πρὸς
752 3323 823 3385 δὲ
865 3327 997 3389 τῶν
1044 3320 1340 3385 (τωικῶν
1397 3320 1910 3400 ἐπιφορικοῖς
1965 3317 2093 3383 ἔςτι
2151 3318 2617 3395 παραδέξαςθαι
2665 3321 2780 3399 τὴν
2827 3321 3125 3399 ςημαςίαν

536 3424 773 3487 αὐτῶν.
834 3423 951 3487 τὸν
995 3422 1215 3486 τοίνυν
1261 3421 1330 3484 ἐκ
1377 3421 1496 3486 δύο
1542 3423 2227 3501 παραπληρωματικῶν
2275 3424 2649 3503 ςυνεςτῶτα,
2692 3422 2793 3485 καὶ
2836 3422 2927 3486 ἔτι
2972 3425 3128 3502 μετὰ

538 3545 942 3570 Ψ.-

673 3592 887 3643 Ansvu.
957 3596 989 3643 2
1028 3606 1133 3656 περ
1168 3590 1227 3641 in
1263 3590 1463 3655 καίπερ
1501 3587 1912 3657 oppositionem
1937 3586 2240 3656 significa&
2270 3616 2333 3624 —
2368 3593 2400 3641 8
2426 3589 2538 3656 μήν
2563 3605 2688 3642 oum
2715 3590 2804 3643 καί
2829 3590 3130 3644 coniuncta

537 3660 961 3728 demonstr-dudi
1004 3673 1293 3727 notionem
1338 3673 1538 3739 efficit,
1576 3704 1639 3713 —
1690 3679 1751 3726 15
1785 3689 1875 3726 τοι
1910 3672 1967 3724 in
2007 3674 2195 3737 μέντοι
2233 3672 2292 3723 et
2326 3672 2509 3731 καίτοι
2542 3673 2680 3727 facit
2712 3675 2778 3726 ut
2810 3673 2967 3728 notio
3008 3690 3128 3727 mu-

534 3760 688 3813 tetur
722 3757 1017 3826 simplicis3
1063 3788 1130 3797 —
1177 3764 1240 3812 19
1284 3760 1352 3825 δή
1397 3756 1681 3810 interdum
1717 3755 1955 3821 indicat,
2003 3755 2308 3825 procedere
2354 3756 2680 3811 orationem.
2730 3788 2797 3798 —
2842 3764 2905 3811 27
2941 3757 3128 3812 Etiam

535 3844 594 3896 in
630 3841 941 3899 collectivis
975 3842 1068 3896 vel
1100 3842 1491 3908 rationalibus,
1529 3858 1765 3909 quarum
1804 3841 2105 3895 nonnullae
2144 3856 2212 3894 ex
2250 3841 2632 3910 compluribus
2668 3842 2968 3910 expletivis
3002 3859 3128 3898 ooa-

535 3927 782 3993 luerunt,
817 3909 1015 3980 hafum
1053 3926 1136 3980 vis
1171 3928 1424 3996 apparet.

877 4033 946 4042 -ο

672 4096 901 4154 Τεετυι.
976 4101 1043 4150 24
1088 4095 1273 4150 Schol.
1320 4095 1483 4150 Dion.
1532 4095 1665 4153 Thr.
1709 4094 1806 4148 BA
1852 4102 1977 4164 971,
2019 4103 2049 4152 ὅ
2095 4091 2124 4151 ὁ
2169 4094 2278 4166 μὲν
2322 4089 2433 4165 γὰρ
2480 4091 2558 4164 δή
2610 4096 2710 4150 καὶ
2756 4096 2811 4151 οἳ
2858 4096 3127 4152 ἰσοδυνα-

537 4184 744 4250 μοῦσιν
782 4181 1300 4250 (ἰσοδυναμοῦντες
1328 4179 1574 4249 Barocc.)
1614 4178 1773 4253 αὐτῷ
1812 4176 1874 4235 ἐν
1914 4178 2414 4249 συγκεφαλαιιόσει
2452 4181 2551 4235 καὶ
2590 4181 2917 4251 περιγραφῇ
2958 4176 3127 4250 λόγου
3214 4238 3241 4245 ,

537 4262 1056 4337 παραλαμβάνεται
1093 4259 1674 4335 (παραλαμβάνονται
1711 4267 1978 4334 Burnum).

547 4375 656 4383 o————

673 4434 871 4490 D1scn,
907 4453 1104 4489 somn.
1177 4441 1224 4493 2.
1265 4436 1466 4504 καίπερ
1500 4437 1538 4490 b
1574 4437 1632 4491 in
1669 4453 1785 4491 var.
1821 4437 1981 4499 leot„
2030 4438 2121 4492 καί
2157 4437 2250 4492 ΑΙ)
2285 4437 2345 4490 in
2381 4437 2541 4490 textu
2610 4439 2620 4505 Ι
2678 4443 2727 4492 8.
2764 4438 2994 4502 δυναμις
3033 4438 3075 4491 Α
3118 4435 3126 4503 Ι

547 4527 623 4579 10.
659 4524 750 4575 καὶ
789 4523 919 4591 μὴν]
957 4520 1054 4575 fol.
1096 4527 1187 4574 111
1214 4538 1257 4575 r.
1290 4522 1299 4588 Ι
1331 4528 1408 4575 16.
1444 4528 1529 4590 τῷ
1569 4524 1695 4589 ἤτοι
1729 4523 1796 4588 1),
1830 4540 1915 4577 τω
1951 4529 1989 4590 ῆ
2025 4540 2151 4591 ητοι
2177 4523 2219 4576 Α
2252 4525 2262 4590 Ι
2295 4527 2373 4574 17.
2400 4522 2469 4575 τὸ
2495 4521 2673 4575 καίτοι
2705 4551 2758 4562 -
2791 4523 2823 4576 ὅ
2847 4538 2912 4575 τε
2938 4523 3129 4587 μέντοι

543 4603 607 4670 b,
642 4623 724 4659 τω
763 4623 853 4660 και
889 4623 1256 4674 παρητηςατο
1293 4624 1360 4671 με
1395 4625 1427 4661 ο
1465 4622 1658 4673 μεντοι
1683 4609 1728 4662 Α
1759 4609 1768 4675 Ι
1798 4614 1884 4662 23.
1924 4609 2174 4673 ἔκλειψιν
2211 4608 2271 4672 1),
2313 4609 2561 4673 ελλειψιν
2584 4607 2628 4659 Α
2661 4607 2669 4672 Ι
2700 4612 2782 4659 24.
2808 4612 3129 4675 περιγραφῇ

543 4686 607 4752 b,
653 4706 1017 4759 παραγραφηι
1054 4693 1126 4758 Α,
1175 4690 1326 4759 quod
1361 4690 1575 4745 servari
1621 4692 1744 4745 vult
1776 4692 2018 4759 ESterk3
2064 4690 2306 4761 margini
2348 4689 2489 4743 haec
2536 4689 2821 4759 adscripta
2863 4691 2995 4744 sunt
3028 4705 3131 4759 per

548 4775 879 4841 compendia
931 4775 1002 4828 ab
1057 4777 1120 4828 Αι
1180 4791 1525 4843 παραγραφη
1580 4793 1836 4831 τουτεςτι
1889 4794 1956 4830 το
2010 4779 2221 4831 εξωθεν
2274 4790 2588 4840 νοούμενον
2640 4790 2746 4828 του
2798 4791 3057 4841 κειμενου
3120 4775 3126 4841 Ι

509 4861 625 4914 ⁰29.
664 4856 940 4913 ‘Fortasse
974 4859 1086 4929 leg.
1124 4860 1276 4924 λέγω
1313 4861 1373 4914 δὲ
1406 4861 1511 4913 τὸν
1547 4861 1761 4915 τοίνυν’
1799 4861 1837 4914 1)
1872 4860 1930 4914 in
1968 4876 2085 4914 var.
2122 4859 2249 4916 leot.
