3738 5530
561 359 1005 417 Commentarius
1034 359 1261 417 criticus
1290 361 1349 416 et
1375 358 1696 429 exegeticus
1725 357 1785 414 in
1811 356 2102 429 Apollonii
2128 356 2358 428 Dyscoli
2386 356 2598 428 scripta
2624 356 2856 413 minora.
2937 358 3062 424 105

2507 454 2530 487 1

450 530 784 592 Schleicher
819 530 935 591 Lit.
975 529 1073 591 Gr.
1116 533 1272 606 299;
1315 529 1570 591 Kvicala
1606 528 1841 590 Unters.
1883 530 1993 590 auf
2030 529 2166 590 dem
2201 526 2445 589 Gebiete
2490 528 2595 589 der
2630 527 2805 588 Pron.
2844 530 2927 587 47
2950 545 3065 606 sq.;

448 622 794 701 Brugmann
840 621 956 680 Ein
1000 620 1276 681 Problem
1325 620 1406 680 38
1456 619 1575 679 alii.

631 711 1015 787 τωο-29
1064 710 1135 770 ef.
1183 712 1338 787 synt.
1390 709 2013 785 141,14—142‚19.

631 801 734 875 78,
757 801 838 859 23
888 794 1168 879 ἐδείχθη]
1214 818 1381 877 pron.
1434 800 1790 874 72,4—19.

633 890 734 965 78,
758 891 837 950 23
890 886 1003 951 Καὶ
1042 882 1095 950 εἰ
1134 886 1249 963 μὲν
1286 921 1373 932 -
1414 891 1496 949 24
1536 883 1900 967 ἁμάρτημα]
1950 882 2143 958 ‘Quae
2187 889 2277 947 ita
2320 889 2706 966 interpretor:
2753 889 2805 947 si
2841 888 3067 947 formae

450 983 758 1040 ternarum
805 978 1171 1057 syllabarum
1219 973 1469 1041 ἑαυτῶν
1515 973 1786 1040 ἑαυτούς
1832 978 1906 1038 de
1949 998 2037 1055 pr.
2086 981 2148 1038 et
2191 996 2301 1038 sec.
2348 995 2603 1055 persona
2647 978 2806 1055 apud
2850 977 3067 1038 Home-

450 1090 582 1129 rum
626 1070 984 1149 legerentur,
1028 1070 1235 1129 eontra
1280 1086 1562 1146 personas
1606 1071 1917 1145 peecatum
1963 1085 2089 1128 esse
2135 1071 2453 1145 appareret
2497 1059 2867 1149 (ἁμάρτημα
2910 1066 3067 1127 enim

452 1179 521 1220 eo
567 1176 741 1219 sensu
786 1158 1012 1219 dictum
1058 1161 1150 1221 est
1203 1178 1321 1236 quo
1376 1153 1842 1235 ἁμαρτάνεεθαι
1898 1177 2063 1235 pron.
2107 1157 2208 1235 78,
2233 1159 2312 1217 15
2362 1161 2423 1217 et
2471 1159 2574 1232 27,
2596 1159 2676 1216 27
2691 1180 2708 1233 3
2766 1157 2840 1217 cf.
2886 1157 3070 1216 etiam

454 1250 558 1322 33,
581 1239 708 1329 18).
801 1248 1057 1309 Bekkeri
1111 1248 1585 1323 emendationem
1623 1294 1635 1306 .
1676 1295 1688 1306 .
1744 1266 1864 1307 non
1921 1250 2068 1308 satis
2121 1247 2433 1326 intellego:
2498 1247 2815 1306 articulum
2876 1247 3070 1306 solum

452 1331 794 1416 receperim'
843 1336 966 1398 ska
1005 1338 1038 1397 I
1078 1340 1175 1398 16.
1267 1339 1360 1398 Ne
1407 1337 1659 1399 articulo
1706 1336 1946 1415 quidem
1993 1354 2143 1414 opus
2188 1338 2306 1412 est3
2361 1332 2687 1412 ευμφανὲε
2734 1330 3071 1411 ἁμάρτημα

451 1427 863 1506 praedicatum
926 1430 1180 1506 accipi03
1243 1427 1573 1489 subiectum
1632 1429 1829 1488 mente
1885 1425 2279 1505 supplendum
2334 1429 2450 1486 est:
2516 1422 2592 1486 τὸ
2639 1419 3069 1501 τριευλλάβω(

456 1512 808 1593 εἰρημένον.

639 1607 741 1682 78,
764 1609 846 1667 25
894 1602 1070 1688 αὐτῷ
1117 1607 1190 1668 de
1235 1607 1496 1669 Homero
1542 1607 1767 1667 dictum
1814 1624 1960 1681 esse,
2006 1626 2366 1684 quamquam
2412 1608 2591 1667 antea
2635 1625 2754 1666 non
2800 1607 2882 1666 sit
2917 1624 3071 1666 com-

452 1698 833 1772 memoratus,
877 1699 1080 1758 monet
1126 1694 1248 1757 Ska
1291 1697 1323 1757 I
1364 1700 1466 1772 19,
1511 1697 1643 1758 coll.
1682 1715 1849 1774 pron.
1892 1697 1996 1771 80,
2017 1697 2073 1756 5.
2126 1698 2271 1772 109,
2297 1698 2377 1755 14
2426 1687 2491 1777 (l.
2536 1697 2618 1756 10
2666 1690 2705 1756 ὁ
2748 1686 3072 1777 ποιητήε);

453 1790 609 1864 synt.
650 1780 739 1866 [6,
760 1780 828 1866 2]
873 1788 1148 1863 141‚14;
1193 1785 1324 1847 adv.
1366 1787 1511 1862 186,
1533 1789 1588 1846 2.
1663 1785 1834 1856 Quod
1880 1786 1919 1844 1.
1958 1803 2002 1846 s.
2042 1804 2084 1845 s.
2135 1781 2310 1866 αὐτῷ
2356 1805 2476 1846 non
2522 1787 2669 1846 satis
2715 1786 2967 1862 placere,
3013 1788 3074 1845 et

453 1878 707 1937 fortasse
768 1876 1083 1955 legendum
1149 1895 1273 1937 esse
1328 1870 1479 1953 παρ’
1536 1871 1712 1957 αὐτῷ
1773 1875 2030 1951 dixerat,
2091 1875 2152 1935 id
2200 1878 2411 1953 postea
2455 1868 2546 1957 (in
2593 1875 2811 1935 litteris
2857 1874 2931 1936 ad
2979 1894 3073 1935 me

455 1957 641 2047 (latis)
686 1968 1056 2041 retractavit,
1100 1965 1280 2044 idque
1325 1968 1480 2026 iure:
1546 1960 1722 2046 αὐτῷ
1771 1967 1930 2026 enim
1973 1964 2194 2044 pendet
2238 1984 2307 2025 ex
2356 1959 2586 2039 ἑθίμωε
2630 1963 2938 2024 vocabulo.
2993 1997 3070 2006 —

454 2054 618 2125 Quae
667 2054 738 2115 de
781 2055 1011 2132 triplici
1055 2050 1436 2118 πλεονάζειν
1482 2055 1647 2117 verbi
1695 2057 2131 2116 constructione
2177 2055 2302 2114 dixi
2346 2055 2378 2114 Ι
2417 2056 2545 2114 474
2595 2045 2730 2135 (alii
2776 2072 3070 2133 gramma-

453 2148 560 2205 tici
588 2139 968 2207 πλεονάζειν
997 2163 1055 2206 τι
1082 2148 1173 2205 ita
1198 2148 1507 2223 usurpant„
1543 2148 1614 2205 ut
1648 2147 1729 2206 sit
1756 2139 1888 2223 ‘per
1912 2146 2324 2223 pleonasmum
2351 2137 2615 2222 ponere’,
2641 2143 2759 2203 EM
2787 2144 2937 2220 465,
2959 2136 3071 2226 50)

455 2235 614 2295 idem
660 2233 733 2295 de
780 2231 1023 2296 λείπειν
1069 2236 1233 2296 verbi
1277 2254 1390 2297 usu
1434 2235 1749 2297 dicendum
1794 2238 1901 2295 est

640 2325 743 2399 78,
765 2326 846 2385 26
894 2320 1058 2400 ἡμᾶς
1106 2319 1342 2386 αὐτούς
1388 2325 1465 2385 ad
1512 2325 1767 2386 alterum
1812 2325 2060 2385 Homeri
2104 2324 2302 2385 locum
2348 2319 2402 2385 Ω
2442 2324 2571 2384 499
2619 2325 2866 2401 spectat

636 2415 738 2488 78,
761 2414 841 2474 26
891 2411 994 2475 καὶ
1039 2410 1162 2489 γὰρ
1206 2447 1282 2457 --
1327 2417 1406 2477 29
1448 2411 1511 2477 οἱ
1555 2414 1734 2476 δῶκα
1779 2416 1985 2493 spuria
2029 2432 2156 2474 esse
2200 2416 2380 2491 putat
2419 2412 2633 2473 Matth.
2671 2412 2733 2472 H
2764 2413 3071 2474 636-37

454 2497 574 2563 ‘die
619 2502 914 2580 Beispiele
970 2503 1101 2564 sind
1159 2523 1266 2565 aus
1321 2507 1476 2582 synt.
1530 2506 1675 2579 141,
1699 2504 1779 2564 15
1809 2504 1868 2562 ff.
1917 2503 2212 2579 entlehnt,
2275 2522 2396 2579 wo,
2460 2502 2596 2563 dem
2640 2502 2914 2581 dortigen
2961 2503 3073 2563 Zu-

456 2593 885 2672 sammenhang
947 2593 1373 2671 entsprechend
1388 2639 1404 2670 ,
1477 2592 1921 2671 exemplificiert
1983 2592 2219 2654 werden
2283 2593 2396 2654 soll
2411 2639 2427 2670 ,
2497 2592 2628 2653 dass
2691 2592 2916 2653 Homer
2978 2592 3073 2652 die

454 2682 1094 2759 Personalpronomina
1131 2684 1222 2745 oft
1257 2684 1561 2762 weglasse,
1607 2703 1701 2744 wo
1737 2702 1880 2743 man
1911 2685 1997 2744 sie
2024 2682 2175 2742 nach
2205 2682 2520 2743 attischem
2550 2680 3073 2760 Sprachgebrauch

456 2775 722 2833 erwarte.
831 2772 993 2833 Aber
1056 2792 1132 2834 an
1197 2792 1438 2834 unserer
1484 2774 1696 2850 Stelle,
1756 2793 1849 2834 wo
1905 2792 1967 2834 es
2023 2772 2148 2834 sich
2203 2793 2304 2833 um
2360 2773 2474 2833 den
2531 2772 2916 2852 angeblichen
2961 2770 3073 2833 Ge-

454 2861 677 2923 brauch
723 2862 828 2923 der
861 2863 1166 2924 Reflexiva
1210 2864 1315 2924 der
1360 2863 1581 2925 dritten
1620 2863 1776 2924 Pers.
1816 2866 1967 2942 sing.
2012 2883 2088 2923 an
2128 2862 2313 2923 Stelle
2358 2862 2700 2941 derjenigen
2736 2862 2842 2923 der
2878 2865 3075 2924 ersten

455 2952 574 3012 und
623 2954 870 3013 zweiten
915 2952 1076 3014 Pers.
1114 2955 1261 3033 sing.
1308 2953 1574 3029 handelt,
1618 2953 1855 3014 konnen
1900 2953 2196 3032 Beispiele
2242 2954 2355 3012 mit
2390 2952 2815 3013 Nominativen
2860 2952 3072 3013 keinen

457 3041 603 3101 Sinn
647 3036 881 3101 haben’.
976 3042 1093 3102 Sed
1136 3061 1378 3120 prorsus
1423 3044 1687 3122 neglexit
1730 3043 2021 3109 Matthias
2067 3042 2213 3102 haec
2267 3038 2573 3103 λείπουεα
2619 3036 2850 3118 ἐθίμωε
2897 3037 3073 3123 αὐτῷ

455 3132 530 3210 τῇ
566 3127 750 3205 ἡμῶν
779 3178 791 3192 .
823 3178 835 3191 .
866 3128 968 3192 καὶ
1002 3127 1183 3206 ἡμᾶς.
1277 3131 1375 3192 Sic
1419 3134 1608 3211 igitur
1649 3132 2033 3212 progreditur
2078 3132 2533 3211 argumentatio.
2609 3125 2701 3190 ‘Si
2741 3151 2861 3191 uno
2899 3126 3073 3208 loco',

454 3221 652 3297 inquit
678 3219 811 3298 Ap.,
854 3215 1172 3281 ‘Homerus
1208 3222 1402 3282 forma
1437 3222 1754 3300 trisyllaba
1789 3216 2163 3283 ΕΑΥΤΟΥΕ
2199 3224 2307 3280 cet.
2346 3224 2437 3281 ita
2477 3239 2613 3281 usus
2651 3224 2824 3296 esset,
2867 3225 2937 3281 ut
2973 3242 3073 3282 ne-

456 3312 708 3370 cessario
755 3311 830 3370 ad
875 3313 1134 3388 primam
1179 3312 1572 3372 secundamve
1616 3312 1965 3387 referretur,
2028 3310 2463 3371 eoncedendum
2511 3330 2653 3371 sane
2700 3313 2880 3387 esset,
2938 3330 3074 3371 eum

455 3418 690 3477 quoque
744 3400 858 3460 hac
909 3403 974 3460 in
1028 3420 1092 3460 re
1147 3419 1432 3478 peccasse.
1527 3401 1717 3480 Atqui
1761 3400 2036 3462 omnibus
2082 3401 2255 3476 locis,
2317 3399 2419 3460 ubi
2466 3395 2794 3462 ΑΥΤΟΥ(
2839 3403 2946 3461 cet
2996 3400 3072 3461 ad

456 3491 711 3567 primam
757 3490 1148 3551 secundamve
1193 3494 1482 3570 spectant,
1526 3491 1720 3552 forma
1765 3490 2066 3568 bisyllaba
2110 3509 2251 3551 usus
2298 3494 2415 3566 est3
2461 3491 2654 3550 elucet
2697 3491 2887 3570 igitur
2920 3491 3075 3552 hanc

456 3579 710 3640 formam
755 3597 880 3640 esse
927 3575 1180 3653 αὐτούς,
1226 3601 1345 3642 non
1394 3575 1647 3653 αὐτούς,
1693 3584 1763 3640 ut
1806 3581 2146 3658 personalia
2188 3576 2354 3655 ἡμᾶς
2399 3575 2561 3656 ὑμᾶς
2607 3580 3072 3641 subaudiantur:

454 3669 634 3745 idque
681 3688 750 3729 eo
797 3669 1209 3747 confirmatur,
1257 3671 1417 3748 quod
1464 3670 1647 3732 etiam
1694 3670 1768 3731 ad
1816 3671 2147 3750 singulares
2196 3665 2392 3731 αὐτό(
2436 3670 2805 3747 pronominis
2850 3671 3072 3732 formas

455 3758 795 3835 personalia
838 3762 1010 3837 prim.
1059 3777 1168 3819 sec.
1214 3779 1366 3838 pers.
1414 3779 1697 3838 persaepe
1741 3763 1940 3821 mente
1986 3759 2319 3839 supplenda
2355 3754 2534 3819 sunt'.
2628 3760 2852 3839 Tangit
2885 3762 3075 3839 igitur

454 3847 511 3905 h.
550 3848 589 3906 1.
629 3847 875 3908 eandem
926 3868 1051 3908 rem
1108 3853 1288 3927 atque
1334 3854 1489 3926 synt.
1543 3852 1689 3925 141,
1713 3852 1822 3927 15,
1883 3853 1952 3910 ut
1995 3851 2214 3910 mirum
2259 3868 2378 3909 non
2425 3851 2506 3910 sit
2550 3848 2757 3910 eadem
2803 3851 3073 3928 exempla

459 3937 674 3996 afferri.

632 4026 838 4086 Etiam
889 4028 955 4086 in
1007 4029 1299 4104 simulari
1342 4029 1709 4090 Ptolemaeus
1753 4026 2100 4090 Ascalonita
2155 4031 2382 4103 formas
2436 4022 2675 4090 αὑτόν
2721 4033 2817 4088 oct.
2864 4046 3073 4104 aspero

452 4119 668 4190 spiritu
720 4117 986 4191 amatas
1030 4118 1287 4178 Homero
1345 4120 1646 4179 vindicare
1689 4119 1884 4179 votuit.
1975 4118 2091 4179 Sed
2135 4119 2347 4194 ubique
2393 4113 2628 4178 αὐτόν
2675 4118 2891 4178 talibus
2934 4119 3075 4179 locis

452 4207 812 4266 reddendum
867 4210 979 4277 est,·
1042 4207 1367 4267 Homerum
1408 4209 1636 4282 formas
1681 4203 1919 4269 αὑτόν
1964 4213 2061 4268 cet.
2107 4225 2229 4268 non
2269 4224 2464 4275 nosse,
2524 4207 2815 4267 similibus
2865 4209 3074 4282 fomis

456 4290 535 4355 ἕο
574 4291 839 4367 αὐτοῦ,
886 4291 962 4356 ἑέ
999 4291 1235 4358 αὐτόν
1272 4299 1653 4371 confimatur
1685 4299 1786 4374 78,
1808 4299 2091 4373 30-80,
2113 4299 2214 4358 23.
2278 4296 2365 4356 Of.
2396 4296 2718 4357 Godofredi
2744 4297 3073 4358 Hermanni

455 4382 589 4445 diss.
631 4385 703 4444 de
747 4404 915 4463 pron.
955 4381 1150 4447 αὐτό(
1196 4405 1394 4464 opusc.
1431 4388 1464 4446 Ι
1503 4389 1871 4449 308-342.
1948 4385 2317 4447 GFSchoem.
2357 4386 2498 4446 Red.
2544 4387 2687 4447 108.

637 4476 794 4549 79,1
848 4476 1003 4551 synt.
1056 4477 1201 4553 141,
1225 4478 1279 4536 6.
1356 4475 1548 4537 Schol.
1596 4477 1656 4536 H
1702 4476 1779 4537 ad
1825 4477 1862 4538 δ
1903 4478 2030 4536 244
2080 4471 2282 4538 αὐτόν
2320 4471 2451 4555 μιν]
2491 4474 2715 4550 ψιλῶς.
2778 4470 2897 4537 οὐκ
2933 4470 3071 4538 οἶδε

461 4558 578 4636 τὴν
643 4558 861 4624 αὐτῶν
924 4557 1264 4645 (Ἀττικῶν
1308 4565 1670 4642 WDindorf3
1731 4566 2118 4644 praetulerim
2186 4560 2434 4638 ἄλλων,
2500 4583 2634 4625 cum
2696 4584 2817 4627 non
2879 4567 3071 4626 solum

462 4653 629 4712 attici
693 4655 1036 4731 scriptoreS,
1099 4655 1202 4715 sed
1265 4657 1448 4715 etiam
1512 4657 1616 4735 qui
1669 4656 1746 4736 τῇ
1801 4657 1984 4736 κοινῇ
2049 4658 2304 4716 utuntur
2364 4657 2695 4734 composita
2755 4648 3070 4738 usurpent)

460 4738 792 4816 ευνήθειαν
838 4738 877 4804 ὁ
923 4740 1208 4819 ποιητής.
1300 4745 1411 4805 His
1456 4745 1865 4808 Ptolemaeum
1911 4746 2252 4826 impugnari
2300 4749 2565 4824 apparet.

636 4833 674 4888 7
682 4833 796 4907 9,5
846 4831 1024 4894 schol.
1073 4834 1128 4893 A
1173 4833 1250 4895 ad
1301 4831 1314 4894 Ι
1366 4836 1493 4895 342
1543 4827 1748 4917 (quem
1793 4856 1824 4895 e
1871 4835 1930 4893 V
1974 4835 2278 4913 supplevit
2321 4834 2507 4895 Lehrs
2552 4835 2692 4896 Her.
2729 4835 2792 4894 H
2832 4837 2932 4912 65,
2957 4828 3069 4918 24)

459 4913 726 4981 αὐτοῡ;
774 4916 813 4982 ὁ
849 4916 1307 4998 Ἀεκαλωνίτη(
1344 4920 1615 4998 δαεύνει,
1664 4919 1971 4986 (ύνθετον
2019 4920 2441 4999 ἐκδεχόμενος
2487 4921 2606 5001 τὴν
2645 4919 3068 4999 ἀντωνυμίαν,

455 5003 760 5087 <ἀγνοῶν
803 5005 903 5071 ὅτι
948 5007 1233 5087 Ὅμηρος
1279 5008 1597 5076 οὐδέποτε
1643 5009 1924 5095 ευνθέτῳ
1971 5009 2269 5092 κέχρηται
2316 5009 2742 5094 ἀντωνυμίᾳ).
2818 5010 2920 5075 διὸ
2966 5012 3071 5075 καὶ
