3738 5530
1458 382 1557 432 m:
1594 381 1826 432 mmm
1861 381 2132 433 FORMA.
2969 374 3088 439 137

503 585 949 664 ςυντιθέμενον
988 586 1064 648 τὸ
1106 587 1144 663 ἦ
1191 584 1278 649 εἰς
1309 586 1385 650 τὸ
1416 589 1471 649 ω
1502 584 1908 667 μεταβάλλει,
1951 584 2125 664 φρήν
2161 582 2427 664 ἄφρων,
2470 581 2774 661 ςώφρων.
2840 581 3088 655 ἐγίνετο

504 688 575 752 δὲ
618 687 969 766 πάμπολλα
1012 685 1205 752 πάλιν
1250 690 1518 750 τοιαῦτα
1563 684 1807 764 ῥήματα
1850 686 2228 768 ὀνοματικά,
2275 685 2365 749 ὡς
2414 686 2592 762 παρὰ
2634 687 2751 763 τὴν
2798 682 3090 761 εὐδαίμο-

499 808 614 852 νος
657 789 913 867 γενικὴν
970 789 1208 865 γίνεται
1253 790 1329 853 τὸ
1375 787 1766 865 εὐδαιμονῶ,
1823 787 1997 866 παρά
2042 808 2111 852 τε
2155 789 2269 866 τὴν
2326 785 2710 867 ἀγνώμονος
2756 786 2831 850 τὸ
2876 784 3086 862 ἀγνω-
3166 830 3186 850 ι

401 907 448 946 1⁵
500 896 697 966 μονῶ.
774 890 950 968 παρὰ
1005 893 1119 969 τὴν
1176 889 1410 971 ἄφρων
1456 889 1576 956 οὖν
1622 889 1875 955 εὐθεῖαν
1932 890 2179 966 ἐγίνετο
2226 889 2535 971 ἀφρονῶ,
2591 880 2760 953 κατά
2806 889 3088 967 ςτέρηςιν

499 995 616 1056 τοῦ
672 995 965 1070 φρονεῖν.
1042 993 1177 1057 ἐπεὶ
1234 993 1306 1056 δὲ
1360 995 1440 1058 τὰ
1495 993 1566 1058 ἐν
1624 994 1903 1071 ςτερήςει
1959 992 2586 1072 παραλαμβανόμενα
2640 991 2743 1054 καὶ
2786 990 2857 1054 ἐν
2902 1010 3087 1054 κατα-

501 1092 689 1174 φάςει
731 1094 1313 1174 παραλαμβάνεται,
1360 1095 1838 1174 ἀφαιρουμένης
1882 1098 1993 1172 τῆς
2040 1095 2415 1176 ςτερήςεως,
2460 1094 2535 1158 τὸ
2576 1097 2809 1172 φρονῶ
2842 1092 3088 1168 ἐγίνετο

499 1194 587 1260 εἰς
643 1197 993 1276 κατάφαςιν
1048 1201 1165 1261 τοὺ
1223 1195 1658 1276 ἀντικειμένου
1713 1200 1830 1261 τοῦ
1891 1189 2224 1275 ἀφρονεῖν.
2275 1230 2347 1241 —-
2411 1195 2477 1259 Εἰ
2533 1195 2605 1259 δέ
2660 1214 2754 1258 τις
2802 1193 2956 1277 [καὶ]
3013 1195 3089 1258 τὸ

397 1314 450 1353 ²0
503 1297 756 1378 ἀκριβὲς
801 1298 1166 1379 ἐπιςτήςειε,
1213 1300 1314 1361 καὶ
1356 1300 1432 1363 τὸ
1474 1296 1768 1377 ἀψευδής
1812 1299 1915 1362 καὶ
1959 1297 2050 1362 ἔτι
2092 1298 2168 1362 τὸ
2205 1298 2457 1377 ἀςαφής
2487 1297 2771 1375 πρότερα
2801 1296 2881 1361 ἂν
2913 1295 3090 1372 εὕροι

498 1403 616 1464 τοῦ
672 1401 916 1479 ψευδής
975 1402 1077 1464 καὶ
1137 1401 1340 1480 ςαφής
1397 1399 1589 1482 [ἀλλὰ
1643 1401 1828 1479 φήςει
1882 1420 1973 1464 τις
2030 1399 2156 1475 ὅτι,
2221 1399 2400 1477 εἴπερ
2468 1398 2728 1478 δοίημεν
2784 1400 2959 1476 παρὰ
3011 1398 3089 1463 τὸ

498 1508 724 1581 ψευδῶ
768 1504 869 1567 καὶ
930 1505 1115 1581 ςαφῶ
1172 1503 1252 1567 τὰ
1296 1500 1584 1580 ὀνόματα
1640 1501 1939 1584 ἐγίνετο].
2016 1503 2096 1566 τὰ
2153 1504 2230 1580 δὴ
2287 1501 2359 1566 ἐν
2406 1500 2580 1583 ὀξείᾳ
2624 1505 2937 1582 προφορᾷ
2990 1501 3088 1564 καὶ

499 1604 571 1669 ἐν
616 1604 807 1669 κλίςει
852 1610 928 1686 τῇ
989 1605 1092 1669 διὰ
1136 1609 1252 1669 τοῦ
1296 1607 1371 1682 ῆί
1416 1604 1484 1668 ἐκ
1539 1602 1835 1682 ῥημάτων
1881 1604 2301 1683 παραγόμενα
2348 1605 2506 1668 κατὰ
2551 1603 2839 1668 ςὺνθεςιν
2887 1621 3089 1682 παρα-

393 1720 445 1759 25
498 1706 898 1786 λαμβάνεται.
970 1707 1148 1785 παρὰ
1191 1708 1265 1771 τὸ
1313 1709 1475 1785 ςεβῶ
1521 1705 1810 1786 εὐςεβής,
1866 1707 2043 1785 παρὰ
2086 1706 2163 1770 τὸ
2209 1706 2423 1784 πήςςω
2469 1705 2931 1784 πρωτοπαγής,
2986 1705 3091 1768 καὶ

496 1807 644 1872 ἴςως
688 1809 864 1889 παρὰ
907 1808 983 1874 τὸ
1038 1807 1358 1887 ψεύδομαι
1413 1806 1492 1885 ἦν
1536 1829 1594 1873 τι
1640 1808 1963 1890 ἀψευδής,
2023 1808 2120 1871 καὶ
2179 1807 2266 1872 εἰς
2324 1807 2676 1888 κατάφαςιν
2732 1809 2926 1872 πάλιν
2970 1811 3088 1871 τοῦ

495 1911 838 1990 ψεύδεςθαι
894 1909 1140 1990 ψευδής
1195 1909 1462 1985 ἐγίνετο.
1527 1947 1599 1956 -
1661 1909 1929 1974 Τούτων
1988 1908 2108 1975 οὖν
2164 1915 2315 1992 τῇδε
2375 1908 2693 1989 ἐχόντων,
2748 1908 3084 1988 προϋπάρ-

496 2032 729 2091 χοντος
792 2012 1071 2093 ῥήματος
1135 2015 1254 2076 τοῦ
1319 2010 1600 2095 ἀεκάζω,
1678 2010 2083 2091 προϋπάρχει
2149 2013 2224 2076 τὸ
2294 2012 2607 2091 ἐπίρρημα
2673 2011 2749 2075 τὸ
2816 2009 3087 2095 ἀεκαςτί,

392 2127 445 2167 ³⁰
497 2113 622 2195 ἀφ’
668 2113 748 2178 οὗ
792 2116 867 2178 τὸ
913 2115 1241 2179 πεπονθὸς
1284 2114 1361 2178 τὸ
1407 2112 1638 2192 ἀέκητι.
1713 2115 1813 2176 καὶ
1856 2114 2081 2194 <ἐπεὶ>
2124 2114 2409 2192 ςυνήθως
2449 2112 2643 2178 πάλιν
2675 2113 2744 2176 ἐκ
2768 2114 3088 2179 ςυνθέτων

497 2216 671 2281 ἁπλᾶ
716 2216 993 2292 ἐγίνετο,
1051 2216 1154 2280 καὶ
1196 2215 1462 2293 μάλιςτα
1507 2216 1577 2280 ἐν
1622 2214 1990 2296 <ἐλ>λείψει
2034 2218 2144 2293 τῆς
2191 2218 2232 2279 ἆ
2277 2215 2653 2297 ςτερήςεως,
2702 2215 3089 2294 πιςτούμεθα

498 2318 594 2383 ὅτι
638 2318 741 2383 καὶ
783 2318 852 2382 ἐκ
895 2317 1380 2395 παραςυνθέτου
1434 2320 1552 2381 τοῦ
1610 2316 1824 2395 ἀέκητι
1884 2316 2138 2382 ἁπλοῦν
2192 2317 2721 2398 παρελαμβάνετο
2767 2320 2843 2384 τὸ
2901 2319 3085 2395 ἕκητι.

500 2420 620 2484 οὐκ
664 2420 789 2499 ἄρα
832 2419 1087 2499 ἄπορον
1132 2420 1207 2484 τὸ
1253 2422 1488 2500 ςχῆμα,
1533 2418 1788 2498 δόκηςιν
1837 2418 1993 2497 ἔχον
2039 2420 2419 2494 ςυνθέςεως,
2466 2420 2541 2483 τὸ
2586 2424 2704 2484 τοῦ
2750 2421 2984 2498 ἀέκητι.

361 2531 462 2581 548
671 2521 843 2601 Ἑξῆς
901 2521 1131 2601 ῥητέον
1188 2522 1291 2585 καὶ
1343 2522 1490 2600 περὶ
1541 2524 1662 2585 τοῦ
1720 2521 2059 2604 ὑπόδρα,
2115 2522 2262 2599 περὶ
2316 2519 2439 2601 (οὗ
2485 2522 2815 2603 Τρύφων)
2871 2522 2942 2586 ἐν
2997 2530 3088 2604 τῷ

501 2628 647 2706 περὶ
676 2623 1117 2703 ἐπιρρημάτων
1147 2621 1239 2707 (p.
1273 2622 1354 2686 47
1390 2620 1655 2707 Velsen)
1685 2624 1910 2706 φηςίν,
1957 2625 2048 2688 ῶς
2093 2622 2172 2688 οὐ
2217 2623 2498 2688 δεόντως
2535 2625 2841 2704 (βαρεῖαν
2870 2624 3089 2707 τάςιν)

498 2728 893 2795 ἀνεδέδεκτο.
952 2727 1098 2805 «τὴν
1129 2726 1252 2803 γὰρ
1285 2724 1651 2805 ἀποβολήν»
1684 2746 1837 2807 φηςι
1869 2725 2333 2808 «φυλακτ<ικὴν
2366 2722 2574 2809 εἶναι)
2602 2731 2719 2793 τοῦ
2747 2727 2964 2793 τόνου.
3011 2727 3087 2792 τὸ

420 2845 446 2885 ⁵
497 2830 690 2912 ἄναξ,
736 2829 1072 2907 ἀποβαλὸν
1116 2828 1192 2892 τὸ
1237 2814 1300 2906 Ξ,
1348 2828 1732 2907 φυλάςςεται
1777 2829 1978 2909 κ<ατὰ
2020 2829 2178 2912 τὴν)
2224 2829 2423 2909 αὐτὴν
2469 2831 2667 2911 τάςιν,

754 2929 884 2994 Ζεῦ
929 2928 1054 2995 ἄνα
1096 2932 1460 2996 Δωδωναῖε
1504 2929 1596 3014 (Π
1640 2929 1792 3015 233)

497 3033 597 3097 καὶ
640 3033 801 3096 κατὰ
844 3032 1140 3109 κλητικὴν
1184 3032 1263 3095 τὸ
1316 3031 1565 3108 γὺναιξ,
1623 3032 1693 3096 ἐν
1739 3038 1829 3116 τῷ
1875 3031 1929 3097 ὦ
1980 3033 2199 3111 γύναι·
2258 3034 2348 3099 ἔτι
2405 3033 2483 3097 τὸ
2532 3033 2768 3116 γάλαξ,
2825 3034 2952 3114 ἀφ’
3007 3031 3087 3098 οὑ
3126 3045 3154 3090 2

496 3135 712 3212 γενικὴ
758 3133 796 3211 ἡ
852 3133 1201 3216 γάλακτος,
1260 3131 1368 3197 ὅτε
1425 3134 1662 3209 γίνεται
1707 3134 1901 3199 πάλιν
1957 3135 2140 3211 γάλα.
2214 3134 2368 3200 ὅθεν
2414 3133 2467 3198 εἰ
2520 3135 2623 3199 καὶ
2665 3136 2740 3200 τὸ
2799 3136 3088 3213 ὑποδράξ

400 3253 448 3291 1⁰
499 3238 569 3302 ἐν
627 3235 800 3317 ὀξείᾳ
853 3235 1022 3299 τάςει
1081 3234 1238 3315 ἐςτί,
1298 3236 1498 3313 ςαφὲς
1555 3234 1652 3299 ὅτι
1710 3237 1811 3300 καὶ
1853 3238 1928 3301 τὸ
1983 3237 2052 3301 ἐν
2109 3236 2402 3317 ἀποβολῇ
2461 3240 2579 3301 τοῦ
2646 3225 2683 3303 Ξ
2732 3238 2926 3302 πάλιν
2971 3237 3088 3302 τὸν

498 3338 741 3403 ἐπόντα
783 3337 980 3401 τόνον
1026 3337 1342 3416 φυλάξει.»
1391 3372 1469 3381 -
1529 3335 1619 3401 Τὸ
1664 3337 1963 3402 τοιοῦτόν
2009 3358 2177 3403 τινες
2223 3338 2622 3414 ἐπιλὺονται,
2681 3338 2961 3418 φάμενοι
3005 3340 3085 3420 μὴ

498 3439 569 3506 ἐν
615 3439 909 3523 ἀποβολῇ
949 3443 1068 3504 τοῦ
1105 3426 1140 3503 ἓ
1196 3438 1272 3502 τὸ
1319 3436 1570 3516 ὑπόδρα
1612 3444 2003 3517 γεγενῆςθαι,
2042 3440 2412 3519 ςυνδέςμων
2460 3441 2531 3505 δὲ
2572 3444 3086 3520 παραπληρωμα-

633 3629 843 3681 Αιιανιι.
921 3628 954 3676 4
1006 3629 1204 3690 φρονῶ
1258 3622 1328 3677 ab
1376 3624 1612 3692 ἀφρονῶ
1660 3621 1965 3688 derivatur,
2025 3655 2087 3663 —-
2140 3629 2172 3677 8
2218 3626 2433 3691 ψευδής
2487 3626 2668 3692 ςαφής
2723 3624 2793 3678 ab
2839 3626 3087 3691 ἀψευδής

499 3710 732 3776 ὰςαφής.
788 3739 852 3749 -
909 3714 974 3762 20
1017 3706 1249 3775 Trypho
1292 3709 1512 3776 ὑπόδρα
1558 3724 1670 3762 non
1716 3709 1867 3761 recte
1918 3708 2211 3761 accentum
2256 3708 2544 3762 retrahere
2592 3710 2804 3773 censet,
2852 3726 2980 3762 cum
3017 3724 3086 3762 ex

500 3793 747 3860 ὑποδράξ
785 3795 968 3847 ortum
1005 3793 1090 3846 sit.
1127 3822 1196 3832 —
1231 3798 1312 3849 29.
1351 3791 1466 3845 Alii
1503 3808 1571 3846 ex
1606 3794 1721 3847 ὑπὸ
1757 3793 1826 3859 δή
1864 3794 1935 3860 ῥα
1974 3790 2276 3846 οοιιθαίῐυιτι
2315 3809 2433 3847 esse
2469 3794 2691 3861 putanss.

508 3900 789 3907 --.—-..—-....——.-.⁴
820 3902 853 3906 -

633 3944 823 4003 Dtscn.
860 3964 1062 4001 sonu-r.
1122 3951 1172 3999 ’1.
1198 3948 1289 4000 καὶ
1326 3943 1538 3998 delevit
1561 3943 1800 4015 GUhlig,
1840 3943 2052 3997 ‘malim
2078 3946 2221 3999 κατὰ
2243 3946 2314 3998 τὸ
2348 3945 2589 4013 ἀκριβές’
2617 3945 2653 3998 b
2688 3945 2747 3998 in
2771 3960 2887 4003 var.
2911 3944 3044 4000 lect.
3076 3947 3083 4013 Ι

499 4036 546 4085 8.
587 4048 721 4099 ευρη
748 4032 791 4085 Α
823 4033 833 4098 Ι
862 4037 909 4085 9.
936 4031 1080 4085 ἀλλὰ
1109 4060 1166 4070 —-
1198 4036 1262 4084 10
1296 4030 1512 4096 ἐγίνετο
1550 4029 1718 4084 eiecit·
1740 4027 2192 4084 GFsschoemann
2222 4030 2231 4096 Ι
2267 4037 2341 4083 10.
2367 4031 2440 4084 τὰ
2473 4032 2580 4098 γὰρ
2613 4030 2759 4085 sitne
2790 4047 2895 4098 pro
2917 4033 2992 4084 τὰ
3014 4033 3083 4097 δὴ

500 4115 857 4169 scribendum
878 4115 1103 4169 dubitat
1121 4114 1567 4169 GFSchoemann
1597 4116 1605 4180 Ι
1637 4131 1930 4181 προφοραι
1955 4116 1998 4169 Α
2028 4117 2040 4179 Ι
2074 4121 2152 4168 11.
2178 4132 2251 4183 τη
2279 4117 2321 4169 Α
2354 4116 2364 4183 Ι
2393 4121 2460 4183 ῆς
2486 4113 2767 4170 GDronke
2788 4114 3083 4170 GFSchoe-

498 4216 697 4267 mann,
736 4203 829 4256 εῦς
855 4200 947 4254 ΑΙ)
982 4200 1042 4253 in
1077 4201 1269 4266 textu,
1309 4199 1563 4254 ‘fortasse
1600 4201 1710 4271 leg.
1750 4206 1869 4255 οὖς’
1896 4200 1933 4253 b
1969 4201 2029 4253 in
2052 4216 2170 4254 var.
2194 4201 2310 4254 leet
2356 4207 2363 4268 Ι
2398 4202 2759 4269 παραγόμενα
2786 4198 3084 4254 GFSchoe-

500 4301 695 4352 mann,
734 4286 1055 4352 ἀναγόμενα
1092 4284 1185 4339 Ab
1252 4288 1262 4353 Ι
1328 4288 1404 4342 13.
1439 4288 1545 4338 τοῦ
1582 4284 1647 4350 b,
1682 4302 1751 4339 το
1789 4288 1831 4340 Α
1888 4286 1898 4354 Ι
1953 4292 2030 4340 14.
2067 4287 2309 4340 Τουτων
2345 4288 2477 4341 ante
2513 4285 2609 4338 lin.
2649 4287 2691 4339 Α
2746 4287 2754 4351 Ι
2816 4287 2950 4353 τηδε
2989 4286 3032 4339 Α
3075 4287 3081 4352 Ι

503 4376 581 4425 15.
619 4387 847 4440 αεκηςτι
882 4371 925 4424 Α
957 4374 966 4435 Ι
1000 4373 1077 4423 16.
1114 4370 1246 4438 post
1280 4371 1370 4423 καὶ
1404 4367 1667 4423 lacunam
1703 4370 1981 4426 indicavit
2003 4371 2039 4425 b
2063 4370 2121 4424 in
2156 4372 2346 4438 textu,
2385 4370 2484 4426 sed
2520 4368 2737 4424 nullum
2775 4369 2894 4424 eius
2919 4370 3083 4424 vesti-

499 4454 652 4525 gium
686 4460 746 4509 in
771 4457 842 4523 Α,
881 4457 973 4509 καὶ
997 4455 1202 4523 (ἐπεὶ)
1238 4452 1331 4507 vel
1366 4454 1533 4508 κάπεὶ
1560 4453 1595 4506 b
1631 4454 1691 4508 in
1716 4472 1832 4509 var.
1861 4456 2013 4523 lech,
2051 4458 2142 4510 καὶ
2166 4457 2373 4524 <ἐπεί>
2397 4455 2569 4509 etiam
2596 4454 3043 4510 GFSchoemann
3073 4458 3080 4521 Ι

504 4546 581 4597 17.
618 4540 798 4608 λείψει
835 4541 926 4594 ΑΙ)
966 4539 1136 4596 ‘Foru
1174 4538 1444 4605 ἐλλείψει’
1481 4539 1519 4592 b
1555 4539 1614 4592 in
1652 4556 1767 4595 var.
1802 4540 1933 4595 lect.
1988 4543 1996 4606 Ι
2056 4546 2132 4597 18.
2169 4544 2340 4594 θετου
2377 4540 2603 4594 litterae
2639 4539 2698 4593 iu
2735 4556 2869 4595 voce
2909 4557 3083 4606 παρα·

502 4627 770 4680 ςυνθέτου
813 4625 872 4678 in
915 4640 1111 4678 rasura
1145 4624 1210 4677 A¹
1278 4623 1288 4691 1
1354 4621 1526 4678 ‘Foru
1564 4626 2055 4692 παρελαμβάνετο’
2092 4624 2128 4677 b
2171 4624 2230 4678 in
2280 4641 2396 4682 var.
2434 4625 2587 4691 lect„
2633 4625 3084 4696 κατελαμβάνετο

501 4709 592 4763 Αἱ)
652 4711 661 4776 Ι
733 4716 811 4769 19.
857 4713 925 4765 τὸ
967 4714 1072 4764 τοῦ
1116 4710 1318 4777 ἀέκητι
1362 4707 1838 4777 GFSohoemann,
1897 4712 1961 4766 ἐκ
2005 4715 2118 4764 τοῦ,
2162 4711 2357 4779 ἀέκητι
2405 4711 2527 4776 Αἱ),
2583 4711 2677 4764 ἐπὶ
2727 4711 2831 4765 τοῦ
2886 4711 3085 4776 ἀέκητι

500 4791 862 4850 RSkrzeozka
899 4798 908 4861 Ι
955 4801 1038 4851 20.
1073 4794 1182 4851 lae.
1222 4793 1371 4863 expl.
1410 4794 1445 4847 b
1477 4795 1486 4861 Ι
1548 4793 1654 4848 lac.
1696 4795 1845 4864 expl.
1886 4795 1922 4849 b
1959 4795 2015 4849 in
2054 4812 2170 4850 var.
2204 4795 2336 4851 lect.
2376 4801 2385 4862 Ι
2425 4802 2508 4849 21.
2547 4801 2628 4849 22.
2669 4795 2769 4847 lac.
2810 4793 2955 4866 expl.
2996 4796 3031 4847 b

499 4883 583 4933 25.
621 4883 874 4947 κλιτικην
914 4883 956 4933 Α
987 4889 995 4944 Ι
1026 4885 1107 4933 28.
1143 4881 1359 4933 ἐπόντα
1392 4879 1458 4946 b,
1496 4896 1733 4935 επιοντα
1770 4881 1813 4934 Α

3128 1511 3191 1558 10

3135 2028 3190 2076 15

3125 2536 3191 2582 20
