3738 5530
637 267 1078 324 Commentarius
1107 266 1335 322 criticus
1364 267 1423 322 et
1449 266 1770 337 exegeticus
1797 265 1858 320 in
1891 265 2180 336 Apollonii
2208 264 2437 335 Dyscoli
2464 264 2677 336 scripta
2702 265 2934 322 minora.
3010 266 3142 331 215

520 439 607 498 lui
652 440 845 499 arrive
890 439 1165 513 souvent,
1225 440 1288 497 et
1330 438 1379 496 il
1424 438 1657 514 compte
1705 457 1785 496 un
1830 456 1950 514 peu
1994 438 2130 512 trop
2178 455 2280 496 sur
2324 437 2388 496 la
2440 430 2724 497 memoire
2768 436 2843 497 de
2887 454 2979 497 ses
3024 437 3140 497 lec-

519 532 681 589 teurs
725 547 878 606 pour
922 528 1253 605 expliquerz
1304 519 1370 587 1⁰
1406 546 1523 605 que
1566 525 1731 588 κεῑεε
1772 544 2107 587 commence
2153 526 2210 585 le
2246 544 2406 601 vers3
2454 520 2524 586 2⁰
2559 526 2706 603 qu'il
2751 544 2816 587 se
2858 529 3142 605 rapporte

521 639 599 677 au
643 617 822 678 verbe
866 616 938 678 de
983 620 1363 678 mouvement
1407 612 1713 692 ἔρχεεθαι.
1795 615 1875 675 Μ.
1906 615 2227 676 Schneider
2272 617 2471 676 aureit
2506 616 2657 677 donc
2702 615 2783 676 dfi
2826 618 3140 679 transcrire

519 706 667 769 dans
713 725 783 767 ss.
826 710 966 767 note
1013 708 1070 767 le
1113 709 1275 767 texte
1319 700 1662 783 homerique
1705 708 1844 767 tout
1889 699 2120 766 entier’.

699 798 849 872 209,
870 798 954 857 14
1002 791 1301 870 ἀποκοπή
1347 797 1530 857 etiam
1574 796 1707 873 ipsa
1753 796 1947 856 forma.
1992 795 2303 856 decurtata
2348 794 2595 872 ‹licitus-3
2640 795 2712 855 cf.
2749 795 2871 855 ind.

698 888 950 962 209,st
996 881 1353 964 πρόκειται]
1407 886 1676 960 158,15.
1727 886 2009 961 184‚18;
2055 886 2152 944 all.

694 968 893 1050 Ἧιχι
936 979 1225 1036 notionem
1260 969 1453 1050 ‘quem
1485 977 1554 1035 in
1588 969 1798 1035 locum'
1833 991 1955 1035 non
1989 991 2031 1034 a
2065 975 2293 1048 suffixa
2335 975 2567 1051 syllaba
2599 972 2673 1049 ῐί
2709 976 2955 1051 accepit:
2996 976 3139 1037 haec

518 1067 672 1126 enim
707 1066 989 1135 abundat,
1022 1071 1090 1126 ut
1131 1067 1198 1125 in
1242 1061 1449 1140 ναίχι
1495 1069 1548 1126 et
1593 1059 1780 1138 οὐχί.
1852 1065 1935 1124 Iol
1978 1065 2098 1124 nisi
2139 1066 2227 1124 ita
2272 1068 2433 1135 esset,
2478 1060 2518 1146 ᾖ
2565 1081 2844 1140 asperum
2886 1082 3006 1126 non
3039 1084 3137 1127 ac-

517 1158 730 1230 ciperet
770 1157 1069 1230 spiritum,
1123 1157 1267 1230 quia
1311 1155 1535 1214 vocales
1580 1171 1729 1229 quae
1772 1152 1818 1228 ἰ
1863 1154 2115 1214 litteram
2148 1156 2371 1215 natura
2407 1155 2773 1229 praecedunt
2813 1173 3137 1231 numquam

517 1262 793 1321 asperum
846 1246 1171 1306 admittunt.
1262 1244 1510 1305 Plenam
1560 1245 1815 1319 formam
1862 1260 1984 1303 esse
2026 1239 2066 1325 ᾖ
2115 1246 2290 1305 etiam
2343 1260 2414 1306 ea
2457 1244 2817 1306 correlativis
2869 1249 3134 1320 apparet,

516 1352 667 1409 quae
709 1336 1104 1396 abundantem
1144 1333 1313 1395 illam
1356 1332 1429 1408 ’χῖ
1473 1334 1763 1410 syllabam
1796 1337 2095 1408 respuunt.
2168 1329 2636 1394 Adscribendam
2672 1352 2793 1395 esse
2827 1331 2850 1396 ἰ
2884 1335 3137 1396 litteram

518 1428 571 1485 et
613 1426 896 1485 librorum
940 1426 1279 1485 auctoritate
1323 1424 1705 1497 confirmatur
1751 1426 1802 1483 et
1846 1423 2002 1497 quod
2046 1423 2193 1483 talia
2227 1440 2361 1483 voce
2396 1441 2529 1484 mm
2562 1424 2779 1485 dativis
2824 1440 3135 1500 conqruere

516 1514 712 1574 solent.
794 1514 1058 1575 Doricae
1100 1515 1327 1587 formae
1370 1511 1497 1574 πεῖ
1542 1516 1596 1573 et
1638 1506 1704 1574 εἶ
1748 1512 2036 1588 analoyae
2077 1516 2217 1573 sumt
2247 1515 2451 1587 potius
2495 1512 2642 1574 ποῦ
2689 1517 2743 1574 et
2786 1507 2982 1575 ὅπου
3028 1516 3134 1574 ad-

517 1604 727 1664 verbus
776 1603 1345 1679 209,19—210‚5.
1420 1600 1509 1662 cf.
1549 1601 1679 1662 adv.
1724 1603 1871 1676 162,
1893 1603 1992 1661 28.
2039 1601 2178 1662 Her.
2208 1620 2254 1663 s.
2283 1622 2372 1679 v.;
2417 1601 2512 1662 Et.
2548 1602 2629 1664 M.
2670 1604 2907 1679 417‚2;
2953 1604 3131 1664 schol.

695 1784 842 1857 209,
865 1784 950 1843 20
994 1783 1088 1863 τῷ
1131 1777 1281 1860 (ναί
1326 1776 1470 1861 καὶ)
1505 1780 1718 1841 Matth.
1747 1781 1778 1839 I
1810 1783 1922 1856 713
1968 1780 2044 1840 ad
2089 1800 2257 1858 pron.
2289 1782 2348 1857 7,
2368 1783 2470 1841 28.
2543 1781 2686 1841 Ahr.
2717 1781 2879 1842 dian.
2908 1782 2972 1842 Π
3002 1784 3129 1843 372

514 1866 702 1932 ‘Idem
758 1863 931 1955 (Ap.)
983 1868 1090 1952 ᾗχι
1144 1871 1315 1931 docet
1367 1867 1485 1945 τὴν
1541 1865 1633 1932 εἰ(
1685 1866 1894 1932 τόπον
1950 1864 2154 1944 (χέειν
2210 1871 2570 1950 sig-nificar03
2630 1891 2748 1949 quo
2802 1874 2959 1949 iure,
3012 1893 3130 1934 non

512 1961 915 2040 intellegimus
930 2007 946 2038 ,
1011 1981 1145 2023 cum
1205 1959 1364 2037 apud
1422 1960 1749 2021 Homerum
1808 1960 1863 2020 ei
1923 1960 2170 2020 voculae
2228 1959 2602 2038 apertissime
2660 1961 2778 2021 loci
2838 1955 2925 2021 ‘in
2985 1957 3129 2040 quo’

513 2050 868 2130 significatio
923 2050 1071 2112 insit
1107 2097 1119 2108 .
1161 2097 1172 2109 .
1214 2096 1226 2109 .
1317 2050 1529 2126 Itaque
1575 2069 1644 2110 eo
1689 2050 2046 2110 inclinamus
2101 2052 2172 2109 ut
2214 2049 2602 2126 Apollonium
2655 2070 2775 2111 non
2820 2053 2977 2112 recte
3022 2048 3129 2133 ᾗχι

511 2160 617 2217 per
669 2159 1013 2219 paragogen
1068 2139 1143 2200 ab
1188 2136 1227 2221 ᾗ
1276 2140 1487 2200 ducere
1530 2139 1886 2216 iudicemus,
1941 2141 2161 2199 rectius
2204 2138 2618 2200 Aristarchum
2663 2144 2725 2200 et
2770 2140 3128 2218 Dionysium

511 2230 637 2289 iota
691 2230 1023 2306 aspernari,
1080 2232 1186 2307 qui
1238 2229 1398 2289 haud
1453 2228 1631 2289 dubie
1684 2231 2046 2306 potestatem
2100 2228 2420 2289 locativam
2474 2232 2538 2289 in
2591 2229 3010 2291 terminatione
3056 2230 3127 2305 ᾖ

509 2320 701 2379 inesse
745 2314 1076 2395 putarunt'.

691 2411 839 2484 209,
860 2411 943 2467 24
991 2404 1231 2485 ὁμοίως
1275 2410 1368 2489 τῷ
1415 2402 1511 2480 οὔ,
1559 2407 1717 2486 quod
1762 2401 1848 2468 A²
1890 2407 2155 2485 praebet,
2198 2408 2465 2486 praefert
2509 2408 2720 2469 Matth.
2761 2408 2792 2467 I
2839 2411 2939 2469 86.

692 2501 838 2574 209,
860 2500 942 2558 28
990 2500 1067 2577 τῇ
1113 2499 1305 2577 φωνῇ
1351 2498 1565 2558 Matth.
1603 2497 1634 2556 I
1681 2499 1782 2557 86.
2736 2537 2749 2547 -

691 2588 1243 2664 209‚29—230,5
1292 2588 1364 2646 cf.
1404 2587 1534 2647 adv.
1577 2589 1724 2662 132,
1746 2588 1845 2647 26.
1897 2589 1997 2648 29.
2049 2590 2510 2665 207,16-18;
2564 2586 2736 2668 Greg.
2786 2586 2916 2649 Gor.
2966 2591 3125 2665 3513

507 2676 649 2737 Ahr.
687 2678 850 2738 dian.
888 2678 952 2737 11
996 2679 1146 2754 361,
1167 2680 1221 2737 1.
1271 2678 1420 2753 368,
1441 2679 1498 2738 7.

1415 2973 1534 3044 111.
1596 2974 1687 3041 De
1733 2975 2211 3043 coniunctione.

682 3126 752 3184 A.
808 3125 899 3185 De
944 3124 1358 3185 coniunctione
1401 3125 1678 3186 universe
1722 3124 2066 3202 disputatur
2109 3146 2167 3203 p.
2210 3127 2357 3202 213,
2380 3127 2782 3204 1—215,13.

685 3217 739 3274 1.
796 3215 1099 3275 Praefatio
1143 3235 1201 3292 p.
1244 3216 1694 3292 213‚1—214,
1716 3217 1818 3274 26.

682 3305 845 3380 Quae
902 3308 1077 3364 antea
1134 3322 1175 3364 a
1229 3305 1620 3379 compluribus
1673 3305 2074 3380 yrammaticis
2132 3305 2205 3365 cle
2263 3305 2759 3366 coniunctionibus
2820 3308 3123 3383 disputata

502 3397 655 3462 sunt,
701 3411 820 3453 non
863 3395 1186 3468 sufficiunt,
1237 3396 1380 3469 quia
1424 3395 1533 3455 alii
1574 3396 1817 3454 nomina
1861 3397 2090 3454 tantwm
2135 3411 2338 3454 earum
2384 3398 2435 3454 et
2478 3412 2628 3470 quae
2670 3397 2823 3455 inter
2865 3415 2928 3456 se
2973 3415 3120 3457 com-

501 3486 722 3543 mutari
763 3485 996 3558 possint
1041 3488 1487 3555 enumerarunt‚·
1546 3485 1654 3544 alii
1698 3500 1847 3558 quae
1890 3487 2343 3559 praeponantur
2389 3488 2440 3543 et
2471 3489 2907 3560 postponantur
2951 3505 3118 3562 expo-

502 3577 760 3640 suerunt,
806 3574 980 3633 rebus
1022 3576 1276 3633 maxime
1318 3576 1662 3634 necessariis
1696 3575 1945 3643 omissis,
1991 3575 2119 3633 dico
2161 3576 2420 3634 notiones
2458 3591 2661 3634 earum
2703 3580 2756 3634 et
2795 3575 3022 3649 formas
3068 3580 3121 3636 et

502 3663 643 3731 alia,
691 3664 763 3722 cle
805 3663 1016 3736 quibus
1055 3663 1450 3737 disputabitur
1457 3684 1481 3736 ;
1523 3667 1662 3723 sunt
1695 3665 1798 3739 qui
1830 3664 2166 3724 nominibus
2200 3664 2297 3724 usi
2332 3665 2470 3724 aliis
2505 3666 2676 3739 atque
2711 3682 2861 3738 quae
2894 3667 2961 3725 in
2995 3683 3118 3726 rem

495 3754 944 3826 yrammaticam
987 3753 1311 3825 quadrant,
1355 3751 1678 3813 Stoicomm
1722 3754 2022 3827 quiniones
2064 3754 2352 3825 inferant,
2399 3770 2547 3828 quas
2591 3756 2902 3814 memoriae
2934 3757 3119 3829 prodi

498 3859 618 3901 non
663 3842 979 3901 admodum
1021 3842 1162 3901 utile
1207 3845 1290 3901 est
1334 3843 1387 3901 ei
1432 3842 1836 3917 tecltnoloyiae‚
1892 3859 2043 3917 quae
2087 3843 2169 3902 acl
2206 3845 2653 3918 grammaticam
2686 3845 2953 3917 pertinet.
3040 3845 3119 3905 Ut

501 3931 821 4004 exemplum
877 3932 1128 4004 afferam
1136 3951 1157 3990 .·
1217 3931 1550 4006 nucltifaria
1605 3949 1790 4006 neque
1847 3948 1918 3991 ea
1971 3948 2120 4005 quae
2177 3934 2308 4007 quis
2363 3932 2540 4006 facile
2596 3934 2977 4007 amplectatur
3033 3939 3117 3995 est

498 4020 818 4080 observatio
876 4037 1175 4091 sonorum,
1240 4038 1359 4095 qua
1416 4021 1626 4095 quibus
1685 4021 1905 4095 leyibus
1963 4022 2151 4080 onmis
2205 4023 2402 4095 forma
2458 4022 2763 4082 dialectica
2818 4024 2982 4097 facta
3038 4026 3116 4083 sit

499 4112 837 4183 exponimus
888 4112 1185 4185 omnisque
1237 4110 1364 4169 alia
1415 4111 1707 4182 formatio,
1766 4127 1917 4183 quae
1968 4113 2351 4170 monumentis
2399 4109 2760 4171 Graecorum
2812 4113 3114 4173 litterariis

497 4200 781 4258 traditur:
838 4216 1017 4272 quam
1069 4217 1143 4259 ne
1195 4200 1374 4259 obiter
1416 4200 1649 4273 quidem
1701 4202 1950 4273 tanyunt
1990 4200 2313 4259 Stoicorum
2365 4201 2437 4259 dc
2479 4218 2684 4260 vocum
2725 4203 2888 4262 sonis
2933 4220 3112 4276 prae·

496 4291 674 4362 cepta.
773 4288 944 4347 Idem
1005 4289 1076 4347 de
1135 4289 1229 4348 his
1289 4291 1356 4348 in
1417 4289 1628 4363 quibus
1688 4305 1995 4349 versamur
2058 4290 2351 4348 vocabulis
2412 4291 2530 4349 dici
2581 4293 2786 4364 potest.
2883 4292 3111 4352 Distin-

491 4378 792 4452 quendum
834 4379 943 4436 erit
983 4378 1136 4437 inter
1177 4395 1371 4437 vocem
1416 4381 1469 4437 et
1508 4380 1821 4447 notionem,
1882 4382 2166 4452 quatenus
2209 4378 2493 4439 vocabula
2536 4396 2687 4453 quae
2728 4380 2937 4454 formis
2982 4399 3112 4440 con-

495 4469 736 4526 veniunt
786 4468 1015 4528 notione
1067 4468 1496 4536 discernuntur,
1551 4470 1795 4542 itemque
1836 4469 1990 4528 inter
2041 4468 2333 4542 sinmlicia
2378 4471 2430 4528 et
2474 4471 2810 4543 composita,
2867 4473 2920 4529 et
2962 4488 3113 4544 quae

494 4574 849 4631 quamquam
890 4558 1135 4631 speciem
1178 4558 1642 4617 coniunctiormm
1673 4574 1831 4632 prae
1872 4575 1944 4616 se
1994 4557 2195 4630 ferunt
2246 4561 2440 4618 tamen
2490 4575 2612 4617 non
2663 4562 2801 4618 sunt
2844 4561 3111 4620 coniunc-

495 4647 699 4715 tiones,
761 4650 814 4706 et
865 4663 1014 4720 quae
1065 4646 1428 4706 inclinantur
1481 4664 1739 4721 quaeque
1781 4663 1901 4706 non
1944 4647 2322 4706 inclinantur.
2417 4647 2548 4723 Qua
2590 4649 2657 4706 in
2707 4666 2773 4707 re
2814 4650 2949 4722 sieri
2992 4667 3112 4710 non

483 4737 678 4808 potuit
720 4738 864 4809 quin
906 4736 988 4797 ad
1032 4739 1372 4797 accuratam
1416 4736 1773 4797 collationem
1816 4753 1967 4810 quae
2018 4736 2244 4796 scholae
2276 4738 2533 4812 propria
2577 4740 2660 4796 est
2700 4753 2809 4797 nos
2851 4740 3109 4814 accinqe-

492 4840 704 4893 remus‚
766 4825 1027 4900 eliqentes
1071 4843 1222 4900 quae
1265 4829 1648 4886 antecessores
1691 4825 1863 4886 utilia
1898 4825 2283 4900 protulerunt.
2377 4826 2745 4902 Quamquam
2787 4826 3110 4887 Stoicorum

495 4913 819 4975 doctrinam
870 4932 1241 4990 nequaquam
1292 4917 1676 4993 neqleqemus,
1737 4919 1930 4976 tamen
1981 4918 2177 4976 nostro
2222 4916 2424 4976 Marte
2474 4934 2599 4977 rem
2642 4917 2830 4977 denuo
2877 4935 2946 4977 ea
2972 4935 3109 4992 qua
