3738 5530
1527 432 1627 481 DE
1664 429 2131 480 OAVSALIBVS.
3000 428 3121 491 241

536 641 750 714 δεςμοι
784 635 1317 712 ἰςοδυναμοῦντες
1348 631 1748 710 παράλληλοι
1777 632 2081 708 τίθενται,
2115 631 2214 696 καὶ
2246 630 2325 695 οὐ
2355 632 2541 711 μόνοι
2572 631 2926 710 ςύνδεςμοι,
2961 632 3129 696 ἀλλὰ

435 753 486 794 2⁵
537 739 640 802 καὶ
669 737 834 802 ἄλλα
863 737 1019 817 μέρη
1054 734 1272 811 λόγου.
1320 734 1439 798 οὐκ
1467 733 1678 797 ἐκεῖνο
1711 735 1929 813 μέντοι
1959 733 2471 814 παραδεξόμεθα,
2503 734 2609 815 ἐφ’
2640 731 2720 798 οὗ
2752 754 2901 815 φηςι
2927 731 3020 818 (p.
3042 733 3123 796 41

537 837 801 920 Velsen)
856 839 972 904 τὸν
1030 838 1162 915 μὲν
1208 837 1354 915 γάρ
1399 836 1515 901 ἕνα
1559 834 1723 902 εἶναι
1770 836 2150 919 ςύνδεςμον,
2208 834 2717 917 ἰςοδυναμοῦντα
2759 840 2852 920 τῷ
2898 836 2999 919 δέ,
3057 836 3126 901 ἐν

539 940 955 1018 ὑποδείγματι
1007 938 1318 1020 τοιούτῳ·
1375 926 1522 1013 ἐγὼ
1580 939 1712 1016 μὲν
1768 939 1888 1002 καὶ
1938 938 2365 1003 Διονύςιος
2423 938 2985 1017 ἐδειπνοῦμεν,
3045 938 3127 1002 ςὺ

540 1045 675 1124 μὲν
730 1043 878 1121 γὰρ
926 1040 1017 1105 οὐ
1063 1040 1540 1118 παρεγένου.
1618 1038 1809 1104 «οὔτε
1853 1039 2052 1119 γάρ»,
2113 1060 2332 1120 φηςιν,
2381 1039 2457 1104 «6
2502 1040 2639 1118 μέν
2687 1039 2970 1106 δεόντως
3015 1039 3148 1122 <ἐν4

439 1161 490 1199 ³⁰
542 1143 919 1225 tremonem),
969 1141 1115 1206 οὔτε
1148 1142 1186 1206 6
1230 1140 1376 1220 γάρ
1422 1141 1534 1204 ἐπ’
1579 1139 1781 1204 αἰτίας
1810 1142 1985 1205 τινὸς
2029 1141 2605 1223 παραλαμβάνεται.
2665 1140 2755 1205 εἷς
2799 1140 2920 1206 οὖν
2966 1141 3129 1206 ἐςτιν

544 1246 684 1312 ἀντὶ
725 1248 843 1309 τοῦ
890 1244 998 1321 δέ,
1056 1245 1158 1308 καὶ
1203 1242 1240 1307 6
1284 1243 1487 1307 τύπος
1530 1246 1644 1319 τῆς
1699 1246 1926 1323 φωνῆς
1970 1244 2073 1306 καὶ
2128 1242 2218 1308 ἔτι
2265 1243 2302 1308 6
2358 1245 2550 1310 τόνος
2605 1242 2794 1308 αἴτιοί
2848 1244 2957 1308 εἰςι
3013 1248 3130 1309 τοῦ

543 1350 624 1427 μὴ
670 1350 886 1412 δοκεῖν
916 1346 1032 1410 τὸν
1077 1346 1215 1426 μέν
1246 1345 1348 1409 καὶ
1385 1344 1531 1423 γάρ
1563 1344 1679 1409 ἕνα
1711 1342 1893 1421 εἶναι,
1942 1343 2031 1409 ὡς
2063 1344 2164 1408 ἐπὶ
2194 1349 2312 1410 τοῦ
2341 1344 2588 1425 αὐτάρ
2630 1345 2701 1412 ἓν
2732 1344 3130 1427 ὑπολάβοιτό

407 1469 504 1515 508
539 1471 631 1515 τις
700 1450 816 1514 τὸν
885 1446 977 1512 αὖ
1046 1448 1145 1511 καὶ
1198 1448 1315 1511 τὸν
1367 1445 1510 1524 τάρ
1564 1444 1812 1528 εἶ<ναι>
1867 1447 1975 1511 διὰ
2029 1447 2146 1511 τὸν
2203 1447 2430 1525 τόνον,
2501 1447 2661 1512 καθὸ
2717 1447 2753 1511 6
2807 1448 2933 1528 γάρ
2984 1447 3129 1513 ἀςυ-

542 1552 869 1627 νέγκλιτος
915 1550 1007 1614 ὢν
1067 1548 1288 1624 ἐπάγει
1345 1547 1467 1628 ἐφ’
1521 1548 1721 1613 αὑτὸν
1771 1549 1888 1626 τὴν
1935 1546 2181 1630 ὀξεῖαν,
2236 1549 2426 1613 Ζεὺς
2479 1549 2639 1627 γάρ.
2711 1553 3012 1615 τοιοῦτον
3059 1551 3130 1614 δὲ

545 1654 645 1718 καὶ
687 1653 762 1716 τὸ
810 1654 948 1733 μὲν
991 1650 1209 1731 γάρ.»
1269 1649 1308 1728 ἡ
1354 1652 1470 1728 μὲν
1513 1651 1636 1728 γὰρ
1681 1651 1873 1729 φωνὴ
1918 1650 2356 1728 παρειςδύεται
2396 1649 2659 1732 ἄλογος,
2705 1649 2835 1727 εἴγε
2866 1653 2944 1716 τὰ
2975 1651 3063 1715 εἰς
3092 1656 3129 1730 ρ
3242 1676 3250 1684 ·

442 1783 466 1822 5
547 1756 826 1834 λήγοντα
870 1754 1026 1833 μετὰ
1071 1752 1366 1833 βραχείας
1411 1751 1601 1832 μόρια
1645 1751 1967 1832 βαρύτονά
2013 1751 2166 1828 έςτι,
2226 1753 2327 1816 καὶ
2372 1753 2476 1816 διὰ
2518 1755 2714 1817 τοῦτο
2759 1757 2875 1818 τοῦ
2919 1755 3131 1834 πατήρ

541 1855 580 1933 ἡ
625 1857 878 1934 κλητικὴ
925 1855 1242 1936 ἐβαρύνθη
1288 1853 1358 1917 ἐν
1403 1858 1495 1936 τῷ
1541 1853 1743 1932 πάτερ
1772 1855 1874 1916 καὶ
1904 1856 2041 1917 τοῖς
2070 1854 2559 1933 παραπληςίοις·
2609 1855 2710 1919 καὶ
2741 1854 2857 1920 οὐκ
2888 1855 3131 1932 ἄλογος

544 1958 582 2035 ἡ
629 1957 989 2034 ἀνάγνωςις
1032 1954 1440 2034 Πτολεμαίου
1483 1960 1599 2019 τοῦ
1646 1953 2142 2032 ἀναλογητικοθ,
2189 1954 2260 2021 ἐν
2302 1962 2395 2038 τῷ

804 2058 1005 2135 αὐτὰρ
1052 2057 1188 2122 ἐπεὶ
1231 2057 1536 2135 κόςμηθεν
1585 2056 1652 2137 (Γ
1702 2056 1761 2138 1)

447 2191 493 2228 ιο
548 2162 943 2241 βαρύνοντος
987 2159 1061 2222 τὸ
1108 2159 1310 2224 τέλος.
1368 2159 1526 2223 καθὸ
1571 2159 1694 2236 γάρ
1733 2157 2030 2236 πρόθεςις
2073 2157 2111 2236 ἡ
2158 2157 2379 2238 ὑπέρ,
2428 2159 2637 2223 οὐκέτι
2667 2159 2930 2225 δύναται
2963 2160 3132 2226 ἀντι-

544 2265 808 2338 κεῖςθαι,
854 2259 1156 2342 ὧ<ν>πέρ
1203 2259 1328 2323 ἐςτι
1372 2260 1448 2324 τὸ
1492 2260 1680 2323 τέλος
1726 2258 1839 2325 ὀξὺ
1885 2257 2189 2324 πάντοτε.
2235 2296 2316 2307 --
2362 2261 2668 2340 δεύτερον
2701 2263 2803 2326 καὶ
2832 2261 2912 2325 οὐ
2958 2263 3134 2341 παρά

543 2385 662 2428 τινι
721 2361 1230 2441 παρειλημμένος
1286 2358 1448 2443 ἦ<ν>
1506 2360 1594 2425 εἰς
1660 2361 1733 2426 ἓν
1795 2360 1989 2440 μέρος
2056 2360 2281 2437 λόγου.
2341 2397 2417 2407 -
2484 2364 2702 2441 τρίτον
2762 2363 2852 2427 ὼς
2907 2364 3008 2427 καὶ
3064 2363 3133 2428 ἐκ

544 2461 963 2544 παραθέςεών
1007 2482 1204 2528 τινων
1251 2461 1613 2541 ςυνδέςμων
1657 2461 1848 2526 ἄλλαι
1891 2461 2186 2542 δυνάμεις
2222 2464 2610 2542 ςυνδεςμικαὶ
2640 2463 3131 2529 ἀποτελοῦνται.

449 2596 497 2636 15
549 2566 586 2631 6
630 2570 792 2642 γοῦν
838 2565 1004 2648 μέν,
1048 2564 1434 2645 προςλαβὼν
1478 2564 1594 2628 τὸν
1642 2564 1789 2646 τοί,
1833 2562 1973 2642 ἴςην
2019 2564 2286 2645 δύναμιν
2331 2563 2631 2630 ἀποτελεῖ
2670 2565 2864 2630 πάλιν
2910 2570 3002 2649 τῷ
3035 2566 3130 2630 δέ.

545 2668 711 2732 ἀλλὰ
740 2668 843 2731 καὶ
872 2667 910 2731 6
942 2665 1095 2749 καί,
1141 2664 1232 2729 ἔτι
1264 2666 1648 2746 προςλαβὼν
1679 2665 1794 2731 τὸν
1840 2664 1962 2729 τοί
2006 2666 2108 2730 καὶ
2139 2665 2228 2731 ἔτι
2260 2667 2374 2731 τὸν
2408 2666 2585 2748 μήν,
2629 2665 2832 2745 ἄλλην
2864 2667 3133 2747 δύναμιν

552 2770 1029 2847 ἐπαγγέλλεται.
1105 2768 1414 2833 πολλάκις
1457 2788 1526 2833 τε
1580 2767 1699 2832 δύο
1745 2769 1783 2846 ἢ
1830 2769 1933 2832 καὶ
1976 2765 2246 2833 πλείονα
2299 2770 2455 2848 μέρη
2501 2768 2704 2845 λόγου
2749 2769 2897 2835 ἑνὸς
2940 2769 3134 2846 ἐπαγ-

546 2873 837 2949 γέλλεται
884 2869 1204 2967 ςῃμαςίαν.
1276 2869 1353 2933 τὸ
1397 2873 1559 2946 γοῦν
1605 2868 1715 2934 εἰς
1760 2868 1987 2936 οἶκον
2031 2869 2105 2933 τὸ
2150 2869 2309 2935 αὐτὸ
2343 2876 2431 2954 τῷ
2480 2868 2710 2935 οἷκαδ
2730 2892 2792 2954 ε,
2839 2872 2940 2936 καὶ
2971 2870 3137 2935 ἄλλα

447 3005 498 3045 20
548 2973 801 3052 ἄπειρα.
876 2971 1070 3037 οὐδὲν
1118 2971 1238 3037 οὖν
1284 2970 1523 3036 κωλύοι
1570 2971 1669 3035 καὶ
1709 2972 1825 3035 τὸν
1874 2972 2004 3050 μὲν
2061 2970 2205 3049 γάρ
2260 2972 2526 3051 δύναμιν
2584 2972 2733 3037 ἑνὸς
2790 2973 3136 3051 ςυνδέςμου

549 3075 1063 3151 ἐπαγγέλλεςθαι.
1126 3073 1185 3137 τί
1213 3072 1357 3156 γάρ,
1402 3071 1457 3137 εἰ
1487 3074 1589 3137 καὶ
1620 3072 1793 3137 οὕτω
1828 3093 1923 3136 τις
1955 3072 2297 3155 ἐκδέξαιτο,
2342 3074 2457 3138 τὸν
2489 3072 3135 3153 γάρ’πλεονάζοντα,

549 3176 664 3241 τόν
710 3197 777 3241 τε
824 3176 965 3255 μέν
1010 3174 1127 3240 οὐκ
1171 3174 1498 3252 ἀςυνήθως
1543 3173 1682 3240 ἀντὶ
1726 3177 1843 3238 τοῦ
1889 3174 2033 3253 μήν
2077 3176 2532 3255 παρειλῆφθαι;
2595 3222 3136 3241 ......

853 3276 932 3341 οὐ
980 3278 1094 3356 μὲν
1141 3276 1262 3355 γάρ
1306 3275 1364 3340 τί
1410 3296 1474 3340 ce
1521 3277 1720 3343 πεζὸν
1768 3274 1979 3354 ὀίομαι
2025 3275 2096 3361 (α
2130 3274 2329 3359 173)-

856 3378 935 3441 οὐ
1025 3380 1138 3458 μὲν
1183 3379 1305 3455 γὰρ
1351 3376 1643 3457 φιλότητί
1686 3377 1753 3453 γ’
1798 3376 2148 3443 ἐκεύθανον
2197 3378 2265 3458 (Γ
2308 3374 2483 3462 453).

451 3509 502 3550 25
551 3482 825 3544 τοςαῦτα
868 3480 1015 3560 περὶ
1056 3481 1174 3543 τοῦ
1220 3479 1361 3557 γάρ.

559 3591 784 3599 -.-ι---
843 3594 958 3600 --Μ

686 3595 903 3684 Ακάνκ.
974 3636 1036 3684 10
1070 3629 1218 3682 Nam
1255 3632 1297 3694 1)
1334 3629 1652 3698 barytonon
1688 3645 1806 3683 esse
1845 3627 2161 3698 oportebat.
2203 3658 2263 3668 —
2304 3634 2365 3681 17
2401 3629 2447 3697 2)
2486 3628 2775 3697 Scriptura
2808 3629 2909 3683 illa
2940 3632 2999 3683 in
3035 3649 3140 3684 usu

552 3732 666 3769 non
703 3716 804 3769 est.
841 3745 904 3755 —-
946 3720 1007 3769 18
1041 3716 1087 3780 3)
1123 3714 1309 3767 Etiam
1347 3713 1507 3778 alios,
1556 3713 1651 3767 ubi
1696 3714 1864 3768 binae
1911 3713 2332 3767 coniunctiones
2368 3715 2755 3783 apponuntur,
2798 3731 2913 3768 una
2948 3715 3143 3769 evadit

555 3798 906 3869 significatio.
967 3797 1124 3852 Nihil
1160 3797 1336 3868 igitur
1370 3797 1611 3865 impedit
1647 3814 1714 3851 ex
1753 3796 2063 3852 coniunctis
2099 3799 2203 3865 μὲν
2237 3798 2344 3865 γάρ
2380 3799 2673 3867 particulis
2708 3815 2876 3853 unam
2904 3816 3140 3868 eamque

554 3899 760 3938 novam
795 3883 1080 3937 notionem
1115 3883 1428 3951 provenire.

695 4019 918 4075 Tnsnu.
983 4022 1043 4071 15
1079 4017 1259 4072 Schol.
1285 4016 1392 4070 AD
1430 4018 1502 4071 ad
1542 4019 1574 4072 Γ
1604 4025 1627 4070 1
1669 4014 1728 4071 οἰ
1759 4015 1867 4087 μὲν
1906 4007 2011 4072 οὖν
2048 4012 2330 4085 ὀξυτόνως
2367 4014 2790 4087 ἀνεγνώκασιν,
2830 4014 2905 4083 ὥς
2929 4023 3142 4075 Καλλί-

558 4122 771 4172 μαχος,
809 4099 867 4156 οἰ
902 4099 966 4156 δὲ
1006 4097 1330 4172 βαρυεόνως
1366 4098 1511 4175 λόγῳ
1548 4102 1726 4174 τῷδε·
1767 4103 1926 4157 πᾶσα
1964 4099 2115 4169 λέξις
2154 4103 2235 4165 εἰς
2267 4109 2342 4169 ἷρ
2371 4100 2623 4171 λήγουσα
2648 4099 2981 4174 βαρύνεται,
3018 4103 3142 4159 οἷον

558 4178 721 4257 ἄφαρ
760 4183 934 4254 εἶθαρ
971 4180 1161 4254 μα’καρ
1200 4181 1393 4253 δάμαρ
1442 4183 1610 4254 στέαρ
1647 4175 1858 4256 οὖθαρ.
1930 4184 2135 4256 ῥητέον
2180 4184 2247 4242 δὲ
2283 4179 2373 4240 ὅτι
2412 4182 2609 4250 οὐδεὶς
2656 4188 3071 4257 συμπλεκτικός
3106 4181 3142 4259 ἢ

557 4272 911 4341 περισπᾶται
947 4259 984 4339 ἢ
1022 4268 1364 4339 βαρύνεται,
1401 4268 1614 4333 πάντες
1653 4268 1717 4325 δὲ
1755 4265 2087 4337 ὀξύνονται.

694 4406 882 4464 Dnscn.
917 4423 1119 4465 sempr.
1200 4412 1366 4460 5—6.
1403 4407 1506 4475 (ἐν
1540 4406 1845 4476 προτάςει)
1880 4404 2237 4472 AdeVelsen,
2284 4407 2588 4477 <μονάῑει>
2632 4408 2668 4461 b
2704 4407 2763 4461 in
2798 4421 2916 4464 var.
2962 4410 3092 4469 leet.
3133 4412 3140 4481 Ι

560 4497 613 4547 9.
650 4490 878 4559 εἶ<ναι>
914 4490 1273 4557 AdeVelsen,
1323 4509 1368 4546 ει
1404 4508 1531 4545 oum
1565 4491 1769 4545 lacuna
1803 4491 2039 4545 duarum
2073 4491 2319 4545 triumve
2352 4491 2671 4547 litterarum
2719 4496 2789 4560 Α,
2837 4511 2864 4549 ε
2901 4539 2914 4552 .
2953 4535 2968 4549 .
3004 4534 3018 4549 .
3057 4496 3092 4549 b
3135 4497 3143 4565 Ι

560 4578 647 4630 διὰ
681 4578 787 4630 τὸν
821 4578 1000 4630 τόνον
1037 4574 1392 4642 AdeVelsen‚
1429 4578 1491 4629 δὲ
1526 4578 1629 4629 τὸν
1665 4577 1838 4629 τόνον
1876 4575 1966 4628 Ab
2003 4576 2222 4644 19-10,
2261 4577 2587 4642 ἀνέγκλιτος
2625 4576 2850 4648 GUhlig
2880 4582 2889 4647 Ι
2924 4586 3001 4638 10.
3039 4581 3148 4645 ἐφ’

564 4661 737 4714 αὑτὸν
773 4659 1132 4725 AdeVelsen‚
1182 4676 1253 4714 επ
1291 4677 1488 4725 αυτον,
1537 4659 1693 4712 nullo
1726 4658 1963 4713 lacunae
1998 4659 2225 4726 indici0‚
2264 4662 2334 4727 Α,
2382 4662 2482 4715 ἐπ’
2516 4678 2657 4716 αυτο
2694 4701 2708 4716 .
2745 4705 2758 4717 .
2794 4662 2831 4717 b
2864 4665 2872 4731 Ι
2917 4670 2998 4719 13.
3037 4668 3147 4719 κλι-

564 4759 688 4811 τικη
727 4746 769 4799 Α
834 4748 844 4812 Ι
911 4750 991 4800 17.
1029 4744 1224 4811 ὧνπερ
1261 4743 1620 4807 AdeVelsen,
1661 4760 1820 4812 ωπερ
1858 4744 1952 4799 Αἱ)
2011 4745 2027 4812 i
2095 4749 2172 4799 18.
2208 4747 2654 4813 παρειλημμένος
2689 4747 2763 4813 ἦν
2798 4747 3147 4815 AdeVelsen‚

568 4829 1020 4896 παρειλημμένον
1057 4830 1090 4892 ἡ
1132 4827 1225 4882 Ab
1256 4830 1265 4895 Ι
1296 4834 1376 4882 24.
1417 4831 1622 4883 κωλυοι
1661 4830 1735 4895 Α,
1772 4828 1976 4883 κωλύει
2011 4829 2048 4882 b
2079 4831 2089 4897 Ι
2120 4835 2201 4882 27.
2237 4830 2306 4883 οὐ
2344 4830 2473 4900 μὲν]
2512 4830 2607 4884 fol.
2651 4838 2748 4887 10⁷
2773 4850 2842 4900 r.,
2880 4833 2979 4887 sed
3015 4834 3147 4887 ante

569 4927 635 4964 ου
672 4928 774 4977 μεν
808 4911 1011 4967 lacuna
1046 4910 1244 4964 decem
1278 4912 1394 4967 fere
1417 4912 1766 4980 litterarum,
1804 4914 1961 4967 cuius
1996 4913 2341 4968 mentionem
2377 4931 2489 4968 non
2526 4915 2664 4970 fecit
2696 4916 2733 4971 b

667 5005 942 5057 Apollonius
969 5006 1210 5056 Dyscolus.
1250 5008 1287 5047 1.
1583 5022 1592 5030 ’
2683 5010 2743 5057 16

3170 1567 3234 1615 10

3171 2073 3233 2122 15

3170 2583 3236 2631 20

3173 3090 3238 3139 25
