3738 5530
912 379 1107 442 QVAE
1142 378 1379 430 FALSO
1415 377 1968 431 PRONOMDIIBVS
2006 379 2625 433 ADNVMERENTVR.
2881 398 2886 403 ·
2979 379 3059 442 27

476 584 610 647 «διὰ
650 586 848 647 τοῦτο
901 583 977 647 τὸ
1021 587 1147 665 τις,
1206 581 1557 658 ἐγκλιτικὸν
1603 582 1718 666 ὄν,
1775 582 2174 667 ἀντωνυμία,
2231 583 2421 662 ἦλθέ
2464 604 2577 650 τις
2621 585 2768 652 ἄνθ
2784 609 3060 666 ρωπος.

478 719 543 730 -
596 684 676 747 τά
718 704 787 748 τε
818 684 908 748 εἰς
939 688 987 746 ἴ
1020 686 1302 762 λήγοντα
1331 682 1651 768 ὀνόματα,
1701 686 2149 765 μονοςύλλαβα
2195 684 2385 758 ὄντα,
2432 687 2798 766 ἐκτείνεται,
2848 691 3061 768 Κρής,

471 786 638 868 θής,
695 788 920 864 παῖς,
978 784 1129 868 θίς,
1186 784 1328 867 εἷς,
1383 789 1464 851 τὰ
1507 788 1579 850 δὲ
1622 791 1755 851 τῶν
1802 788 2224 867 ἀντωνυμιῶν
2272 789 2700 873 ςυςτέλλεται,
2748 791 2908 872 ςός,
2956 792 3059 868 ὅς,

394 902 437 954 Β
476 888 683 966 ςφός.
742 922 823 934 -
883 886 946 950 αἱ
1001 887 1089 952 εἰς
1142 891 1227 950 Vfi
1285 888 1592 965 λήγουςαι
1645 888 1972 952 αἰτιατικαὶ
2015 888 2104 953 εἰς
2145 894 2194 953 V
2241 891 2500 969 λήγουςι
2561 892 2720 957 κατὰ
2773 895 2889 957 τὸν
2943 897 3060 957 τοῦ

476 978 824 1067 οὐδετέρου
868 990 1496 1069 παραςχηματιςμόν,
1556 990 1862 1069 μέλανα
1917 992 2193 1067 μέλαν,
2251 992 2552 1057 τάλανα
2595 994 2872 1070 τάλαν,
2935 996 3062 1058 τέ·-
3100 1012 3132 1058 5

475 1111 666 1168 ρενα
707 1092 974 1170 τέρεν,
1021 1091 1161 1155 ἕνα
1205 1091 1307 1156 ἕν.
1407 1095 1548 1155 πῶς
1595 1091 1715 1157 οὖν
1759 1090 1894 1156 ἀπὸ
1936 1097 2053 1156 τοῦ
2097 1093 2240 1157 τινὰ
2285 1092 2432 1172 οὐχὶ
2473 1095 2599 1172 τίν,
2646 1094 2812 1161 ἀλλὰ
2855 1095 2941 1170 τί;
2986 1096 3062 1160 τὸ

475 1194 531 1256 δ’
574 1191 1020 1257 ἀνακόλουθον
1066 1193 1136 1256 ἐν
1183 1193 1642 1273 ἀντωνυμίαις·
1697 1198 1999 1259 τοιοῦτον
2056 1195 2176 1259 οὐν
2221 1196 2322 1258 καὶ
2372 1197 2448 1260 τὸ
2493 1196 2935 1276 προκείμενον.
2981 1234 3062 1244 -

474 1296 575 1358 καὶ
638 1294 707 1357 ἐκ
760 1297 880 1357 τοῦ
937 1294 1114 1372 παρὰ
1169 1295 1486 1372 Δωριεῦςι
1552 1298 1634 1374 μὴ
1701 1298 2142 1374 περιςπιῖςθαι,
2205 1298 2363 1362 καθὸ
2395 1284 2398 1289 ’
2428 1303 2705 1375 παιδῶν,
2773 1303 3061 1381 πάντῶν,

473 1395 733 1473 Τρωῶν.
792 1432 868 1442 -
929 1396 1151 1461 οὐςίαν
1206 1396 1610 1474 ςημαίνουςιν
1664 1398 1727 1462 αἱ
1785 1397 2206 1477 ἀντωνυμίαι,
2263 1400 2342 1463 τὰ
2395 1400 2466 1463 δὲ
2511 1398 2798 1477 ὀνόματα
2842 1400 3063 1465 οὐςίαν

472 1497 626 1574 μετὰ
680 1497 1052 1574 ποιότητος·
1119 1499 1193 1562 τὸ
1264 1499 1385 1563 οὐν
1443 1498 1561 1573 τίς,
1633 1499 1845 1564 οὐςίας
1903 1500 1982 1564 ὂν
2040 1499 2244 1578 μόνον
2301 1502 2800 1584 παραςτατικόν,
2856 1500 3061 1565 ἀντω-
3101 1515 3165 1563 10

392 1612 433 1668 G
471 1598 678 1676 νυμία.
751 1634 826 1645 --
894 1599 987 1664 ἔτι
1041 1599 1538 1665 ἀνταποδίδοται
1592 1607 1685 1684 τῷ
1743 1606 1872 1665 ποῦ
1932 1602 2009 1666 τὸ
2067 1601 2223 1677 ἐκεῖ,
2292 1602 2393 1665 καὶ
2446 1602 2687 1678 γίνεται
2740 1604 2814 1668 ἓν
2870 1604 3062 1682 μέρος

469 1701 701 1782 λόγου,
747 1706 839 1783 τῷ
885 1700 1039 1780 <τε>
1084 1702 1242 1765 πότε
1283 1703 1359 1766 τὸ
1405 1701 1544 1766 ὅτε·
1589 1704 1692 1766 καὶ
1731 1710 1822 1784 τῷ
1866 1704 1957 1768 τίς
2003 1702 2124 1767 οὐν
2168 1702 2245 1766 τὸ
2289 1703 2449 1777 ἐγώ·
2496 1704 2733 1769 ταύτὸν
2777 1704 2948 1784 ἄρα.»

639 1802 796 1876 Ἐγὼ
843 1800 900 1865 δ’
945 1801 1123 1881 οἶμαι
1167 1808 1374 1869 πᾶςαν
1421 1805 1589 1869 λέξιν
1635 1807 1880 1882 μᾶλλον
1926 1803 2332 1882 ἀντωνυμίαν
2377 1809 2853 1884 παραδεχθῆναι
2898 1806 3060 1884 ἤπερ

466 1905 542 1966 τὸ
586 1904 678 1967 τίς
724 1904 827 1966 καὶ
870 1904 950 1967 τὰ
994 1908 1105 1982 τῆς
1136 1906 1436 1982 τοιαύτης
1468 1904 1761 1983 ςημαςίας
1793 1904 2117 1987 ὀνόματα,
2164 1906 2332 1980 λέγω
2364 1908 2435 1970 δὲ
2465 1907 2540 1971 τὸ
2573 1910 2793 1981 ποῖος,
2838 1906 3060 1970 πόςος.

465 2004 541 2068 τὸ
586 2005 708 2082 γὰρ
754 2004 1228 2070 ἐναντιώτατον
1272 2010 1411 2070 ταῖς
1453 2004 1912 2088 ἀντωνυμίαις,
1957 2007 2219 2085 ἀόριςτά
2250 2007 2443 2083 ἐςτιν,
2492 2008 2688 2086 αὐτῆς
2730 2006 3062 2085 ὁριζούςης
3102 2023 3164 2071 15

298 2123 428 2173 34Α
466 2106 795 2184 πρόςωπα.
888 2105 1011 2170 εἴτε
1055 2108 1180 2185 γὰρ
1222 2112 1651 2187 πυςματικῶς,
1700 2107 1826 2173 εἴτε
1868 2108 2328 2187 ἀποφαντικῶς
2382 2109 2801 2192 λαμβάνοιτο,
2847 2108 3064 2189 ςαφὲς’

465 2207 565 2270 ὅτι
620 2207 901 2285 ἀόριςτά.
989 2207 1028 2270 ὁ
1085 2208 1208 2286 γὰρ
1265 2210 1782 2292 πυνθανόμενος,
1841 2210 1914 2274 ἐν
1973 2211 2027 2294 ᾧ
2085 2210 2507 2292 πυνθάνεται,
2565 2211 2824 2294 ἀγνοεῖ,
2886 2214 2962 2277 τὸ
3026 2217 3063 2276 δ

465 2308 917 2388 ἀγνοούμενον
976 2309 1096 2388 οὐχ
1150 2309 1433 2386 ὁριςτόψ
1502 2309 1540 2374 ὁ
1606 2312 1677 2375 δὲ
1735 2312 1946 2386 λέγων
2004 2312 2463 2392 ἀποφαντικῶς
2529 2311 2714 2390 ἦλθέ
2769 2334 2885 2377 τις
2943 2313 3063 2378 οὐκ

465 2410 570 2473 ἐπί
614 2430 757 2474 τινα
797 2411 1277 2490 γνωριζόμενον
1324 2410 1741 2490 ἀπερείδεται.
1813 2420 1956 2477 πῶς
2000 2411 2120 2477 οὖν
2165 2412 2246 2476 οὐ
2276 2413 2683 2490 παρέλκουςα
2711 2414 2750 2491 ἡ
2781 2415 3060 2495 Ζήτηςις;

639 2512 861 2575 «Ἀλλὰ
907 2512 983 2576 τὸ
1028 2511 1153 2588 τίς,
1199 2512 1648 2592 ἀποφαντικὸν
1694 2514 1803 2597 ὄν,
1848 2514 2248 2590 ἑγκλίνεται.»
2323 2514 2492 2577 Ἀλλ’
2538 2514 2804 2593 οὐδεμία
2851 2514 3055 2579 ἀντω-
3092 2527 3159 2575 20

468 2614 688 2696 νυμία,
752 2613 1000 2678 εὐθείας
1057 2610 1242 2689 οὐςα,
1301 2614 1680 2691 ἐγκλίνεται,
1738 2617 1814 2680 τὸ
1873 2617 1944 2679 δὲ
2001 2616 2093 2679 τίς
2150 2614 2427 2680 εὐθείας·
2482 2618 2623 2681 πῶς
2682 2616 2801 2681 οὐν
2859 2618 3061 2682 ἀντω-

466 2717 686 2794 νυμία;
741 2714 958 2780 ἄλλως
1016 2735 1083 2779 τε
1139 2713 1258 2780 οὐκ
1313 2713 1481 2783 ἴδιον
1543 2716 1945 2795 ἀντωνυμίας
1999 2716 2294 2793 ἔγκλιςις,
2363 2716 2532 2782 ἀλλὰ
2583 2719 2685 2783 καὶ
2743 2717 3062 2799 ῥημάτων,

386 2830 433 2884 Β
471 2818 561 2883 ὡς
604 2818 681 2882 τὸ
726 2818 922 2894 ἐςτίν,
970 2816 1156 2898 είςίν,
1204 2818 1305 2882 καὶ
1350 2820 1747 2901 ςυνδέςμων,
1793 2818 1831 2883 ὁ
1876 2821 2026 2897 πέρ,
2073 2818 2111 2882 ὁ
2156 2819 2253 2895 τέ,
2300 2821 2402 2884 καὶ
2445 2820 2924 2899 ἐπιρρημάτων,
2974 2821 3063 2887 ὼς

467 2921 543 2982 τὸ
592 2920 784 3000 ποτέ,
844 2922 1001 2984 πῶς.
1093 2919 1211 2983 οὐκ
1255 2919 1396 2984 ἐπεὶ
1440 2918 1560 2983 οὖν
1605 2920 1959 2994 ἐγκλίνεται
2013 2920 2090 2984 τὸ
2136 2919 2258 3000 τίς,
2318 2921 2702 3000 ἀντωνυμία.
2746 2958 2831 2967 -
2878 2924 3061 2988 «Πῶς

469 3019 591 3085 οὐν
637 3021 717 3085 οὐ
763 3021 1032 3085 τείνεται
1077 3023 1606 3101 μονοςυλλαβοῦν
1641 3023 1729 3086 ὡς
1776 3023 1854 3086 τὰ
1886 3022 2174 3101 ὀνόματα
2198 3047 2246 3094 ς»
2292 3022 2502 3086 Τοῦτο
2534 3026 2764 3102 φωνῆς
2795 3025 3056 3100 κατηγό-
3094 3037 3161 3084 25

472 3144 665 3200 ρημα,
712 3123 794 3186 οὐ
840 3127 956 3186 τοῦ
1001 3123 1366 3203 νοουμένου
1412 3122 1543 3186 ἀπὸ
1588 3126 1700 3201 τῆς
1730 3128 1975 3204 φωνῆς.
2050 3126 2089 3203 ἡ
2134 3124 2410 3202 αὐχένος
2454 3124 2827 3201 παράλογός
2873 3125 3058 3201 ἐςτιν,

472 3223 615 3287 ἀλλ’
666 3222 905 3303 ὄνομα·
963 3224 1039 3288 τὸ
1095 3225 1389 3303 πέποςχα
1431 3225 1810 3309 ἡμάρτηται,
1867 3225 2037 3289 ἀλλὰ
2093 3224 2277 3304 ῥῆμα.
2378 3224 2528 3289 ἴςως
2575 3227 2646 3289 δὲ
2690 3227 2790 3290 καὶ
2833 3224 2871 3302 ἡ
2917 3227 3059 3291 ςύν-

470 3346 670 3403 τομος
723 3328 836 3401 τῆς
894 3324 1176 3389 πεύςεως
1231 3323 1551 3403 ἀνάκριςις
1605 3327 1681 3389 τὸ
1736 3328 1980 3404 μακρὸν
2035 3330 2056 3391 i
2107 3321 2530 3409 παρῃτήςατο.
2596 3363 2671 3373 -
2744 3326 2841 3392 Εἰς
2905 3331 2926 3391 ἰ
2989 3329 3061 3391 δὲ

469 3428 649 3504 λήγει
707 3426 785 3490 τὸ
845 3425 1225 3510 οὐδέτερον,
1283 3426 1499 3490 καθότι
1551 3427 1631 3491 τὰ
1686 3428 2151 3506 ςυςτελλόμενα
2205 3431 2339 3491 τῶν
2398 3427 2719 3507 διχρόνων
2764 3427 3060 3512 ἀποβολῇ

398 3538 438 3593 C
473 3532 593 3591 τοῦ
640 3533 685 3591 ’ς’
732 3529 808 3592 τὸ
867 3526 1215 3606 οὐδέτερον
1273 3532 1555 3606 ποιοῦςι,
1609 3528 1859 3606 ταχύς
1915 3529 2139 3606 ταχύ,
2198 3528 2764 3609 ἥμιςυς“ἥμιςυ,
2823 3531 3061 3606 μέγας
3096 3544 3164 3591 30

468 3701 777 3708 ——h-ss-
802 3703 871 3708 -ffl

603 3815 817 3866 Anovu.
897 3821 954 3869 13
990 3816 1068 3868 At
1101 3814 1345 3882 primum
1380 3815 1536 3869 notio
1573 3814 1694 3869 eius
1730 3816 1945 3881 obstat,
1993 3832 2064 3869 ne
2108 3816 2168 3868 in
2203 3815 2629 3884 pronominibus
2664 3814 2958 3875 habeatur.
2994 3847 3058 3857 —

466 3904 534 3951 20
571 3896 786 3951 Deinde
822 3897 1274 3952 adversariorum
1310 3900 1648 3968 argumenta
1680 3902 1921 3968 possunt
1953 3898 2154 3954 refelli.

608 4168 792 4226 Dtscn.
833 4189 1027 4224 scum.
1101 4178 1147 4228 1.
1184 4173 1315 4239 post
1348 4173 1487 4237 ηλθε
1523 4187 1662 4226 eras.
1701 4189 1735 4223 ν
1768 4171 1827 4225 in
1864 4174 1907 4225 A
1939 4173 1951 4241 1
1988 4179 2037 4226 2.
2074 4189 2380 4227 εκτεινεται
2413 4173 2472 4226 in
2506 4189 2701 4227 rasura
2736 4174 2778 4225 A
2809 4173 2821 4239 Ι
2850 4179 2897 4229 4.
2933 4175 3062 4241 post

472 4256 705 4320 ληγουςι
742 4272 776 4307 ν
814 4259 953 4310 erae.
990 4254 1047 4308 in
1087 4257 1130 4311 A
1196 4255 1206 4324 Ι
1269 4260 1316 4309 8.
1354 4258 1506 4322 παρὰ
1540 4255 1605 4319 b,
1645 4274 1720 4322 μη
1757 4272 1912 4324 παρα
1948 4258 2017 4314 Α,
2067 4256 2372 4311 ‘Excidisse
2408 4255 2634 4310 videtur
2666 4259 2776 4323 τὴν
2810 4259 3058 4324 γενικήν.

469 4336 605 4389 Mox
649 4354 753 4406 pro
796 4340 1131 4408 typothetae
1177 4338 1332 4393 vitiis
1377 4355 1586 4408 repone
1634 4341 1883 4408 παίδων,
1941 4343 2207 4407 πάντων,
2263 4343 2523 4408 Τρώων)
2576 4340 2615 4394 b
2664 4341 2723 4393 in
2769 4358 2884 4395 var.
2929 4341 3056 4397 leot..

470 4420 736 4475 Ceterum
781 4422 841 4475 in
884 4425 926 4476 A
975 4425 1035 4478 et
1080 4423 1305 4478 videtur
1346 4423 1517 4479 fuisse
1561 4426 1780 4480 παιδῶν
1824 4426 2114 4490 (accentus
2149 4428 2315 4491 eras.)
2364 4427 2424 4479 etz
2457 4427 2554 4480 est*
2585 4425 2795 4492 τρωυῖν
2860 4430 2869 4490 Ι
2933 4427 3062 4494 ροείι

469 4507 727 4572 δωριευςι
761 4524 795 4559 ν
831 4523 968 4561 erae.
1003 4508 1062 4562 in
1089 4511 1131 4562 A
1197 4510 1206 4576 Ι
1270 4514 1320 4562 9.
1361 4509 1579 4578 οὐςίαν]
1615 4509 1711 4566 fol.
1751 4515 1849 4563 154
1873 4526 1927 4562 v.
1994 4512 2004 4574 Ι
2071 4516 2149 4564 11.
2186 4512 2643 4565 ανταποδιδωται
2667 4512 2710 4564 Α
2776 4512 2786 4578 Ι
2853 4517 2933 4568 12.
2971 4519 3059 4565 (τε

471 4589 637 4643 abest
670 4606 706 4644 a
742 4591 931 4646 codiee
968 4592 1115 4647 inter
1148 4599 1234 4659 τῷ
1272 4595 1331 4647 et
1366 4596 1528 4648 πότε’
1568 4595 1604 4648 b
1639 4595 1700 4647 in
1736 4610 1854 4648 var.
1890 4594 2024 4648 lect.
2069 4597 2078 4662 Ι
2127 4602 2204 4651 13.
2234 4594 2455 4649 ‘Nonne
2490 4595 2680 4663 potius
2703 4598 2919 4659 μᾶλλον
2942 4596 3060 4650 δεῖν

470 4674 567 4727 vel
604 4677 818 4739 μᾶλλον
853 4677 994 4729 &vv
1032 4676 1070 4730 b
1118 4676 1176 4730 in
1213 4693 1330 4731 var.
1365 4677 1494 4736 leot.
1546 4682 1556 4745 Ι
1612 4684 1690 4732 16.
1729 4680 2136 4744 ἀποφαντικῶς
2175 4677 2650 4744 GFSohoemann,
2687 4680 3058 4744 ἀποφατικῶς

472 4758 569 4811 Ab
610 4759 619 4823 Ι
663 4764 739 4811 18.
764 4777 797 4812 o
820 4762 879 4813 δε
904 4762 975 4826 Α,
1010 4764 1043 4815 ὅ
1066 4777 1131 4816 τε
1156 4761 1192 4814 b
1240 4765 1249 4827 Ι
1296 4763 1702 4828 ἀποφαντικῶς
1726 4762 2192 4828 GFSohoemann‚
2231 4764 2604 4829 ἀποφατικῶς
2630 4764 2723 4817 Ab
2762 4764 2772 4831 Ι
2811 4770 2896 4820 20.
2922 4764 3059 4818 ἀπο-

472 4844 752 4906 φαντικὸν
788 4842 1165 4910 RSchneider,
1200 4847 1560 4913 ἀποφατικὸν
1597 4848 1688 4901 Ab
1754 4851 1762 4913 Ι
1828 4853 1910 4903 30.
1947 4864 2203 4902 ποιουςιν
2239 4850 2282 4902 Α
