3738 5530
661 336 790 401 164
862 336 1305 392 Commentarius
1333 338 1560 392 criticus
1588 339 1648 392 et
1674 336 1997 408 exegeticus
2025 339 2084 393 in
2113 337 2402 409 Apollonii
2429 338 2661 408 Dyscoli
2688 338 2901 409 scripta
2928 337 3162 392 minora.

657 527 767 583 per
828 505 851 567 ῐ
914 506 1314 583 subscriptum
1378 506 1739 567 consensisse
1812 507 2134 567 verisimile
2197 510 2320 583 est3
2392 510 2465 567 cf.
2522 506 2706 567 Lentz
2771 506 2847 566 ad
2909 507 2940 567 Ι
2997 508 3146 582 507,
3176 508 3276 565 24.

654 596 717 655 11
769 597 913 672 135,
936 598 992 657 5.
1041 598 1310 673 476‚12.

841 687 986 760 145,
1010 688 1089 745 15
1154 681 1354 744 ‘Licet
1411 689 1612 745 autem
1673 704 1741 745 ex
1803 686 2092 746 orationis
2152 688 2324 764 parte
2384 687 2479 745 cui
2539 685 2920 745 tribuendum
2978 688 3069 745 est
3126 684 3275 743 illud

654 774 1009 834 vocabulum
1057 767 1318 857 (ὄνομα,
1374 795 1428 835 v.
1475 768 1625 856 ind.)
1674 776 1710 833 i.
1757 795 1805 836 e.
1866 795 1899 835 e
1952 779 2170 836 natura
2226 778 2350 836 eius
2407 775 2735 835 adverbiali
2789 775 3077 834 iudicium
3123 775 3276 834 ferre

655 864 728 923 de
784 866 908 924 eius
962 859 1358 939 formatione',
1411 866 1502 924 ita
1556 863 1795 941 quidem
1849 869 1919 924 ut
1974 868 2263 943 appareat
2315 884 2433 923 non
2493 883 2666 941 posse
2720 864 2874 923 fflud
2935 884 3006 924 ex
3052 858 3274 935 ἄνεωε,

655 954 814 1030 quod
853 954 1094 1029 quidam
1131 956 1488 1029 statuerunt,
1534 971 1657 1013 esse
1694 955 1937 1014 factum.
1969 986 2053 995 —
2083 953 2199 1013 Pro
2246 950 2568 1028 ὀνόματος
2603 953 2816 1013 Matth.
2847 954 2878 1012 I
2917 955 2999 1014 49
3038 952 3277 1030 scripsit

655 1038 1118 1119 ἐπιρρημάτων,
1167 1047 1229 1103 et
1266 1046 1403 1103 ante
1447 1038 1642 1103 ἀντικ.
1671 1044 1925 1104 inseruit
1960 1039 2189 1124 <οὐκ>;
2237 1063 2490 1120 quarum
2527 1043 2768 1119 quidem
2804 1045 3275 1104 coniecturarum

652 1135 816 1208 prior
861 1132 1177 1209 superflua,
1224 1135 1413 1192 altera
1457 1133 1613 1192 falsa
1659 1136 1762 1193 est.

834 1223 978 1297 145,
1002 1225 1081 1281 19
1122 1225 1214 1281 est
1248 1241 1390 1281 sane
1426 1224 1490 1280 in
1516 1221 1572 1280 A
1608 1223 1824 1282 lacuna
1860 1242 2048 1299 eaque
2084 1222 2285 1281 decem
2321 1222 2675 1282 tredecimve
2712 1223 3078 1297 litterarum3
3122 1224 3274 1281 exci-

651 1310 806 1370 disse
833 1311 1111 1371 videntur
1146 1311 1444 1372 adiectiva
1472 1312 1765 1387 quaedam
1802 1313 2057 1371 aliarum
2091 1314 2597 1387 terminationum,
2632 1311 2798 1371 velut
2823 1306 2959 1391 (τῷ
2997 1307 3273 1387 εὐεεβήε,

648 1396 904 1480 rexne),
953 1400 1024 1460 cf.
1065 1401 1196 1460 adv.
1231 1402 1378 1477 167,
1401 1403 1512 1477 183
1559 1397 1630 1461 ἐν
1667 1420 1787 1460 non
1823 1404 2198 1477 tentaverim,
2235 1403 2379 1477 quia
2414 1400 2826 1477 παρακεῑεθαι
2865 1420 2999 1460 cum
3029 1396 3099 1461 ἐν
3137 1418 3273 1459 con-

649 1491 916 1548 struitur.
1000 1489 1279 1569 Egenolff
1309 1491 1338 1548 1
1378 1492 1504 1551 843
1555 1493 1837 1568 proponit
1872 1486 2049 1571 (ὡς)
2084 1487 2188 1550 καὶ
2224 1487 2358 1571 (τῷ
2398 1486 2658 1565 εὐεεβή(
2702 1486 2779 1550 τὸ
2819 1485 3136 1567 εὐεεβῶε>
3172 1486 3273 1549 καὶ

649 1574 892 1653 ἑτέροις
936 1579 1072 1639 τοῖς
1118 1575 1451 1641 τοιούτοις.
1533 1580 1718 1640 Lehrs
1761 1580 1916 1639 Ann.
1957 1582 2071 1639 litt.
2111 1580 2241 1640 Jen.
2286 1581 2456 1640 1879
2504 1600 2561 1656 p.
2603 1580 2730 1638 224
2777 1574 2953 1657 <icoc
2997 1574 3206 1657 ieme).

832 1669 979 1744 145,
1001 1671 1077 1727 21
1132 1663 1481 1743 ‘adverbia',
1526 1669 1749 1746 inquit,
1812 1664 1990 1746 ‘quae
2035 1688 2073 1728 a
2117 1668 2456 1729 nominibus
2504 1660 2871 1751 (adiectivis)
2918 1669 3103 1727 trium
3149 1660 3273 1749 (vel

650 1756 933 1833 duarum,
994 1757 1069 1816 ad
1113 1777 1280 1835 pron.
1324 1763 1424 1833 11,
1447 1752 1562 1840 29)
1608 1760 2100 1818 terminationum
2145 1761 2209 1818 in
2255 1757 2328 1820 of:
2374 1757 2738 1832 derivantur,
2795 1760 2859 1816 in
2906 1756 2996 1818 «155
3041 1760 3273 1831 exeunt,

650 1865 803 1922 quae
859 1867 893 1905 a
949 1847 1286 1907 nominibus
1345 1849 1521 1907 unius
1576 1849 1769 1908 exitus
1823 1849 1887 1906 in
1943 1846 2041 1918 δί,
2088 1845 2143 1928 ’ᾧ
2201 1842 2325 1930 (vel
2371 1840 2456 1930 ὤ)
2510 1847 2812 1906 finiuntur.
2904 1846 3116 1923 Itaque
3170 1847 3273 1906 ad-

649 1936 918 1995 verbium
975 1936 1126 1995 illud
1172 1937 1224 1997 si
1271 1937 1344 1996 ab
1393 1931 1625 2009 ἄνεωε,
1676 1937 1838 2013 quod
1885 1957 2003 1997 non
2050 1938 2245 1997 minus
2291 1938 2544 1997 duarum
2589 1937 3077 1995 terminationum
3121 1938 3275 1995 esset

655 2044 835 2100 quam
892 2020 1071 2086 ἄνιο(
1125 2026 1220 2086 vel
1279 2021 1503 2097 ἄναοε,
1565 2029 1854 2105 originem
1909 2027 2196 2105 traheret,
2258 2046 2376 2086 non
2432 2027 2497 2085 in
2543 2028 2597 2106 ᾧ
2643 2025 2739 2087 vel
2784 2022 2866 2097 ὦ,
2925 2025 3029 2085 sed
3074 2028 3137 2084 in
3184 2023 3273 2085 ω’(

652 2116 811 2173 exire
856 2113 1096 2174 deberet
1149 2111 1666 2192 (περατούμενον
1720 2117 1843 2176 scil.
1891 2111 1972 2191 ἦν
1992 2141 2077 2164 ---
2099 2111 2180 2176 ἂν
2225 2111 2351 2194 ἦν).
2446 2114 2595 2175 Cum
2643 2115 2756 2175 hac
2808 2116 2938 2192 lege
2993 2134 3112 2174 non
3164 2134 3273 2191 pu-

650 2207 842 2281 gnant
887 2203 1170 2263 adverbia
1215 2206 1755 2282 comparativorum
1803 2200 2111 2281 ἀνωτέρω
2156 2206 2286 2265 sim.
2321 2197 2497 2287 (haec
2540 2205 2727 2283 igitur
2772 2204 3090 2282 cogitando
3136 2222 3272 2280 sup-

647 2293 871 2369 plenda
933 2296 1074 2353 sunt
1128 2296 1266 2353 ante
1324 2289 1447 2369 γάρ
1507 2295 1892 2371 particulam,
1957 2295 2032 2354 ad
2091 2313 2257 2371 pron.
2309 2288 2576 2376 14‚13);
2639 2312 2779 2353 nam
2832 2312 2930 2369 ea,
2993 2295 3064 2352 ut
3116 2293 3275 2354 infra

647 2374 829 2463 (168,
860 2384 896 2440 2
928 2376 1085 2464 sqq.)
1151 2383 1679 2460 demonstrabitur,
1755 2404 1792 2443 a
1853 2385 2130 2461 positivis
2194 2384 2610 2443 adverbiorum
2682 2376 2851 2465 (ἄνω
2913 2374 3074 2465 sim.)
3136 2401 3272 2460 pro-

646 2466 936 2531 veniunt’.
1029 2472 1141 2532 His
1197 2475 1479 2550 expositis
1534 2475 1656 2533 iam
1711 2475 1888 2549 satis,
1947 2473 2140 2549 crede,
2193 2476 2470 2551 apparet,
2529 2472 2883 2532 servandam
2938 2490 3065 2533 esse
3108 2473 3146 2531 l.
3188 2475 3264 2531 21

646 2563 1006 2637 scripturam
1052 2561 1269 2622 codicis
1317 2556 1525 2623 ἄνεω(
1572 2554 1760 2645 (quod
1809 2565 1872 2623 et
1917 2562 2039 2621 Ska
2075 2563 2137 2621 Π
2176 2565 2258 2622 25
2307 2566 2368 2622 et
2411 2562 2597 2639 Uhlig
2641 2562 2672 2620 I
2720 2564 2801 2621 22
2849 2565 3275 2640 perspexerunt

650 2654 710 2710 et
755 2652 883 2728 ipse
927 2652 1202 2728 perspexi
1238 2651 1301 2710 H
1341 2644 1453 2733 22)
1493 2655 1554 2711 et
1599 2652 2011 2730 coniungenda
2044 2652 2191 2711 haec
2227 2648 2543 2727 ἐπίρρημα
2585 2669 2645 2711 τι
2690 2653 2781 2711 ita
2826 2655 2894 2711 ut
2938 2653 3062 2712 sint
3097 2647 3270 2726 ἐπιρ-

648 2736 877 2816 ρήματι
935 2734 1104 2823 (nam
1159 2744 1218 2802 et
1273 2741 1621 2802 adverbium
1677 2743 1906 2803 nomini
1964 2742 2271 2820 primitivo
2331 2745 2393 2801 et
2450 2760 2664 2801 nomen
2723 2740 3006 2803 adverbio
3065 2736 3269 2817 παρά-

647 2846 871 2902 κειται,
919 2851 972 2890 v.
1011 2824 1190 2912 ind),
1251 2831 1406 2907 quod
1452 2832 1609 2892 vidit
1653 2831 1840 2910 Uhlig
1885 2831 1922 2889 1.
1962 2851 2006 2891 s.
2045 2851 2089 2891 s.
2137 2835 2198 2891 et
2243 2832 2370 2909 ipse
2425 2832 2710 2909 proposui
2754 2830 2785 2889 Ι
2832 2833 2982 2907 475,
3034 2832 3270 2891 reiectis

646 2919 920 2979 omnibus
969 2922 1233 2979 omnium
1278 2922 1632 2981 coniecturis
1679 2915 2079 3003 (GFSchoem.
2118 2921 2180 2979 II
2223 2924 2303 2980 12
2335 2947 2420 2969 =
2452 2940 2648 2999 opusc.
2687 2920 2774 2980 l'V
2825 2913 3000 3003 256).
3086 2920 3272 2981 Mir0r

644 3010 833 3088 igitur
868 3010 1265 3088 Egenolffium
1301 3010 1334 3069 I
1373 3012 1498 3072 839
1550 3011 1946 3070 Schoemanni
1992 3014 2051 3070 et
2099 3009 2254 3070 Skae
2299 3012 2668 3070 coniecturas
2712 3010 3029 3087 praeferre.
3109 3009 3270 3068 Illud

647 3117 883 3174 quoque
928 3099 1386 3176 improbandum
1432 3103 1524 3160 est
1569 3099 1728 3177 quod
1776 3099 1898 3159 ska
1943 3100 2006 3160 Π
2055 3101 2135 3159 26
2184 3099 2333 3160 dicit
2375 3100 2522 3159 haec
2576 3096 2921 3161 δεδείξεται
2968 3095 3092 3174 γὰρ
3138 3099 3269 3159 κτλ.

646 3188 721 3245 ad
768 3207 840 3246 ea
885 3206 1037 3263 quae
1090 3189 1455 3265 praecedunt
1508 3208 1628 3248 non
1674 3190 1998 3267 pertinere:
2050 3191 2353 3266 pertinent
2399 3190 2575 3265 enim,
2619 3189 2911 3266 suppletis
2959 3192 3099 3248 ante
3145 3183 3268 3262 γάρ

643 3277 1004 3354 particulam
1042 3297 1194 3354 quae
1239 3297 1418 3354 supra
1463 3280 1704 3354 protuli.
1790 3279 1973 3338 Skam
2011 3281 2248 3339 secutus
2285 3279 2497 3338 Matth.
2529 3279 2558 3336 1
2599 3281 2683 3338 50
2721 3279 2757 3336 1.
2792 3279 2873 3337 23
2923 3275 3267 3339 δεδείξεται

645 3386 831 3442 usque
880 3366 953 3426 ad
1000 3367 1038 3425 l.
1081 3369 1162 3426 25
1213 3363 1503 3442 ἐξωτέρω
1551 3368 1795 3427 inducit.

828 3457 975 3531 145,
997 3457 1077 3515 23
1128 3477 1159 3516 e
1204 3457 1349 3516 locis
1397 3457 1526 3516 adv.
1570 3458 1776 3534 168‚2
1808 3476 1893 3534 sq.
1933 3461 1994 3516 et
2038 3456 2116 3516 ib.
2159 3458 2407 3533 166,11
2458 3455 2768 3536 Uhligium
2814 3457 2851 3514 l.
2891 3476 2934 3517 s.
2974 3475 3019 3516 s.
3064 3457 3269 3515 rectis-

645 3547 793 3605 sime
840 3542 919 3605 οὐ
967 3565 1075 3623 pro
1123 3540 1205 3605 αὖ
1252 3546 1554 3623 scripsisse
1601 3547 1809 3606 elucet.

824 3634 890 3692 B.
953 3634 1256 3695 Adverbia
1310 3635 1525 3711 quibus
1577 3636 1911 3697 rationibus
1966 3636 2322 3712 formentur3
2379 3635 2595 3711 quibus
2651 3635 2991 3695 accentibus
3036 3637 3130 3693 uti
3175 3653 3265 3694 so-

645 3724 812 3784 leant
863 3726 1439 3801 146,1-200,32.

829 3817 882 3873 1.
948 3814 1246 3874 Adverbia
1306 3819 1412 3872 oeut
1457 3817 1768 3890 primitiva
1826 3819 1933 3874 aut
1990 3816 2257 3874 derivata
2314 3818 2468 3874 sunt.
2567 3814 2652 3872 Et
2709 3815 2979 3873 derivata
3037 3814 3269 3888 quidem

645 3904 721 3962 ab
769 3904 1064 3962 adverbiis
1107 3904 1441 3962 nominibus
1486 3905 1676 3964 verbis
1709 3905 2161 3978 pronominibus
2195 3905 2535 3978 participiis
2572 3904 3111 3978 praepositionibus
3154 3905 3269 3960 ori-

643 3996 827 4051 untur
876 3992 1276 4067 146‚1—14.
1371 3992 1456 4052 Cf.
1495 3992 1676 4053 Prisc.
1716 3993 1827 4052 XV
1872 4015 1929 4071 p.
1972 3995 2074 4068 63,
2098 3995 2343 4068 7—203
2398 3992 2577 4053 schol.
2627 3992 2822 4051 DThr.
2865 3993 3118 4067 936,14
3138 4010 3265 4068 sqq.

646 4107 731 4130 =
756 4082 858 4156 96,
880 4082 961 4140 26
991 4081 1153 4159 Hilg.

829 4171 1028 4246 146‚8
1087 4168 1176 4231 ὡς
1239 4167 1415 4246 παρὰ
1479 4166 1686 4258 ‘ro-{E
1752 4167 1876 4233 ἔξω
1943 4169 2046 4231 καὶ
2111 4167 2183 4231 ἔν
2239 4166 2433 4232 ἔνδον
2494 4171 2773 4249 Egenolff
2810 4170 2841 4229 I
2889 4172 3045 4245 813,
3105 4169 3269 4228 idem

644 4260 858 4319 Matth.
895 4260 928 4319 I
977 4261 1075 4319 78.
1150 4260 1221 4317 V.
1259 4263 1462 4320 tamen
1508 4260 1642 4320 adn.
1681 4260 1759 4319 ad
1804 4280 1970 4338 pron.
2015 4263 2073 4337 7,
2095 4262 2194 4320 28.

829 4351 974 4425 146,
998 4352 1080 4410 ιο
1128 4348 1249 4408 ska
1293 4349 1356 4408 11
1404 4352 1504 4409 26.

830 4440 1073 4514 146,11
1125 4439 1265 4498 Her.
1303 4439 1365 4497 11
1414 4441 1860 4515 934‚23—2e.

825 4531 880 4587 2.
929 4529 1153 4606 Agitur
1188 4528 1260 4588 de
1298 4529 1530 4603 aliquot
1566 4528 1884 4602 adverbiis,
1929 4529 2002 4587 de
2039 4549 2290 4606 quorum
2328 4528 2624 4605 scriptura
2658 4528 2972 4588 dubitatur
3012 4529 3158 4604 146,
3182 4529 3262 4587 15

739 4619 1006 4693 151‚29.

825 4699 888 4788 a)
936 4707 1167 4782 Trypho
1203 4708 1341 4766 dic-it
1378 4702 1595 4781 ἐχθές
1620 4709 1947 4781 pleniorem
1980 4708 2235 4781 formam
2273 4726 2394 4768 esse
2429 4726 2607 4782 quam
2644 4703 2845 4782 χθές
2880 4725 3025 4768 nam
3060 4707 3268 4766 adver-

644 4797 744 4856 bia
779 4798 1178 4870 monosyllaba
1222 4800 1329 4855 azot
1369 4800 1592 4855 natura
1628 4798 1802 4872 lonya
1839 4815 1962 4856 esse
1997 4801 2101 4856 aut
2136 4798 2357 4871 duplici
2394 4815 2646 4857 consona
2681 4798 2990 4872 producta.
3064 4796 3269 4872 Atque

643 4885 790 4944 haee
828 4885 1066 4960 quidem
1102 4888 1259 4944 ratio
1295 4885 1479 4944 habet
1514 4906 1632 4962 quo
1670 4886 2132 4961 commendetur,
2175 4905 2312 4945 cum
2357 4887 2512 4946 aliae
2558 4886 2799 4963 probari
2845 4906 2965 4946 non
3009 4888 3269 4962 possint3

641 4991 786 5035 nam
847 4976 1139 5034 inmas-um
1202 4979 1285 5032 est
1345 4977 1572 5048 somus
1633 4976 1896 5036 verbales
1959 4971 2129 5049 (χέε
2193 4972 2369 5036 crte(
2432 4979 2558 5035 sim.
2621 4981 2921 5051 tamquam
2982 4976 3270 5050 analoyas

991 5087 1025 5122 0
