3738 5530
758 308 889 373 208
963 306 1409 379 Commentarius
1436 308 1663 363 ctificas
1690 310 1751 362 et
1775 306 2096 378 exegeticus
2123 307 2183 361 in
2210 304 2496 376 Apollonii
2523 306 2753 376 Dyscoli
2779 306 2990 377 scripta
3013 306 3248 361 minora.

930 480 1079 553 200,
1099 482 1137 537 2
1179 473 1399 539 αἰτιολ.
1428 472 1747 556 ςύνταξιν]
1789 473 2012 538 αἰτιολ.
2042 473 2302 538 ἔννοιαν
2329 477 2513 536 Lehrs
2550 478 2588 535 1.
2615 496 2661 536 s.
2691 496 2757 552 s.,
2800 477 2871 536 eL
2899 480 3054 554 synt.
3086 478 3212 537 334
3243 469 3360 559 (?)3

741 571 983 644 poterat
1027 569 1293 627 conferre
1341 568 1471 627 adv.
1512 570 1657 643 199,
1677 570 1745 625 4:
1791 567 1894 626 sed
1941 567 2194 625 Dronkii
2239 568 2575 626 emendatio
2621 567 2698 627 ad
2745 567 2962 626 codicis
3007 567 3362 644 scripturam

741 659 988 734 propius
1035 657 1278 716 accedit.
1332 689 1411 698 —-
1459 651 1569 717 Ὡς
1615 651 1893 734 ἔφαμεν]
1941 656 2073 716 adv.
2116 659 2261 731 199,
2283 658 2339 715 6.

920 748 1068 821 200,
1090 748 1128 805 3
1176 741 1458 820 φαίημεν
1503 740 1671 824 <ἂν>
1716 746 1930 804 Matth.
1968 746 2001 803 I
2051 748 2162 819 743
2206 766 2261 804 v.
2299 747 2610 805 comment.
2647 745 2722 804 de
2768 745 2882 822 Ap.
2919 749 3181 806 consuet.

921 838 1126 909 200,7
1174 831 1256 894 τὰ
1301 834 1414 908 τῆς
1460 829 1742 912 γραφῆς]
1790 836 1827 892 i.
1866 854 1916 893 e.
1963 836 2258 911 scriptura
2303 838 2430 894 sine
2475 833 2524 906 ἰ,
2569 831 2680 905 τώ,
2727 855 2848 893 11011
2892 836 3005 915 τῷ.

921 926 1067 998 200,
1090 927 1302 983 7-11
1354 920 1861 998 μεταλαμβάνειν
1907 927 1996 982 θεὴ
2039 918 2184 983 ‘alio
2229 924 2407 983 modo
2443 918 2678 999 dicere',
2722 927 2929 1000 itaque
2966 924 3090 983 11.1.
3126 927 3360 1001 poetico

738 1033 901 1073 more
939 1012 1146 1073 dicere.
1222 1009 1603 1086 Μετάληψις
1638 1014 1825 1091 igitur
1858 1016 1952 1072 θεὴ
1985 1013 2044 1070 11.
2074 1014 2111 1071 l.
2149 1013 2332 1071 dicho
2373 1016 2624 1089 poetica,
2671 1033 2824 1090 quae
2860 1017 3360 1090 praepositionem

739 1098 845 1162 διά
891 1103 952 1161 in
998 1121 1062 1162 se
1106 1103 1320 1179 recipit
1365 1095 1855 1184 (ἀπολαμβάνει,
1903 1104 1966 1161 in
2012 1102 2137 1161 sich
2185 1103 2521 1177 aufuimmt,
2565 1103 2682 1161 mit
2725 1096 3040 1184 umfasst);
3083 1102 3241 1161 idem
3286 1103 3360 1160 de

738 1188 796 1252 Ζ
834 1194 871 1250 2
919 1191 1232 1251 dicendum
1277 1195 1394 1267 θεὴ,
1449 1195 1510 1250 et
1564 1191 1725 1268 quod
1784 1189 1799 1250 Ι
1851 1194 1978 1250 247
2040 1192 2294 1268 protulit
2338 1191 2659 1267 Homerus,
2715 1186 2866 1264 ἄνα,
2921 1193 2986 1250 in
3041 1211 3104 1252 se
3149 1195 3364 1269 recipit

739 1282 801 1340 id
847 1282 1005 1358 quod
1050 1282 1217 1341 deest
1261 1283 1689 1358 praepositioni
1738 1277 1844 1357 (τὸ
1892 1280 2122 1342 λεῖπον
2168 1281 2280 1355 τῆς
2326 1277 2714 1355 προθέςεως,
2761 1283 2800 1339 ἰ.
2841 1278 3013 1341 θ.τὸ
3060 1277 3258 1355 ῥῆμα,
3305 1277 3362 1361 ᾧ

741 1366 943 1430 λείπει
987 1366 1027 1444 ἡ
1075 1367 1418 1448 πρόθεςις),
1465 1373 1535 1429 ut
1584 1370 1646 1428 id
1684 1370 1845 1446 quod
1881 1369 2060 1446 plena
2095 1373 2391 1429 sententia
2427 1370 2680 1448 flagitat,
2727 1365 3048 1444 ἀνάςτηθι,
3093 1373 3156 1429 in
3192 1390 3362 1447 prae-

739 1461 1041 1537 positione
1086 1464 1395 1536 tamquam
1440 1460 1654 1536 dispici
1698 1461 1904 1537 possit

924 1551 1071 1623 200,
1095 1551 1175 1607 13
1224 1568 1333 1626 pro
1380 1544 1598 1623 ἀήθως
1640 1549 1848 1608 scribit
1884 1548 2069 1608 Lehrs
2113 1544 2360 1623 εὐήθως
2397 1552 2458 1608 et
2502 1549 2541 1606 l.
2576 1550 2654 1607 16
2695 1546 2892 1623 εὐήθη
2938 1568 3049 1626 pro
3086 1543 3250 1623 ἀήθη
3296 1552 3360 1608 in

743 1639 901 1697 Ann.
940 1639 1055 1696 litt.
1091 1637 1221 1697 Jen.
1258 1640 1426 1699 1879
1475 1659 1531 1715 p.
1564 1640 1719 1717 2243
1765 1657 1944 1715 quam
1990 1641 2383 1697 mutationem
2426 1657 2546 1697 11011
2593 1656 2718 1697 esse
2765 1642 3152 1698 necessariam
3197 1641 3364 1715 puto,

744 1746 880 1787 cum
930 1723 1132 1802 ἀήθης
1168 1745 1294 1787 esse
1339 1729 1530 1804 possit
1574 1721 1919 1803 ‘insolitus’‚
1964 1722 2288 1802 ‘absonus',
2333 1746 2486 1805 quae
2521 1731 2688 1787 notio
2723 1728 2863 1788 huic
2899 1729 3030 1787 loco
3065 1731 3212 1804 apta
3254 1732 3360 1786 θεὴ.

740 1818 1204 1895 Argumentatio
1248 1836 1384 1877 vere
1418 1817 1820 1894 Apolloniana
1853 1817 2001 1876 baec
2046 1822 2153 1877 est.
2229 1812 2559 1876 ‘Absonum
2604 1836 2722 1876 non
2768 1821 2860 1877 θεὴ
2903 1818 3364 1894 postpositivum

743 1901 781 1967 ὅ
837 1925 1073 1983 semper
1130 1906 1248 1965 sibi
1300 1906 1675 1983 expostulare
1733 1908 2235 1984 praepositionem
2293 1901 2422 1966 διά;
2487 1927 2628 1966 nam
2685 1926 2820 1965 cum
2877 1910 3089 1984 suapte
3147 1910 3364 1965 natura

743 1995 1013 2072 primum
1066 1996 1261 2054 locum
1317 2015 1435 2055 non
1489 1998 1679 2072 possit
1732 2015 2020 2072 occupare
2075 1989 2175 2077 (ut
2218 1988 2700 2077 ὑποτακτικὸν),
2754 1999 2964 2073 sponte
3008 2016 3142 2055 eum
3196 2015 3365 2073 prae·

746 2086 1034 2161 positioni
1080 2084 1375 2160 concedit3
1436 2087 1807 2145 accusativus
1852 2104 1994 2145 vero
2038 2087 2427 2162 praepositivi
2473 2086 2711 2144 articuli
2757 2082 2852 2157 τό,
2901 2088 3004 2162 qui
3047 2087 3110 2144 in
3157 2085 3364 2144 adver-

748 2174 917 2233 bium
976 2174 1211 2233 causale
1271 2171 1365 2233 τώ
1422 2176 1666 2234 transiit
1680 2220 1697 2249 ‚
1758 2176 2017 2251 primum
2075 2175 2272 2233 locum
2331 2177 2400 2232 ut
2457 2177 2803 2234 consuetum
2867 2174 2978 2233 sibi
3037 2175 3368 2234 vindicavit

748 2260 900 2340 (οὐκ
947 2259 1112 2338 ἀήθη
1159 2259 1351 2340 ἔςχε),
1397 2283 1516 2340 quo
1560 2264 1631 2322 fit
1675 2267 1744 2323 ut
1788 2260 1895 2324 διά
1938 2265 1993 2323 ei
2038 2284 2156 2323 non
2203 2265 2394 2340 possit
2436 2266 2736 2341 praeponi.
2827 2264 3041 2340 Itaque
3085 2261 3188 2324 διό
3233 2267 3362 2339 qui·

747 2353 887 2412 dem
933 2353 1172 2426 dicitur,
1217 2372 1335 2412 non
1381 2353 1601 2412 dicitur
1644 2350 1751 2413 διὰ
1797 2350 1874 2414 τό
1920 2353 2015 2413 vel
2061 2350 2167 2413 διὰ
2210 2350 2322 2425 τώ,
2367 2354 2469 2412 sed
2514 2350 2592 2414 τό
2638 2357 2701 2412 et
2742 2348 2877 2413 τώ.’

923 2434 992 2523 11)
1068 2440 1365 2501 Abnorme
1426 2447 1511 2502 est
1572 2438 1928 2517 ἄντικρυς
1981 2446 2552 2517 proparooeytonum,
2614 2461 2758 2501 nam
2820 2444 3102 2503 adverbia
3162 2444 3228 2501 in
3293 2458 3368 2501 υς

745 2533 1438 2605 ooeytonaessesolem;
1505 2534 2396 2607 atqzaeeomayisabnmm,
2464 2533 2618 2605 quod
2677 2533 3368 2606 eatbrmaquaeab·

744 2624 892 2680 tecta
952 2637 985 2681 ς
1030 2621 1223 2680 littera
1280 2625 1561 2691 nascitur,
1618 2616 1956 2697 ἀντικρύ,
2020 2621 2359 2696 analoqimn
2415 2623 2824 2681 adverbiorum
2884 2625 2951 2680 in
3009 2638 3047 2680 υ
3106 2624 3370 2695 sequitur

921 2800 1080 2860 Ante
1128 2757 1276 2876 200,
1299 2803 1380 2860 17
1428 2800 1703 2861 lacunam
1758 2800 2011 2860 duorum
2067 2804 2325 2861 triumve
2377 2818 2656 2860 versuum
2709 2819 2861 2876 esse,
2905 2803 2970 2859 in
3025 2801 3238 2877 quibus
3291 2799 3366 2858 de

747 2889 1043 2950 adverbiis
1088 2893 1153 2949 in
1198 2889 1271 2950 ῦς
1316 2892 1379 2950 in
1426 2893 1767 2951 universum
1802 2909 1996 2950 sermo
2043 2891 2242 2965 fuerit,
2288 2894 2489 2950 censet
2524 2890 2764 2949 Dronke
2800 2890 2893 2948 111
2931 2892 3076 2949 327.
3151 2889 3369 2949 Paullo

746 2979 923 3056 plura
949 2980 1233 3041 excidisse
1260 2980 1555 3056 videntur,
1582 2981 1654 3039 cf.
1679 2980 1816 3039 Her.
1839 2979 1871 3038 I
1893 2981 2288 3054 513‚6—1o.
2312 2981 2750 3056 536,31—33.
2789 2979 2853 3038 H
2875 2981 3267 3055 19,29-31.
3287 3011 3363 3020 -

751 3067 1003 3129 Causam
1056 3087 1163 3128 cur
1217 3064 1511 3144 ἄντικρυς
1567 3073 2142 3147 proparoxytonum‚
2199 3063 2459 3144 ἀντικρύ
2504 3072 2829 3145 oxytonum
2875 3070 2981 3145 sit,
3027 3071 3091 3128 in
3136 3068 3372 3128 diversa

748 3158 1184 3236 significatione
1228 3160 1484 3235 positam
1533 3177 1658 3218 esse
1703 3162 1923 3235 putant
1962 3158 2164 3218 Choer.
2193 3158 2257 3217 H
2294 3160 2442 3234 329,
2465 3160 2546 3217 22
2577 3159 2739 3235 Hilg.
2779 3154 2998 3232 ἐπειδὴ
3047 3155 3165 3219 οὐκ
3212 3153 3368 3232 ἐφυ-

749 3242 954 3322 λάχθη
1015 3244 1092 3308 τὸ
1155 3244 1314 3309 αὐτὸ
1370 3246 1835 3323 ςημαινόμενον
1891 3244 1996 3326 (τὸ
2057 3246 2172 3322 μὲν
2232 3244 2355 3322 γὰρ
2423 3242 2716 3322 ἄντικρυς
2769 3244 2846 3306 τὸ
2902 3247 3204 3323 φανερῶς
3262 3263 3369 3320 ςη-

751 3333 972 3409 μαίνει,
1023 3334 1098 3397 τὸ
1145 3336 1219 3398 δὲ
1258 3332 1517 3412 ἀντικρύ
1553 3334 1630 3397 τὸ
1670 3334 1735 3399 ἐξ
1775 3333 2117 3414 ἐναντίας),
2164 3333 2401 3398 τούτου
2449 3333 2636 3411 χάριν
2674 3331 2826 3396 οὔτε
2863 3332 2902 3396 ὁ
2946 3332 3141 3396 αὐτὸς
3176 3333 3370 3397 τόνος

751 3421 1106 3500 ἐφυλάχθη.
1190 3428 1463 3486 Ammon.
1502 3446 1547 3487 s.
1585 3448 1640 3487 v.
1687 3421 2020 3501 Ἀντικρυς
2064 3423 2167 3485 καὶ
2213 3421 2473 3501 ἀντικρύ
2520 3422 2828 3502 διαφέρει.
2919 3421 3207 3500 Ἀντικρὺ
3255 3423 3371 3498 μὲν

752 3510 875 3590 γὰρ
922 3511 999 3574 τὸ
1047 3511 1145 3576 ἐπ’
1184 3512 1456 3588 εὐθείας,
1501 3513 1606 3576 καὶ
1642 3512 1708 3577 ἐξ
1747 3512 2065 3576 ἐναντίας·
2142 3512 2336 3590 χωρὶς
2372 3515 2490 3576 τοῦ
2525 3514 2579 3586 Ε,
2626 3512 2715 3575 ὡς
2752 3511 3147 3588 καταντικρύ.
3223 3510 3368 3575 Ἄν·

750 3620 962 3679 τικρυς
991 3602 1064 3664 δὲ
1091 3602 1169 3665 τὸ
1196 3602 1550 3680 διαρρήδην
1577 3602 1682 3666 καὶ
1708 3603 2014 3680 φανερῶς
2045 3599 2175 3684 [καὶ
2204 3600 2302 3665 ἐπ’
2333 3599 2581 3666 εὐθείας
2608 3600 2922 3683 τοπικόν].
2969 3604 3082 3662 ΕΜ
3117 3606 3262 3678 114,
3288 3605 3366 3662 27

750 3688 1106 3768 Ἀντικρυς·
1190 3691 1471 3769 ςημαίνει
1524 3691 1601 3755 τὸ
1658 3694 1991 3770 φανερῶς’
2076 3688 2335 3769 ἀντικρὺ
2391 3691 2464 3755 δὲ
2510 3691 2586 3754 τὸ
2642 3690 3006 3755 ἐξεναντίας
3043 3741 3057 3753 .
3097 3740 3111 3753 .
3152 3740 3167 3752 .
3259 3689 3369 3753 Καὶ

750 3777 1033 3858 ὤφειλεν
1092 3776 1256 3844 εἶναι
1317 3778 1600 3858 ἄντικρυ·
1689 3779 1857 3843 ἀλλὰ
1916 3779 1998 3842 τὰ
2061 3778 2152 3844 εἰς
2209 3781 2245 3842 Ε
2306 3780 2592 3857 λήγοντα
2651 3779 3072 3858 ἐπιρρήματα,
3140 3778 3195 3842 εἰ
3255 3780 3370 3857 μὲν

752 3867 1061 3945 φυλάττει
1116 3869 1194 3934 τὸ
1252 3869 1412 3934 αὐτὸ
1470 3869 1954 3949 ςημαινόμενον,
2018 3869 2121 3933 καὶ
2166 3869 2283 3933 τὸν
2331 3869 2531 3933 αὐτὸν
2578 3870 2776 3934 τόνον
2832 3868 3169 3947 φυλάττει,
3229 3866 3373 3932 οἷον

751 3954 960 4022 οὕτως
1024 3956 1222 4034 οὕτω,
1298 3959 1514 4037 μέχρις
1578 3959 1783 4037 μέχρι’
1882 3958 2023 4022 ἐπεὶ
2087 3956 2206 4023 οὖν
2269 3961 2468 4023 τοῦτο
2533 3957 2651 4022 οὐκ
2725 3957 3005 4037 ἐφύλαξε
3068 3959 3147 4021 τὸ
3212 3957 3372 4021 αὐτὸ

752 4047 1213 4125 ςηναινόμενον
1273 4053 1366 4132 τῷ
1428 4046 1754 4126 ἄντικρυς,
1820 4045 1974 4112 οὔτε
2031 4047 2148 4112 τὸν
2207 4047 2406 4112 τόνον
2468 4046 2747 4114 ἐδέξατο.
2835 4049 2945 4110 ΑΟ
2992 4050 3054 4110 Π
3102 4052 3248 4125 339,
3270 4050 3371 4107 26.

754 4138 1028 4198 Eustath.
1080 4140 1158 4199 ad
1214 4136 1258 4201 ε
1308 4143 1437 4202 100
1482 4161 1539 4217 p.
1583 4142 1806 4216 13,36.
1898 4140 2274 4201 Herodianus
2330 4133 2389 4222 (Ι
2437 4142 2582 4217 513,
2607 4144 2660 4200 9.
2712 4142 2858 4216 536,
2880 4142 2981 4199 32.
3055 4139 3118 4199 Π
3168 4142 3265 4216 19,
3287 4141 3374 4198 30

755 4224 834 4287 τὸ
883 4226 1099 4303 μέντοι
1148 4223 1441 4305 ἄντικρυς
1487 4227 1850 4305 μεταβαλὸν
1898 4227 2014 4290 τὸν
2060 4226 2304 4304 χρόνον
2349 4226 2656 4305 μετέβαλε
2700 4227 2805 4290 καὶ
2848 4225 2964 4290 τὸν
3010 4226 3243 4290 τόνον;
3287 4230 3374 4287 sio

755 4316 865 4376 AB
911 4321 973 4377 et
1015 4318 1534 4380 Meermannianus
1584 4322 1709 4379 319
1769 4319 2074 4395 exhibent3
2128 4320 2312 4379 Lehrs
2368 4338 2437 4378 ex
2485 4319 2539 4377 D
2587 4315 2948 4394 μεταβαλὸν
3004 4315 3122 4379 τὸν
3176 4315 3374 4378 τόνον

757 4403 1063 4482 μετέβαλε
1110 4406 1211 4469 καὶ
1256 4406 1373 4469 τὸν
1420 4405 1678 4483 χρόνον,
1726 4409 1932 4469 eadem
1978 4411 2274 4486 scriptura
2318 4411 2410 4468 est
2455 4409 2615 4486 apud
2662 4408 2823 4467 Suid.
2863 4410 3011 4484 442,
3037 4410 3149 4484 143
3194 4406 3374 4466 Lehr·

756 4497 910 4555 sium
954 4495 1137 4556 Lentz
1183 4501 1450 4574 sequitur
1495 4517 1695 4559 secum
1738 4501 1867 4575 ipse
1912 4517 2213 4576 pugnans,
2258 4517 2399 4557 nam
2446 4499 2523 4558 ad
2567 4497 2598 4557 I
2646 4499 2793 4574 513,
2816 4500 2852 4557 9
2901 4498 3075 4557 dicit:
3131 4492 3376 4574 ‘quippe

758 4580 886 4661 qui'
932 4587 969 4644 i.
1001 4606 1047 4646 e.
1085 4587 1459 4648 Herodianus
1508 4581 1778 4665 ‘propter
1824 4589 2184 4664 quantitatis
2228 4588 2622 4648 mutationem
2666 4589 2849 4647 etiam
2895 4591 3205 4647 accentum
3246 4604 3378 4644 mu-

756 4677 953 4735 tatum
999 4695 1125 4736 esse
1168 4672 1573 4759 iudicaverit')
1622 4680 1748 4738 eius
1792 4680 1882 4737 rei
1927 4695 2168 4737 causam
2220 4680 2614 4738 mutationem
2670 4679 3024 4754 quantitatis
3083 4669 3380 4750 ἄντικρῠ(

759 4751 1020 4841 ἀντικρυ
1067 4784 1191 4826 θεεθ
1239 4766 1579 4826 arbitratur
1657 4764 1741 4825 cf.
1780 4765 1925 4825 Lob
1965 4767 2040 4826 ad
2089 4766 2306 4843 Plu-yn.
2349 4768 2495 4826 443.

943 4858 1088 4931 200,
1112 4859 1196 4916 20
1244 4852 1423 4935 εὐθύ]
1471 4855 1614 4916 Lob.
1655 4856 1769 4914 ΕΠ
1814 4856 1876 4914 Π
1926 4857 2025 4915 18

943 4947 1193 5028 200,21
1242 4941 1613 5027 δεδείξεται]
1662 4945 1792 5008 adv.
1835 4947 1985 5025 200,
2006 4948 2105 5008 29.
