3738 5530
596 349 719 412 130
1495 349 1679 400 ΠΕΡΙ
1713 347 2278 399 ΕΠΙΡΡΗΜΑΤΩΝ.

1620 457 2160 507 p.540‚8—541‚29b

594 552 735 615 κατ’
780 550 1120 631 αἰτιατικὴν
1167 550 1402 615 ἔςωθέν
1448 569 1588 613 τινα
1630 553 1850 628 δρᾶςιν
1895 548 2272 630 γινομένην,
2326 546 2414 609 ὡς
2460 546 2591 624 ἔχει
2634 547 2709 610 τό
2755 546 3192 610 Διονύςιος

592 654 856 734 τέμνει
913 652 1452 736 Ἀπολλωνίῳ·
1509 655 1810 716 τοιοῦτον
1866 652 1989 729 γάρ
2045 650 2102 713 τί
2158 650 2313 731 ἐςτι,
2372 650 2635 727 τέμνει
2695 670 2763 712 τι
2821 648 2930 712 εἰς
2973 667 3191 726 περι-
3245 669 3296 706 ιο

599 755 914 833 ποίηςιν
959 754 1525 818 Ἀπολλωνίου.
1574 789 1654 799 -
1717 753 1828 816 Καὶ
1873 754 1911 832 ὴ
1958 752 2230 817 διάθεςις
2276 749 2395 816 οὐν
2447 751 2486 828 ἡ
2531 754 2648 815 τοῦ
2692 753 2791 814 δεῖ
2835 749 3190 826 ἐλλειπτικὴ

598 856 753 934 μετὰ
816 859 934 920 τοῦ
1000 855 1470 935 ἀπαρεμφάτου
1526 855 1685 937 <ἐν>
1743 854 1957 938 εὐθείᾳ
2025 853 2528 931 ςυνταςςομένου
2592 853 2856 932 μέτειςιν
2913 850 3019 915 ἐπὶ
3075 853 3191 930 τὴν

529 971 560 1017 5
597 957 974 1039 αἰτιατικὴν,
1030 960 1148 1021 δεῖ
1188 957 1534 1037 γράφειν
1579 955 2156 1031 Ἀπολλώνιον,
2209 953 2321 1020 ἵνα
2364 955 2402 1039 ᾖ
2447 976 2504 1018 τι
2548 957 2880 1034 τοιοῦτον,
2940 953 3192 1017 λείπει

600 1061 688 1123 τὸ
744 1062 1058 1138 πρᾶγμα
1111 1058 1197 1122 τὸ
1253 1057 1334 1121 ἐκ
1388 1061 1528 1121 τοῦ
1588 1058 1928 1138 γράφειν
1985 1057 2552 1123 Ἀπολλώνιον.
2627 1054 2789 1134 ὅπερ
2835 1054 2873 1118 ὁ
2922 1054 3056 1135 βίος
3102 1053 3192 1117 ὡς
3245 1081 3296 1119 15

598 1160 963 1225 ἑπιτατικὸν
1020 1162 1265 1236 μᾶλλον
1323 1159 1698 1237 ἀνεδέξατο,
1758 1160 1921 1239 ὅπερ
1967 1159 2085 1224 οὐκ
2128 1157 2240 1241 ἦν,
2286 1156 2454 1221 ἀλλὰ
2499 1157 2783 1235 ἔλλειψις
2826 1159 2941 1220 τοῦ
2987 1155 3189 1234 πράγ-

596 1282 825 1346 ματος,
872 1263 910 1326 ὃ
959 1262 1057 1327 καὶ
1101 1262 1257 1328 δέον
1300 1262 1380 1341 ἦν
1426 1267 1667 1329 ποιεῖν·
1713 1264 1818 1327 καὶ
1861 1264 2158 1326 ἐντεῦθεν
2203 1261 2242 1339 ἡ
2290 1260 2536 1338 δόκηςις
2581 1262 2692 1336 τῆς
2738 1258 3101 1321 ἐπιτάςεως.

765 1363 929 1427 ’Έςτι
975 1368 1137 1440 γοῦν
1183 1366 1286 1428 καὶ
1326 1365 1404 1429 τὸ
1451 1364 1618 1444 ῥῆμα
1664 1365 1773 1429 ὅτε
1818 1364 2049 1444 φθάνει
2093 1364 2255 1427 ποτὲ
2297 1361 2400 1426 ἐπὶ
2435 1362 2550 1438 τὴν
2595 1360 2849 1424 εὐθεῖαν
2885 1364 3000 1422 τοῦ
3038 1358 3186 1424 ὀνό-

500 1476 560 1525 ιο
596 1486 825 1546 ματος,
886 1466 986 1528 καὶ
1029 1467 1105 1530 τὸ
1150 1470 1488 1543 τηνικαῦτα
1532 1466 1987 1546 καταλαβέςθαι
2032 1466 2108 1529 τὸ
2162 1464 2667 1543 ἀπαρέμφατον,
2725 1460 2815 1524 ὡς
2861 1461 2980 1525 οὐκ
3023 1460 3188 1527 ἔςτιν
3241 1487 3293 1527 20

586 1566 874 1650 εὐθείας,
929 1566 1564 1646 ἀντιμετειλημμένον
1622 1568 1694 1631 δὲ
1749 1566 1837 1631 εἰς
1896 1566 2257 1643 αἰτιατικὴν.
2352 1566 2456 1628 καὶ
2510 1564 2588 1626 δι’
2632 1562 2856 1641 ἑτέρου
2901 1565 2971 1626 δὲ
3028 1562 3187 1626 ὑπο-

595 1670 931 1746 δείγματος
998 1672 1197 1749 ςαφὲς
1263 1669 1560 1746 γινέςθω·
1639 1667 2063 1732 ἀπολείπει
2148 1666 2697 1732 Ἀπολλώνιος
2769 1666 2906 1730 τὸν
2976 1665 3190 1743 περί-

597 1790 875 1834 πατον.
961 1769 1129 1834 ἀλλὰ
1185 1771 1289 1833 καὶ
1352 1770 1389 1833 ὁ
1446 1771 1795 1849 περίπατος
1852 1769 1923 1833 ἐν
1991 1775 2082 1852 τῷ
2151 1768 2378 1856 ῥήματι
2442 1768 2781 1848 γινόμενος
2847 1767 3191 1845 αἰτιατικὴν

598 1874 927 1951 μεταποιεῖ
968 1873 1084 1950 τὴν
1131 1872 1600 1949 Ἀπολλώνιον,
1663 1872 1752 1936 ὡς
1798 1871 1852 1936 εἰ
1899 1871 1997 1934 καὶ
2042 1870 2201 1935 αὐτὸ
2247 1872 2323 1933 τὸ
2368 1874 2467 1935 δεῖ
2518 1868 3003 1950 ἀντιμεταλάβοι
3050 1869 3190 1934 ἀντὶ
3243 1892 3294 1931 25

503 1988 561 2033 15
598 1977 714 2036 τοῦ
761 1973 1089 2055 λείπει[ν],
1142 1978 1265 2037 δεῖ
1316 1974 1848 2038 Ἀπολλώνιος
1904 1973 2041 2037 τὸν
2086 1971 2555 2054 περίπατον,
2598 1972 2687 2036 ὡς
2730 1969 2787 2034 εἴ
2835 1992 2928 2035 τις
2970 1970 3190 2046 ἔλεγεν

596 2073 832 2150 οὕτως,
920 2075 1194 2139 δέεται
1270 2080 1412 2139 τοῦ
1479 2075 1929 2154 περιπάτου
2012 2075 2577 2150 Ἀπολλώνιος,
2666 2074 2767 2135 καὶ
2851 2071 3190 2136 ἀνάπαλιν.

595 2174 761 2240 ἔςτιν
809 2174 928 2240 οὐν
974 2175 1083 2240 ὅτε
1129 2178 1244 2255 μὲν
1290 2176 1361 2241 ἐν
1406 2175 1619 2261 εὐθείᾳ
1660 2177 1735 2240 τὸ
1781 2174 2271 2258 ἀπαρέμφατον,
2316 2177 2390 2239 τὸ
2424 2175 2617 2240 ςυνὸν
2648 2174 2966 2238 πτωτικόν
2997 2172 3192 2237 πάλιν

596 2274 666 2341 ἐν
724 2277 1027 2360 αἰτιατικῇ
1085 2278 1328 2360 οὕτως,
1395 2279 1433 2356 ἢ
1491 2277 1844 2353 ἀνάπαλιν,
1904 2279 2023 2341 δεῖ
2077 2277 2615 2341 Ἀπολλώνιος
2668 2277 2758 2340 τὸ
2822 2275 3191 2355 γράφειν,
3246 2304 3297 2343 ao

730 2429 946 2482 Anava.
1006 2433 1039 2481 3
1073 2427 1392 2482 Infinitivus
1418 2429 1627 2493 autem,
1665 2427 1764 2495 qui
1798 2427 2038 2481 subiecti
2073 2426 2196 2480 loco
2221 2426 2466 2496 ponitur,
2502 2431 2546 2478 si
2584 2425 2885 2479 deficiendi
2908 2425 3194 2478 notionem

596 2511 1018 2580 actionemque,
1069 2529 1212 2581 quae
1247 2514 1307 2567 in
1343 2517 1427 2567 δεῖ
1461 2514 1634 2577 inest,
1681 2514 1738 2564 in
1785 2511 2168 2566 accusativum
2214 2511 2508 2577 transfert,
2556 2511 2730 2564 habes
2773 2510 2919 2565 hanc
2955 2511 3194 2563 structu-

595 2612 751 2649 ram:
788 2599 870 2650 δεῖ
904 2598 1145 2664 γράφειν
1185 2599 1591 2652 Ἀπολλώνιον.
1628 2627 1687 2637 —-
1739 2603 1770 2651 9
1808 2595 2032 2665 Duplex
2067 2595 2243 2666 igitur
2278 2598 2367 2650 est
2401 2598 2693 2649 structura.
2767 2594 2884 2648 Aut
2918 2594 3078 2647 verbi
3111 2596 3197 2647 δεῖ

596 2680 976 2733 nominativus
1012 2681 1253 2736 nominis
1289 2683 1525 2737 alicuius
1560 2681 1878 2735 subiectum
1915 2682 2023 2735 est:
2069 2680 2151 2733 ibi
2195 2678 2506 2734 infinitivus
2542 2680 2865 2733 accusativo
2901 2695 3032 2732 casu
3067 2694 3194 2747 pro-

598 2764 805 2832 fertum
860 2768 961 2820 aut
1002 2767 1313 2821 infinitivus
1358 2768 1675 2822 subiectum
1721 2768 1831 2820 est:
1887 2764 1969 2820 ibi
2021 2781 2226 2820 nomen
2274 2767 2593 2819 accusat-ivo
2647 2782 2778 2818 casu
2832 2764 3089 2818 adicitur.
3132 2794 3193 2803 -

753 2883 938 2939 D1scn.
976 2905 1172 2939 sempr.
1243 2895 1289 2943 9,
1330 2889 1687 2941 Απολλωνιω
1727 2887 1769 2938 Α
1810 2889 1818 2952 Ι
1857 2891 1891 2938 4
1945 2887 2085 2949 μετὰ
2122 2886 2242 2951 Αἰ),
2282 2886 2343 2938 ἑκ
2382 2882 2828 2937 GFSehoemann
2866 2887 2873 2951 Ι
2907 2886 2967 2936 ἐν
3007 2883 3196 2952 εὐθείᾳ

604 2973 1045 3036 ςυνταςςομὲνου
1084 2969 1558 3037 GFSchoemann,
1608 2969 1797 3039 εὐθείᾳ
1840 2971 2253 3036 ςυνταςςομὲνη
2298 2970 2389 3022 Ab
2453 2974 2461 3035 Ι
2528 2974 2577 3020 9.
2629 2969 2754 3022 Εςτι
2799 2969 2930 3022 ante
2966 2966 3061 3020 lin.
3100 2968 3143 3021 Α
3185 2967 3192 3034 Ι

596 3057 686 3107 καί
734 3056 802 3108 τὸ
849 3058 999 3122 ῥῆμα
1046 3059 1143 3111 ὅτε
1191 3059 1393 3123 φθάνει
1437 3057 1581 3110 ποτὲ
1617 3055 1734 3114 Αἰ),
1797 3059 1887 3109 καὶ
1934 3055 2113 3107 ὁπότε
2162 3053 2231 3106 τὸ
2275 3057 2424 3120 ῥῆμα
2460 3053 2663 3119 φθάνει
2700 3051 3143 3106 GFSchoemann
3187 3055 3191 3118 Ι

600 3145 678 3192 10.
715 3155 989 3211 απαρεμφ
1030 3142 1073 3195 Α
1105 3147 1115 3206 Ι
1149 3148 1227 3194 11.
1264 3142 1392 3208 post
1427 3141 1741 3206 αἰτιατικὴν
1776 3139 2012 3192 fortasse
2048 3140 2172 3205 <δεῖ
2211 3139 2598 3193 Ἀπολλώνιος
2634 3138 2704 3190 τὸ
2739 3138 3021 3205 γράφειν)
3053 3136 3196 3189 inse·

599 3223 837 3276 rendum
876 3240 994 3278 esse
1034 3225 1229 3279 censet
1263 3224 1630 3278 RSkrzeczka
1693 3229 1701 3279 Ι
1770 3230 1846 3277 13.
1886 3223 2017 3292 post
2049 3225 2155 3276 τὸν
2191 3224 2506 3290 περίπατον
2543 3220 2992 3275 GFSchosmann
3030 3221 3196 3274 inseri

590 3308 780 3369 iubet.
838 3309 989 3376 quod
1036 3326 1185 3363 nunc
1233 3328 1280 3364 v.
1329 3316 1393 3363 26
1429 3309 1665 3377 legitur,
1723 3307 2045 3377 exemplum
2093 3310 2176 3361 δεῖ
2230 3308 2614 3361 Ἀπολλώνιος
2661 3309 2767 3360 τὸν
2821 3306 3136 3374 περίπατον
3186 3305 3192 3372 Ι

596 3399 676 3449 14.
717 3410 788 3446 αν
822 3410 878 3445 τι
921 3398 1225 3460 μεταλάβοι
1260 3396 1331 3461 Α,
1378 3412 1433 3447 τι
1469 3395 1525 3447 in
1564 3410 1649 3448 τις
1685 3393 1932 3446 mutavit
1966 3395 2045 3445 Ατ
2074 3399 2083 3459 Ι
2117 3397 2195 3449 15.
2233 3392 2412 3446 λείπει
2450 3391 2484 3444 b
2521 3391 2577 3444 in
2602 3407 2721 3445 var.
2746 3390 2876 3444 leot.
2902 3388 3196 3443 GFSehoe-

597 3491 796 3544 mann,
837 3477 1054 3533 λείπειν
1080 3479 1173 3533 Αἰ)
1208 3479 1262 3531 in
1303 3481 1462 3532 textu
1494 3481 1502 3545 Ι
1534 3495 1636 3548 pro
1672 3480 1756 3532 δεῖ
1783 3479 2167 3532 Ἀπολλώνιος
2200 3479 2306 3530 τὸν
2343 3476 2660 3545 περίπατον
2696 3473 3049 3529 scribendum
3078 3489 3197 3527 esse

589 3563 673 3614 δεῖ
714 3565 1103 3617 Ἀπολλώνιον
1138 3566 1170 3616 ό
1209 3565 1519 3631 περίπατος
1557 3563 1752 3617 censet
1775 3560 2230 3616 GFSchoemann
2263 3564 2272 3628 Ι
2303 3562 2352 3615 εί
2385 3578 2468 3614 τις
2507 3559 2980 3623 GFSchoemann‚
3020 3558 3072 3612 εἰ
3107 3560 3198 3611 καὶ

592 3651 634 3700 Α
658 3647 693 3698 b
758 3649 767 3714 Ι
838 3655 916 3702 16.
968 3666 1039 3703 να
1076 3649 1135 3700 in
1182 3652 1463 3702 αναπαλιν
1500 3647 1571 3701 ab
1612 3652 1689 3700 Ατ
1721 3647 1781 3699 in
1816 3663 2014 3700 rasura
2067 3651 2075 3713 Ι
2143 3653 2221 3700 18.
2258 3646 2392 3715 post
2426 3647 2612 3699 οὕτως
2649 3647 2774 3712 (δεῖ
2811 3645 3200 3698 Ἀπολλώνιον

596 3732 666 3784 τὸ
702 3733 985 3801 γράφειν)
1019 3733 1217 3788 inserit
1250 3732 1617 3786 RSkrzeozka
1678 3749 1689 3798 Ι
1752 3730 1960 3785 Totum
2006 3731 2192 3785 locum
2238 3732 2317 3784 sic
2363 3729 2774 3784 restituendum
2822 3744 2940 3781 esse
2994 3727 3201 3781 conicit

596 3814 985 3871 RSehneider:
1034 3819 1178 3872 Ἐςτι
1214 3823 1355 3883 γοῦν
1400 3820 1490 3870 καὶ
1526 3819 1595 3871 τὸ
1644 3821 1793 3884 ῥῆμα
1829 3821 1929 3871 ὅτε
1965 3817 2169 3883 φθάνει
2216 3818 2358 3870 ποτὲ
2402 3816 2493 3869 ἐπὶ
2528 3819 2637 3881 τὴν
2674 3815 2897 3868 εὐθεῖαν
2932 3818 3034 3867 τοῦ
3072 3814 3193 3866 ὁνό·

597 3917 800 3967 ματος,
852 3906 943 3956 καί
986 3905 1055 3956 τὸ
1103 3907 1414 3970 τηνικαῦτα
1460 3904 1866 3969 καταλαβέςθαι
1914 3904 1983 3955 τὸ
2019 3902 2460 3967 ἀπαρέμφατον,
2508 3901 2587 3952 ὡς
2635 3899 2738 3952 οὐκ
2774 3900 2922 3952 ἔςτιν
2959 3897 3197 3962 εὐθείας,

596 3987 1174 4057 ἀντιμετειλημμένον
1209 3989 1271 4042 δὲ
1307 3987 1386 4041 είς
1423 3987 1772 4055 αἰτιατικὴν·
1810 3989 1959 4054 ((δεῖ
1999 3987 2383 4040 Ἀπολλώνιος
2408 3987 2512 4038 τὸν
2538 3984 2899 4050 περίπατον’,
2935 3985 3014 4040 ὡς
3042 3983 3198 4036 εἴτις

596 4071 791 4135 ἔλεγεν
845 4074 1063 4139 οὕτως,
1120 4073 1327 4126 (δέεται
1380 4078 1484 4125 τοῦ
1541 4075 1855 4139 περιπάτου
1915 4071 2338 4138 Ἀπολλώνιος)
2376 4112 2386 4122 .
2427 4072 2517 4123 καί
2570 4071 2642 4122 δι’
2699 4069 2894 4134 ἑτέρου
2947 4069 3009 4122 δὲ
3061 4068 3197 4120 ὑπο·

599 4157 895 4221 δείγματος
941 4162 1113 4224 ςαφὲς
1156 4159 1421 4223 γινέςθω·
1478 4157 1795 4211 τἀπολείπει
1853 4157 2239 4209 Ἀπολλώνιος
2285 4156 2389 4207 τὸν
2442 4153 2799 4221 περίπατον’.
2863 4181 2921 4191 -—
2977 4152 3121 4205 ἀλλὰ
3168 4154 3200 4203 ό

599 4242 909 4306 περίπατος
956 4245 1019 4296 ἐν
1072 4249 1157 4311 τῷ
1206 4245 1414 4310 ῥήματι
1458 4245 1754 4307 γινόμενος
1804 4242 2125 4305 αἰτιατικὴν
2173 4245 2464 4304 μεταποιεῖ
2499 4241 2607 4304 τὴν
2645 4239 3063 4302 Ἀπολλώνιον,
3121 4239 3201 4291 ὡς

602 4325 650 4377 εἰ
687 4329 777 4379 καὶ
815 4329 1072 4397 αὐτὸ<ς>
1106 4331 1176 4381 τὸ
1212 4330 1295 4381 δεῖ
1331 4326 1761 4393 ἀντιμεταλάβοι
1795 4327 1924 4379 ἀντὶ
1959 4329 2064 4378 τοῦ
2101 4324 2380 4394 λείπει[ν]
2404 4325 2551 4391 ((δεῖ
2579 4324 2966 4376 Ἀπολλώνιον
2991 4325 3023 4376 ὁ
3048 4324 3198 4389 περί-

600 4413 847 4480 πατος’>
897 4413 1001 4480 [δεῖ
1040 4413 1423 4467 Ἀπολλώνιος
1467 4413 1573 4465 τὸν
1619 4410 1964 4476 περίπατον,
2018 4410 2097 4463 ὠς
2145 4407 2194 4462 εἰ
2238 4413 2326 4461 καὶ
2372 4410 2567 4473 ἔλεγεν
2615 4409 2830 4474 οὕτως,
2876 4409 3060 4461 δέεται
3095 4413 3198 4461 τοί)

601 4498 916 4561 περιπάτου
957 4496 1363 4565 Ἀπολλώνιος]
1392 4485 1505 4550 ψκαὶ
1549 4496 1854 4550 ἀνάπαλιν·
1902 4494 2147 4563 <’λείπει
2186 4494 2576 4548 Ἀπολλώνιον
2624 4496 2656 4547 ὁ
2704 4492 3098 4561 περίπατος’>.
3137 4523 3202 4532 -

601 4579 750 4632 ἐςτιν
786 4583 917 4649 οὖν,
955 4587 1053 4637 ὅτε
1090 4585 1194 4651 μὲν
1231 4583 1291 4635 ἐν
1327 4580 1516 4649 εὐθείᾳ
1549 4581 1619 4633 τὸ
1656 4580 2097 4648 ἀπαρέμφατον,
2134 4580 2203 4632 τὸ
2231 4581 2402 4634 ςυνὸν
2428 4581 2720 4633 πτωτικὸν
2745 4578 2915 4632 πάλιν
2940 4580 3003 4631 ἐν
3027 4578 3202 4632 αἰτια-

600 4670 754 4732 τικῇ,
793 4669 1005 4722 οὕτως·
1046 4671 1194 4736 <ῑδεῖ
1234 4668 1625 4720 Ἀπολλώνιον
1660 4667 1731 4718 τὸ
1767 4666 2103 4732 γράφειν’),
2142 4667 2176 4730 ἢ
2214 4666 2519 4719 ἀνάπαλιν·
2572 4666 2677 4717 (δεῖ
2715 4665 3092 4718 Ἀπολλώνιος
3129 4667 3198 4716 τὸ

599 4749 880 4818 γράφειν’,
929 4754 993 4806 ἑν
1038 4752 1125 4808 οῖς
1170 4755 1478 4819 αἰτιατικῆς
1525 4751 1741 4816 γίνεται
1786 4751 1856 4803 τὸ
1901 4752 2156 4817 γράφειν.
2214 4780 2273 4788 -
2329 4751 2362 4804 ό
2408 4751 2578 4802 αὐτὸς
2617 4750 2785 4813 λόγος
2832 4751 2924 4801 καὶ
2961 4749 3054 4801 ἐπὶ
3093 4753 3198 4801 τοῦ

597 4835 729 4910 χρὴ,
770 4845 1237 4906 ςυνωνυμοῡντος
1272 4844 1359 4908 τῷ
1396 4841 1495 4895 δεῖ.
2942 4829 2955 4841 ’
