3738 5530
610 323 737 387 112
1549 327 1721 376 ΠΕΡΙ
1757 325 2258 381 ΑΝΤΩΝΤΜῙΑΣ.

1452 433 1802 483 p.142(402)13
1827 434 1851 473 ‘1
1879 453 1926 462 -
1957 428 2172 481 mum)
2196 434 2234 473 Β
2263 435 2313 473 ιο
2339 434 2368 472 b
2429 428 2464 485 ·‚

602 527 693 592 Τό

859 633 1057 711 ςφεᾶς
1100 630 1260 698 ἔειξε
1303 630 1520 709 χώρας

597 733 761 812 παρ’
804 732 1099 812 Ἀλκμᾶνι
1141 730 1250 814 (fr.
1294 731 1372 796 31
1425 729 1638 815 Bergk
1662 730 1716 814 3)
1762 737 1855 816 τῷ
1901 735 1936 795 ἒ
1979 733 2337 799 πλεονάζει.
2388 769 2461 779 -
2510 731 2762 813 Εἴρηται
2808 735 2899 799 ὡς
2942 729 3018 799 τὸ

851 834 994 912 ἤτοι
1036 835 1159 913 γὰρ
1202 834 1436 912 πατέρ’
1480 834 1645 912 ἁμὸν
1693 833 1777 918 (Ζ
1819 833 1975 918 414)

528 936 736 1004 6’1'cov
793 936 923 1001 ἐςτὶ
979 942 1071 1020 τῷ
1125 935 1468 1017 ἡμέτερον,
1528 936 1669 1001 ἀλλ’
1727 935 1851 1015 οὐχ
1895 935 1984 1000 ὥς
2027 956 2195 1001 τινες
2240 935 2568 1017 ὑπέλαβον
2614 936 2685 1001 ἐκ
2727 942 2843 1002 τοῦ
2889 937 3045 1018 ἐμόν
3089 957 3193 1015 με·
3234 950 3274 1005 C

595 1041 963 1119 τειλῆφθαι·
1024 1035 1105 1102 οὐ
1161 1039 1285 1119 γάρ
1339 1059 1499 1103 ποτε
1555 1038 1632 1103 τὸ
1690 1041 1724 1102 ἒ
1780 1037 1868 1102 εἰς
1928 1042 1970 1100 ἇ
2024 1040 2269 1117 μακρὸν
2324 1039 2903 1122 μεταλαμβάνεται,
2959 1039 3056 1104 ὅτι
3116 1040 3198 1118 μὴ

595 1141 705 1205 ἐπὶ
746 1143 864 1204 τοῦ
908 1140 1020 1205 κέν
1067 1140 1451 1223 ςυνδέςμου,
1512 1140 1613 1204 καὶ
1664 1144 1898 1222 ταῦτα,
1958 1139 2013 1205 εἰ
2057 1140 2294 1220 δοθείη.
2394 1138 2609 1205 ἄλλως
2652 1161 2721 1204 τε
2767 1140 3030 1219 ςύνηθές
3075 1140 3198 1204 ἐςτι

592 1244 670 1308 τὸ
717 1243 1170 1321 πληθυντικοῖς
1214 1241 1354 1307 ἀντὶ
1397 1241 1627 1307 ἑνικῶν
1673 1244 1957 1323 χρῆςθαι,

849 1344 1033 1423 ἡμεῖς
1078 1343 1135 1408 δ’
1180 1344 1259 1409 οὔ
1303 1344 1382 1410 νύ
1427 1364 1485 1408 τι
1529 1347 1696 1409 τοῖοι
1742 1343 2130 1425 ἀμυνέμεναι
2175 1345 2240 1426 (β
2284 1343 2398 1423 60)

495 1464 558 1514 ιο
595 1446 699 1511 καὶ
744 1445 865 1525 ἐφ’
907 1444 1058 1509 ἑνὸς
1101 1448 1220 1509 τοῦ
1262 1444 1670 1525 Πατρόκλου,

844 1545 1152 1627 ἡμέτερος
1196 1547 1498 1626 θεράπων
1544 1547 1635 1630 (Π
1676 1545 1860 1631 244)·

589 1652 893 1715 τοιοῦτον
941 1646 1062 1714 οὖν
1106 1648 1209 1713 καὶ
1249 1649 1328 1714 τὸ
1375 1648 1622 1727 «ἁμόν».
1675 1685 1760 1695 -
1816 1649 1983 1727 πρὸς
2038 1648 2135 1714 οἷς
2180 1649 2279 1714 καὶ
2322 1650 2400 1714 τὸ
2445 1650 2607 1729 ὑμόν
2653 1651 2757 1714 καὶ
2801 1650 2967 1730 ςφόν
3014 1656 3190 1718 ςυζυ-
3229 1667 3327 1715 143
3349 1662 3394 1712 A

588 1755 836 1828 γοῦντα
892 1748 1203 1828 ὁμολογεῖ
1257 1750 1333 1815 τό
1391 1749 1576 1816 ἐντός
1630 1750 2077 1829 πληθυντικόν.
2178 1752 2298 1816 καὶ·
2335 1750 2376 1829 ἡ
2433 1752 2704 1831 ςυνήθης
2762 1751 2990 1831 φράςις
3036 1752 3190 1817 ἀνά-

590 1852 792 1917 πλεός
840 1850 968 1915 ἐςτι
1023 1854 1214 1916 τοῦδε
1268 1854 1387 1916 τοῦ
1445 1854 1774 1931 ςχήματος.
1833 1888 1915 1897 ——
1974 1852 2075 1918 καὶ
2119 1851 2241 1917 οὐκ
2285 1851 2672 1934 ἀπεμφαίνει
2716 1851 2754 1917 6
2803 1852 3029 1928 λόγος·
3085 1852 3190 1934 ἐμ-

495 1973 558 2023 ιῡ
591 1952 986 2034 περιεκτικός
1029 1951 1153 2032 γάρ
1196 1953 1364 2018 ἐςτιν
1409 1953 1448 2016 ὁ
1494 1953 1921 2033 πληθυντικὸς
1965 1954 2228 2034 ἀριθμὸς
2271 1957 2391 2018 τοῦ
2437 1953 2668 2019 ἑνικοῦ.

762 2053 924 2134 Οὐχὶ
967 2051 1088 2120 οὖν
1132 2054 1234 2119 καὶ
1279 2053 1317 2119 6
1363 2055 1606 2127 δυϊκός;
1659 2055 1718 2119 τί
1763 2054 1885 2121 οὖν
1932 2054 2080 2135 οὐχὶ
2123 2057 2361 2121 δυϊκοῖς
2409 2056 2705 2136 χρώμεθα
2749 2054 2892 2121 ἀντὶ
2933 2056 3192 2132 ἑνικῶν;

590 2156 761 2223 Ἀλλ’
818 2155 939 2221 οὐκ
997 2153 1162 2221 ἔςτιν
1207 2154 1426 2234 ὅμοια·
1484 2155 1523 2220 6
1567 2158 1682 2234 μὲν
1737 2157 1865 2235 γὰρ
1927 2157 2141 2222 δυῖκὸς
2195 2156 2287 2221 ὡς
2341 2158 2564 2237 κύριον
2620 2155 2829 2235 ὄνομα
2874 2160 3032 2222 κατὰ
3067 2162 3192 2229 ,τοῦ

592 2258 712 2325 δύο
758 2257 991 2337 ἐτάχθη
1002 2306 1021 2340 ,
1078 2255 1117 2320 6
1171 2259 1243 2322 δὲ
1297 2258 1720 2336 πληθυντικός
1771 2259 1992 2322 κοινὸς
2045 2259 2287 2324 παντὸς
2333 2259 2619 2338 πλήθους
2663 2259 3027 2338 καθέστηκε,
3087 2260 3186 2325 καὶ
3227 2268 3269 2321 Β

590 2362 695 2424 διὰ
736 2363 933 2429 τοῦτο
979 2359 1231 2434 γενικός
1276 2358 1372 2426 ὢν
1417 2360 1576 2424 κατὰ
1618 2365 1752 2425 τῶν
1798 2359 2016 2424 ἰδικῶν
2058 2359 2364 2425 τάςςεται.
2413 2395 2494 2405 -—
2539 2360 2640 2425 διὸ
2686 2361 2790 2424 καὶ
2811 2362 3192 2442 μεμφόμεθα

489 2480 557 2530 20
590 2462 667 2527 τὸ
727 2459 950 2526 δυῖκὸν
1008 2461 1166 2525 κατὰ
1220 2463 1665 2539 πληθυντικῶν
1709 2461 2128 2542 ταςςόμενον,
2185 2463 2289 2527 καὶ
2331 2461 2423 2526 ἔτι
2466 2461 2543 2524 τὸ
2589 2461 2820 2527 ἑνικόν.
2872 2499 2948 2508 -
2995 2465 3191 2529 πάλιν

593 2566 670 2643 δὴ
715 2563 754 2626 ὁ
798 2561 1072 2640 Ἀλκμὰν
1118 2559 1225 2647 (fr.
1271 2560 1350 2625 31
1400 2560 1617 2645 Bergk
1638 2560 1693 2645 3)
1735 2564 1814 2628 τὸ
1860 2565 2105 2643 ςφεᾶς
2151 2563 2294 2627 ἀντὶ
2338 2563 2551 2628 ἑνικοῦ
2596 2564 2775 2630 ἔταξε
2823 2565 2922 2628 καὶ
2966 2567 3041 2630 τὸ

847 2665 1035 2743 ςφοῑς
1080 2662 1487 2743 ἀδελφιδεοῑς
1532 2666 1695 2742 κᾶρα
1739 2663 1842 2729 καὶ
1886 2664 2102 2743 φόνον
2149 2662 2276 2748 (fn.
2304 2663 2388 2729 56
2435 2662 2736 2748 Bergk3).
2789 2701 2862 2712 —

591 2765 887 2832 Ἣςίοδος
930 2764 1149 2845 μέντοι
1193 2764 1578 2847 ἐπίμεμπτος
1623 2765 1786 2832 ἐςτιν
1833 2765 2035 2831 εἰπὼν

848 2867 959 2932 ἑὸν
1005 2867 1205 2932 κακὸν
1253 2866 1774 2948 ἀμφαγαπῶντες
1820 2866 1925 2951 (Ο.
1973 2865 2051 2931 D.
2095 2867 2230 2951 58),

492 2988 559 3036 26
597 2972 669 3039 ἐν
715 2972 769 3055 ᾧ
816 2970 1004 3051 ἑνικῷ
1051 2969 1193 3035 ἀντὶ
1236 2972 1665 3049 πληθυντικοῦ
1710 2969 2052 3048 ἐχρήςατο·
2097 2972 2200 3035 καὶ
2248 2970 2679 3050 Καλλίμαχος·

728 3158 944 3210 Anava.
1015 3159 1047 3207 4
1094 3155 1262 3221 Ἀμός
1308 3152 1538 3224 ponitur
1581 3153 1723 3208 illud
1771 3153 2001 3222 quidem
2046 3170 2150 3223 pro
2196 3155 2329 3221 ἐμός
2378 3154 2582 3220 (solent
2616 3153 2764 3208 enim
2807 3151 3052 3221 pluralia
3086 3168 3188 3222 pro

592 3238 972 3314 singuiaribus
1016 3238 1205 3307 poni),
1250 3238 1352 3292 sed
1387 3254 1498 3292 non
1534 3240 1623 3293 eet
1657 3239 1842 3292 ortum
1880 3254 1949 3291 ex
1988 3237 2122 3308 hoo;
2171 3255 2460 3306 nunquam
2505 3239 2655 3292 enim
2696 3243 2731 3292 ἓ
2775 3237 2836 3291 in
2883 3243 2920 3291 ἃ
2960 3237 3190 3309 longam

591 3323 812 3380 transit.
869 3352 935 3363 —
994 3329 1054 3377 16
1099 3322 1299 3392 Neque
1357 3323 1541 3377 dualis
1597 3321 1670 3376 ad
1723 3338 1893 3376 unam
1947 3338 2244 3392 personam
2298 3322 2568 3376 refertur:
2626 3322 2809 3376 dualis
2864 3321 3014 3376 enim
3060 3338 3188 3392 pro·
3227 3355 3230 3356 ν

592 3409 782 3480 prium
816 3409 905 3462 est
939 3406 1077 3461 duas
1112 3425 1201 3462 res
1235 3406 1586 3477 significare;
1623 3423 1805 3475 neque
1842 3406 2027 3461 dualis
2062 3409 2164 3463 aut
2197 3406 2496 3476 singularis
2529 3408 2719 3475 potest
2742 3406 2973 3476 pluralis
2997 3408 3190 3476 partes

594 3494 891 3549 nuetinere.

729 3647 958 3701 Tsssnu.
1029 3651 1076 3699 ὁ.
1122 3642 1307 3700 Sohol.
1353 3645 1398 3699 Α
1445 3643 1518 3698 ad
1562 3644 1611 3698 Ζ
1657 3650 1758 3698 414
1814 3637 2149 3743 .ς1ημί7’τ;(ιιόςΙ
2195 3660 2373 3713 φησιν
2421 3638 2556 3698 ἀντὶ
2591 3644 2695 3698 τοῦ
2734 3638 2904 3712 ἐμόν·
2954 3644 3050 3699 διὸ
3087 3645 3187 3698 καὶ

595 3726 873 3797 ἄντικρὺς
921 3732 1108 3797 φιλοῖ·
1160 3723 1569 3797 πιθανώτερον
1624 3727 1690 3782 δέ
1736 3723 1855 3783 ἔστι
1910 3721 2316 3798 Δωρικῶτερον
2376 3726 2528 3783 εἶναι
2583 3720 2715 3783 ἀντὶ
2770 3728 2875 3783 τοῦ
2914 3726 3189 3825 ἡμέτερον

594 3813 746 3887 ἀμόν
783 3809 956 3884 (ἁμόν
992 3829 1134 3868 corr,
1169 3800 1526 3881 HLAhrws).
1572 3804 1753 3876 οὕτως
1784 3806 2165 3877 Ἀπολλώνιος.

730 3965 914 4023 Drscn.
949 3983 1144 4021 sempr.
1216 3972 1264 4020 2.
1302 3981 1533 4035 ςφεαςε,
1569 3969 1714 4021 ειξεν
1749 3968 1793 4022 Α
1842 3971 1852 4035 Ι
1906 3973 1953 4021 3.
1990 3971 2076 4035 τῷ
2117 3983 2144 4020 ε
2183 3966 2247 4033 b,
2283 3983 2353 4020 το
2390 3966 2422 4021 ἐ
2458 3967 2502 4021 Α
2552 3968 2559 4029 Ι
2611 3965 2838 4034 Εἴρηται
2872 3965 2938 4033 b,
2977 3982 3193 4034 ειρηται

594 4068 702 4120 γαρ
726 4052 799 4116 Α,
837 4050 937 4105 sed
972 4068 1080 4119 γαρ
1116 4050 1331 4106 delevit
1355 4052 1417 4105 Α1
1452 4053 1461 4116 Ι
1491 4057 1540 4105 ὁ.
1577 4066 1729 4105 εςτιν
1766 4053 1808 4105 Α
1840 4054 1850 4119 Ι
1882 4068 2018 4116 εμον
2054 4052 2128 4117 Α,
2166 4052 2300 4116 ἐμός
2336 4051 2372 4104 b
2413 4052 2423 4118 Ι
2464 4056 2614 4105 6-6.
2655 4058 2749 4104 ‘ne
2785 4051 2911 4119 quis
2947 4050 3195 4120 corrigat

598 4136 984 4204 μετείληπται’
1021 4135 1059 4189 b
1096 4136 1156 4190 in
1192 4153 1309 4190 var.
1347 4133 1478 4189 lect.
1519 4137 1529 4201 Ι
1571 4140 1619 4190 6.
1657 4136 1724 4189 οὐ
1761 4135 1867 4202 γάρ
1905 4134 2073 4204 ποτε]
2109 4134 2206 4189 fol.
2251 4141 2346 4190 193
2371 4153 2432 4200 r.,
2470 4137 2722 4190 ceterum
2758 4153 2827 4189 ου
2862 4137 3192 4202 coopertum

597 4220 795 4274 charta
829 4236 864 4273 a
896 4220 1228 4291 bibliopega
1260 4220 1408 4274 illita
1446 4223 1456 4287 Ι
1500 4225 1546 4275 7.
1586 4236 1733 4275 εςτιν
1770 4222 1813 4275 Α
1844 4220 1854 4287 Ι
1884 4225 1933 4278 9.
1969 4220 2248 4286 ἀμυνέμεν
2283 4218 2561 4274 Homerus
2597 4220 2752 4291 vulg.
2786 4226 2795 4287 Ι
2829 4225 2909 4273 12.
2945 4236 3091 4284 αμον
3127 4220 3190 4286 Α,

596 4307 738 4373 ἁμός
774 4304 811 4358 b
852 4308 863 4372 Ι
902 4307 1044 4373 πρὸς
1079 4306 1166 4362 οῖς
1188 4305 1246 4373 b,
1285 4321 1568 4374 προςοιοις
1593 4307 1637 4361 Α
1678 4307 1688 4370 Ι
1736 4310 1947 4358 13-14.
1983 4308 2267 4360 αναπλεος
2293 4305 2357 4371 Α,
2394 4305 2696 4359 ἀνάπλεώς
2722 4304 2757 4358 b
2789 4306 2798 4370 Ι
2833 4310 2908 4357 14.
2935 4320 3083 4358 εςτιν
3111 4304 3153 4356 Α
3185 4304 3193 4371 Ι

601 4395 679 4444 16.
715 4390 867 4444 vocis
901 4394 1281 4458 πληθυντικος
1316 4390 1544 4444 litterae
1589 4392 1704 4455 πλη
1750 4388 1811 4442 in
1856 4405 1962 4442 ras.
2010 4388 2070 4442 in
2106 4388 2216 4444 fine
2253 4406 2470 4456 versus,
2515 4393 2620 4444 θυν
2662 4388 2810 4442 ultra.
2844 4403 3093 4452 veroum,
3139 4404 3194 4441 τι

596 4473 654 4528 in
691 4491 871 4542 versu,
909 4474 1008 4542 qui
1041 4475 1310 4541 sequitur,
1357 4473 1417 4527 in
1454 4490 1559 4527 ras.
1594 4473 1838 4542 scriptae
1878 4476 1888 4541 Ι
1934 4478 2010 4529 18.
2048 4478 2390 4541 καθεςτηκεν
2428 4477 2470 4529 Α
2512 4476 2520 4541 Ι
2575 4479 2647 4527 19.
2685 4473 2908 4538 γενικὸς
2942 4472 3010 4537 b,
3047 4487 3190 4536 γενι-

599 4575 713 4614 κως
740 4562 782 4614 Α
814 4561 825 4628 Ι
853 4561 1047 4614 ιδικων
1073 4560 1135 4622 Α,
1174 4559 1398 4614 εἰδικῶν
1433 4558 1471 4611 b
1502 4561 1511 4624 Ι
1541 4564 1623 4612 21.
1659 4561 1832 4623 ςφεᾶς
1871 4555 2184 4611 HLAhrene
2218 4556 2513 4628 ThBergk‚
2558 4557 2729 4623 ςφέας
2768 4557 2802 4608 b
2833 4559 2842 4622 Ι
2874 4558 3070 4610 εταξεν
3106 4558 3148 4610 Α
3179 4557 3188 4624 Ι

597 4643 677 4697 nie
712 4643 898 4698 locum
933 4644 1228 4699 constituit
1260 4641 1565 4711 ThBergk,
1605 4642 1778 4696 verba
1820 4643 1911 4695 καὶ
1949 4642 2021 4695 τὸ
2055 4641 2375 4710 fragmento
2410 4641 2690 4694 tribuerat
2723 4639 2759 4693 b
2798 4639 2809 4708 Ι
2846 4643 2928 4692 22.
2965 4640 3191 4706 ἀδελφι-

596 4730 743 4782 δεοῑς
777 4727 1072 4798 ThBergk,
1110 4729 1458 4795 ἀδελφιδέοις
1493 4727 1530 4779 b
1560 4729 1570 4794 Ι
1600 4730 1745 4793 κᾶρα
1780 4726 1814 4778 b
1852 4724 1911 4778 in
1951 4741 2063 4780 var.
2092 4726 2221 4781 leot.
2249 4724 2545 4792 ThBergk,
2583 4739 2760 4790 καραν
2784 4724 2878 4780 Ab
2902 4723 2963 4777 in
2987 4724 3151 4778 textu
3181 4727 3189 4790 Ι

598 4817 681 4866 ⁶25.
719 4828 808 4866 και
845 4815 1179 4877 καλλιμαχος
1217 4815 1280 4878 Α,
1321 4811 1670 4879 Καλλίμαχος
1706 4810 1743 4862 b
