3738 5530
631 307 1073 366 Commentarius
1102 308 1328 364 criticus
1357 309 1416 364 et
1442 307 1764 379 exegeticus
1791 307 1854 362 in
1881 306 2169 378 Apollonii
2197 305 2426 376 Dyscoli
2454 306 2663 378 scripta
2690 306 2925 365 minora.
3012 305 3095 374 31

489 476 703 555 φαμὲν
749 474 870 550 ναί,
920 475 1022 539 καὶ
1067 474 1307 550 γίνεται
1344 472 1552 538 οὕτως
1588 474 1627 551 ἡ
1668 473 2051 552 ἐπερώτηςις
2081 524 2093 536 .
2125 524 2138 537 .
2170 523 2183 536 .
2215 524 2227 535 .
2257 472 2420 551 πρὸς
2451 524 2463 536 .
2497 524 2508 535 .
2541 473 2616 537 τὸ
2654 473 2925 554 γράφεις
2962 474 3097 540 κατ’

491 564 879 643 ἐπερώτηςίν
915 583 1131 643 φαμεν
1168 562 1404 643 γράφω
1430 562 1471 641 ἢ
1502 613 1515 626 .
1547 613 1560 626 .
1589 562 2109 628 διπλαςιάςαντες
2145 563 2263 640 τὴν
2309 562 2681 641 κατάφαςιν,
2721 564 2827 628 ναὶ
2863 564 3098 644 γράφω

486 656 563 716 ib.
614 659 762 732 246,
784 660 882 716 27.
1001 656 1173 716 Hanc
1234 656 1675 717 distinctionem
1738 655 1853 733 Ap.
1917 655 2127 716 debere
2194 654 2407 715 Stoicis
2471 659 2673 716 monet
2736 656 2920 737 Uhlig
2977 657 3097 717 ind.

487 746 684 805 DThr.
727 746 869 806 150.
963 746 1286 807 Posteriori
1338 748 1876 825 interrogationum
1921 746 2123 823 generi
2168 745 2499 805 inserviunt
2542 746 2875 822 particulae
2888 793 2905 823 ,
2951 767 3099 824 quas

486 854 687 896 omnes
733 835 1245 896 coniunctionibus
1292 835 1571 895 attribuit
1614 834 1727 912 Ap.
1819 834 1909 893 De
1955 835 2048 894 his
2094 834 2253 893 infra
2300 838 2527 913 agetur.

669 926 1010 1001 14‚8——1o
1056 927 1127 984 cf.
1174 924 1354 984 Prisc.
1401 924 1518 982 XII
1556 926 1595 984 4
1642 945 1699 1001 p.
1740 924 2191 998 579,15--17.

675 1016 775 1089 14,
798 1016 833 1073 9
882 1013 1116 1086 γνῶςιν
1162 1008 1452 1092 πρώτην]
1518 1014 1589 1073 cf.
1638 1015 1791 1089 synt.
1843 1014 1947 1088 57,
1969 1014 2051 1072 24
2111 1008 2175 1072 αἱ
2222 1008 2288 1073 ἐξ
2335 1008 2552 1073 αὐτῶν
2609 1009 2767 1090 (τῶν
2813 1008 3097 1075 ἀντωνυ-

497 1099 687 1181 μιῶν)
734 1099 956 1165 δείξεις
1000 1102 1247 1178 πρῶται
1295 1098 1528 1178 ἔφοδοί
1576 1097 1687 1162 εἰςι
1733 1101 1867 1161 τῶν
1914 1097 2352 1176 ὑποκειμένων
2398 1098 2783 1178 προςώπων,
2830 1099 2908 1164 οὐ
2955 1101 3097 1165 δεό-

490 1208 672 1267 μεναι
717 1192 829 1267 τῆς
875 1191 1007 1253 τῶν
1055 1186 1311 1267 ἄρθρων
1358 1187 1728 1254 ςυντάξεως.
1819 1190 2001 1250 Prisc.
2048 1190 2223 1250 XVII
2262 1192 2343 1250 27
2384 1211 2439 1269 p.
2483 1193 2629 1267 124,
2652 1194 2734 1251 14
2773 1186 3100 1253 ‘Articulus

488 1282 809 1342 secundam
861 1284 1140 1341 notitiam
1194 1281 1638 1359 suppositorum
1691 1280 2074 1340 demonstrat.
2179 1279 2245 1339 Si
2299 1283 2457 1339 enim
2514 1280 2709 1341 dicam
2757 1275 3099 1357 ἄνθρωπος

489 1366 710 1445 ἦλθεν,
764 1370 1021 1448 primam
1074 1373 1353 1431 notitiam
1399 1369 1673 1445 ostendo3
1735 1371 1827 1429 sin
1875 1364 1914 1430 ὁ
1962 1363 2305 1444 ἄνθρωπος
2349 1364 2560 1443 ἦλθεν,
2608 1365 2965 1431 secundam'.
3013 1403 3101 1414 -

491 1459 682 1530 Quam
727 1459 1172 1520 demonstrandi
1217 1459 1340 1518 vim
1385 1477 1505 1536 qua
1548 1461 1744 1536 prima
1788 1458 2008 1518 notifia
2053 1457 2308 1519 efficitur
2351 1460 2581 1536 primae
2624 1463 2864 1520 tantum
2908 1465 2970 1520 et
3013 1477 3099 1520 se-

489 1548 716 1609 cundae
761 1567 1045 1627 personae
1093 1549 1418 1610 subiectam
1466 1565 1589 1608 esse
1626 1549 1921 1625 praecipit
1966 1551 2119 1625 synt.
2156 1551 2301 1624 114,
2324 1549 2422 1607 18.
2472 1549 2577 1623 60,
2597 1550 2654 1608 4.
2719 1568 2885 1628 pron.
2920 1550 3021 1625 13,
3044 1552 3097 1609 7.

492 1641 593 1715 14,
614 1640 670 1700 5.
703 1641 803 1698 14.
895 1639 1134 1700 Tertiae
1187 1656 1336 1716 pers.
1383 1638 1749 1716 personalia,
1803 1656 1840 1697 a
1886 1636 2101 1715 quibus
2155 1657 2228 1698 ea
2282 1656 2437 1715 quae
2480 1655 2588 1698 nos
2632 1638 3101 1700 demonstrativa

489 1728 681 1788 dicere
735 1729 1144 1788 consuevimus
1198 1748 1319 1788 non
1372 1729 1626 1788 secernit
1668 1727 1811 1804 Ap„
1876 1746 2239 1805 quamquam
2294 1730 2386 1788 est
2440 1727 2543 1786 ubi
2597 1747 2715 1788 non
2761 1730 2957 1788 minus
3002 1728 3100 1787 de-

488 1819 820 1878 monstrent
872 1813 953 1878 τὰ
1009 1812 1114 1878 ὑπ’
1161 1812 1344 1891 ὄψιν;
1409 1818 1472 1876 in
1518 1817 1860 1877 universum
1904 1819 2109 1876 tamen
2154 1836 2191 1876 a
2235 1819 2455 1877 natura
2497 1817 2662 1877 facta
2705 1821 2846 1878 sunt
2890 1817 2967 1878 ad
3010 1837 3099 1878 re-

489 1908 775 1967 lationem
830 1906 1200 1967 efficiendam
1214 1953 1230 1982 ,
1294 1925 1445 1983 quae
1507 1907 1639 1984 ipsa
1659 1975 1685 1990 .
1699 1924 1933 1983 quoque
1988 1906 2177 1968 δεῖξις
2223 1905 2516 1983 quaedam
2561 1910 2677 1985 est,
2740 1926 3099 1985 quamquam

490 2014 609 2057 non
663 1996 852 2058 δεῖξις
911 1996 1022 2072 τῆς
1077 1991 1298 2069 ὄψεως
1353 1996 1464 2062 vel
1495 1997 1647 2056 alius
1693 1993 2001 2056 cuiusdam
2047 2012 2269 2072 sensus,
2313 2014 2467 2073 quae
2511 1996 2740 2072 primae
2785 1997 3100 2057 secundae·

489 2104 606 2162 que
651 2104 936 2163 personae
980 2086 1298 2146 tribuenda
1341 2088 1449 2160 est,
1493 2085 1597 2144 sed
1642 2084 1830 2146 δεῖξις
1875 2083 1993 2146 τοῦ
2040 2084 2185 2146 νοῦ;
2231 2087 2428 2146 mente
2464 2087 2625 2145 enim
2661 2105 2866 2146 earum
2899 2103 3101 2146 rerum

490 2194 642 2252 quae
695 2175 909 2235 tertiae
963 2193 1114 2253 pers.
1170 2174 1617 2254 pronominibus
1672 2174 2061 2253 designantur
2116 2175 2438 2253 accipimus
2483 2176 2882 2254 cognitionem
2944 2179 3097 2253 synt.

493 2265 1019 2341 98,15—99‚22.
1114 2263 1481 2325 GFSehoem.
1530 2267 1642 2324 art.
1694 2266 1793 2323 20.
1826 2265 1928 2323 54.

671 2356 771 2429 14,
795 2355 875 2413 12
923 2350 1299 2415 Ἀκωλύτως
1334 2347 1485 2432 γὰρ]
1535 2348 1657 2428 γάρ
1700 2347 1833 2425 εἴγε
1872 2348 2009 2414 ἐπεί
2048 2348 2138 2414 ὡς
2174 2354 2302 2413 sim.
2342 2371 2476 2412 cum
2512 2353 2589 2413 ab
2625 2353 2761 2414 aliis
2799 2355 3099 2431 scriptori-

489 2442 600 2503 bus
661 2445 793 2502 tum
856 2443 930 2502 ab
990 2443 1102 2522 Ap.
1150 2445 1240 2504 ita
1301 2446 1691 2519 usurpantur,
1753 2445 1824 2501 ut
1886 2441 1964 2501 ad
2026 2443 2383 2502 sententiam
2444 2445 2642 2502 mente
2706 2442 3099 2520 supplendam

489 2535 772 2610 spectent,
819 2536 888 2591 ut
930 2532 986 2591 h.
1026 2533 1064 2591 l.
1103 2526 1250 2592 ‘alia
1296 2535 1385 2592 est
1429 2532 1586 2592 ratio
1622 2531 2003 2610 postpositivi
2040 2532 2299 2606 articuli,
2343 2550 2483 2590 nam
2519 2526 2595 2590 is'
2642 2552 2688 2592 e.
2719 2551 2774 2609 q.
2804 2550 2848 2592 s.
2916 2531 3098 2592 Cuius

488 2625 720 2700 generis
765 2621 912 2682 haec
954 2621 1136 2682 habes
1181 2621 1451 2700 exempla
1481 2631 1652 2699 pron.
1684 2622 1877 2695 3,14;
1928 2622 2118 2697 13,1;
2169 2622 2269 2696 19,
2292 2621 2403 2695 25;
2443 2622 2636 2695 25‚7;
2675 2622 2867 2697 31‚3;
2905 2623 3099 2697 33,1;

491 2712 684 2788 33,3;
747 2711 990 2789 48,25;
1054 2712 1292 2787 83‚22;
1357 2711 1593 2787 88‚25;
1659 2712 1977 2787 92,9.17;
2040 2712 2276 2786 97‚20;
2340 2711 2618 2787 102,19;
2678 2709 2810 2770 adv.
2863 2711 3099 2788 128,4;

494 2802 639 2876 145,
661 2803 772 2877 233
813 2802 958 2878 146,
981 2803 1092 2878 243
1131 2803 1366 2878 183,6;
1408 2802 1553 2875 186,
1577 2803 1687 2876 243
1732 2804 1889 2877 synt.
1924 2801 2127 2875 126‚5
2177 2793 2330 2883 (Ska
2356 2799 2388 2858 I
2419 2792 2503 2881 2),
2549 2799 2765 2877 quibus
2800 2802 3100 2879 permulta

488 2891 610 2950 alia
655 2890 871 2950 addere
926 2892 1235 2968 quaerenti
1286 2890 1399 2951 tibi
1454 2890 1609 2950 licet.
1702 2889 1812 2950 Est
1866 2889 2049 2949 etiam
2102 2888 2207 2948 ubi
2259 2883 2382 2963 γάρ
2437 2890 2736 2966 particula
2789 2890 3097 2969 Apollonii

487 2980 910 3041 refutationem
954 2980 1249 3055 adnectat,
1295 2998 1448 3057 quae
1493 2979 1970 3039 adversariorum
2013 2978 2194 3039 verba
2238 2977 2636 3056 subsequitur,
2681 2982 2751 3039 ut
2794 2980 2941 3040 haec
2975 2981 3099 3040 fere

489 3069 805 3148 cogitando
851 3069 1180 3148 supplenda
1225 3070 1345 3130 sint
1392 3063 1409 3090 ‘
1429 3063 1595 3129 Ἀλλ’
1635 3064 1753 3129 οὐκ
1790 3062 2016 3142 ὀρθῶς,
2063 3062 2254 3143 nam'3
2299 3070 2465 3128 cuius
2510 3070 2743 3147 generis
2779 3069 2925 3129 haec
2960 3072 3100 3131 sunt

491 3159 760 3236 exempla
802 3177 971 3235 pron.
1022 3159 1212 3235 55‚4;
1258 3158 1389 3218 adv.
1443 3160 1588 3233 170,
1610 3158 1709 3217 25.

670 3250 772 3324 14,
795 3249 875 3308 13
924 3242 1408 3327 ἀναπολοῦντα]
1465 3248 1735 3325 exempla
1787 3249 1850 3306 in
1908 3246 2123 3323 quibus
2169 3247 2529 3307 constructio
2577 3268 2609 3308 e
2654 3248 2947 3327 singulari
2992 3267 3097 3307 nu-

489 3356 650 3397 mero
705 3338 925 3398 transit
977 3338 1041 3396 in
1092 3328 1387 3415 pluralem
1441 3340 1502 3396 et
1554 3356 1587 3396 e
1640 3336 1862 3414 plurali
1922 3338 1986 3395 in
2044 3337 2406 3414 singularem
2466 3337 2731 3416 congessi
2789 3337 2867 3397 ad
2918 3340 2974 3412 7,
2998 3338 3095 3397 28.

490 3422 872 3489 Ἀναπολεῖν
917 3426 1146 3487 obiecto
1191 3445 1310 3487 non
1357 3426 1562 3487 addito
1609 3430 1700 3486 est
1743 3428 1927 3487 etiam
1970 3444 2138 3503 pron.
2190 3427 2292 3501 14,
2312 3428 2368 3485 6.
2403 3428 2501 3486 16.

674 3516 787 3577 Cui
829 3518 918 3576 rei
962 3519 1280 3577 testimonio
1323 3520 1462 3577 swnt
1505 3517 1829 3577 derivativa
1872 3507 2277 3599 (possessiva).
2369 3515 2533 3591 Quae
2566 3517 2667 3576 ubi
2703 3517 3103 3577 demonstrant

488 3623 614 3664 rem
667 3607 756 3665 vel
817 3606 1044 3666 amne
1090 3624 1429 3680 possessum
1482 3606 1644 3683 quod
1700 3624 1899 3665 coram
1954 3605 2147 3680 adest,
2210 3605 2248 3663 i.
2288 3624 2335 3664 e.
2392 3604 2494 3664 ubi
2548 3623 2640 3665 res
2693 3623 2964 3683 possessa
3008 3608 3099 3665 est

489 3695 716 3772 primae
761 3695 856 3753 vel
900 3696 1191 3756 secundae
1235 3713 1540 3773 personae,
1586 3689 1772 3755 ‘meus
1818 3713 1894 3763 es,
1939 3698 2134 3754 noster
2171 3688 2271 3762 es',
2316 3696 2400 3754 ibi
2435 3696 2748 3755 articulum
2781 3700 3099 3769 respuam&

488 3784 591 3843 ubi
634 3802 768 3844 vero
814 3786 896 3844 ad
946 3803 1076 3849 rem
1105 3802 1442 3859 possessam
1487 3802 1636 3858 quae
1679 3786 1840 3844 abest
1881 3783 2219 3857 reformatur
2261 3788 2329 3842 ut
2371 3785 2453 3844 ad
2493 3802 2618 3843 rem
2662 3788 2837 3844 mea
2878 3787 3096 3854 notam,

490 3875 773 3933 articulus
807 3876 1102 3948 praeponi
1135 3879 1339 3950 potest.
1429 3875 1662 3934 Eadem
1704 3876 1931 3934 ratione
1974 3874 2362 3933 demonstrari
2395 3877 2586 3947 potest
2630 3866 2684 3932 ὦ
2719 3875 2948 3933 notione
2983 3891 3097 3933 sua

490 3964 563 4022 ab
591 3964 856 4023 articulis
882 3964 1177 4023 diversum
1204 3982 1325 4024 esse
1355 3964 1456 4039 14,
1480 3964 1755 4022 14—18.
1841 3959 1928 4021 Cf.
1967 3961 2148 4020 Prisc.
2178 3961 2328 4021 XIII
2359 3964 2438 4022 17
2478 3982 2534 4039 p.
2570 3964 2670 4037 11,
2693 3964 2973 4038 19-12,
2996 3964 3095 4021 16.

671 4055 772 4128 14,
796 4055 875 4112 14
924 4048 1320 4114 δεικνύουςαι
1365 4049 1442 4113 τὸ
1488 4046 1717 4130 κτῆμα]
1766 4052 1838 4110 cf.
1886 4069 2053 4128 pron.
2105 4053 2205 4127 13,
2229 4053 2282 4109 7.
3105 4044 3109 4049 ’

673 4145 772 4216 14,
797 4143 877 4201 18
935 4136 1016 4221 ὦ]
1081 4160 1246 4218 pron.
1298 4143 1490 4217 6,10;
1557 4143 1658 4217 21,
1681 4143 1792 4215 243
1853 4143 2009 4217 synt.
2060 4141 2465 4216 45‚22—51,
2489 4141 2543 4200 8.
2596 4141 2819 4215 63,st
2872 4142 2973 4216 24,
2997 4144 3095 4201 20.

489 4229 668 4290 Prisc.
717 4230 864 4289 xm
906 4234 985 4291 17
1032 4251 1089 4309 p.
1134 4233 1356 4306 11‚19.
1450 4229 1815 4290 GFSchoem.
1864 4233 1974 4289 art.
2025 4231 2127 4290 49.

666 4318 862 4397 Supra
907 4312 1039 4403 (13,
1063 4311 1175 4401 20)
1221 4320 1478 4379 diximus
1513 4320 1858 4396 possessivis
1896 4320 2212 4379 articulum
2248 4320 2711 4396 postpositivum
2747 4312 3097 4401 (pronomen

487 4400 833 4489 relativum)
878 4428 998 4469 non
1045 4409 1339 4487 subiungi.
1437 4409 1622 4469 Gm‘us
1665 4411 1752 4468 rei
1796 4427 1947 4483 quae
1990 4412 2067 4468 sit
2110 4427 2294 4469 causa
2329 4410 2637 4469 dicandum
2674 4413 2770 4468 est.
2861 4407 3096 4469 Articu-

488 4498 582 4558 lus
636 4501 1012 4574 cognition-em
1063 4500 1482 4558 antecedentem
1536 4486 1772 4580 (Prisc.)
1820 4500 1857 4557 i.
1899 4517 1944 4557 e.
1992 4499 2113 4557 iam
2169 4499 2334 4576 prius
2378 4501 2575 4557 mente
2621 4502 2967 4575 conceptam
3010 4516 3099 4557 re-

487 4592 683 4662 vocat,·
743 4590 812 4647 in
863 4591 1212 4663 possessivis
1276 4605 1410 4648 vero
1467 4587 1624 4646 nude
1681 4588 1895 4666 positis
1956 4590 2080 4647 eius
2138 4590 2239 4662 qui
2286 4588 2623 4661 possidetur
2668 4605 2929 4661 persona
2978 4605 3099 4647 non

488 4680 876 4752 monosoitun·
913 4680 1036 4738 eius
1066 4679 1249 4753 ι’φίύιιν
1283 4680 1384 4752 qui
1408 4681 1600 4752 potest
1634 4680 2010 4752 monitionem
2043 4680 2295 4751 repetere
2319 4679 2737 4751 postpositivus
2773 4678 3098 4737 articulus?
3207 4740 3217 4750 ‚

494 4768 596 4842 14,
618 4770 776 4934 lap.
795 4769 892 4915 21¹3·
951 4856 1109 4933 quod
1171 4874 1278 4917 nos
1342 4876 1665 4934 pronomen
1729 4855 2049 4915 relativum
2113 4856 2482 4932 appellamus
2499 4900 2515 4930 ,
2577 4854 2735 4932 quod
2798 4855 3096 4916 veteribus

491 4938 730 5023 ἄρθρον
785 4941 1212 5008 ὑποτακτικὸν
1267 4950 1422 5024 erat,
1487 4946 1805 5007 articulum
1860 4963 1985 5005 esse
2040 4945 2308 5005 concedit
2362 4944 2775 5006 tantummodo
2819 4945 2930 5022 ibi,
2994 4946 3096 5006 ubi
