3738 5530
643 377 761 440 164
1546 379 1722 431 ΠΕΡΙ
1761 380 2319 434 ΕΠῙΡΡΗΜΑΤΩΝ.

1650 501 1693 536 p.
1721 489 1812 538 ὅτι,
1842 491 1892 528 ιο
1919 510 1965 518 -
1993 490 2084 539 576,
2111 492 2162 529 28
2187 490 2217 529 b

633 582 819 662 μόρια
876 584 1139 648 τοιαῦτά
1195 583 1390 665 ἐςτιν,
1456 584 1520 645 αἱ
1580 582 1859 647 Αἰολικαὶ
1924 583 2344 664 ἀντωνυμίαι,
2409 583 2558 663 ἄμμι
2613 585 2833 665 ἄμμιν,
2902 587 2981 650 τὰ
3045 586 3223 665 τρίτα

630 686 974 771 πρόςωπα,
1038 686 1251 763 ἔχουςι
1305 685 1592 766 ἔχουςιν,
1660 684 1914 760 λέγουςι
1970 686 2292 763 λέγουςιν,
2362 686 2425 748 αἱ
2483 686 2728 751 Ιδοτικαὶ
2792 689 3220 766 πληθυντικαί,

634 787 802 851 παιςί
845 790 949 852 καὶ
992 787 1221 852 παιςίν.

802 889 1002 967 Τὰδὴ
1033 887 1416 966 προκείμενα
1447 889 1621 965 παρὰ
1650 891 1837 953 πᾶςιν
1869 888 2248 966 ὑπείληπται
2279 890 2370 953 ὡς
2401 889 2794 969 ἐπιρρήματα
2823 889 2946 970 εἴη,
2977 890 3070 956 ὧν
3093 892 3221 956 ἐστὶ
3274 905 3322 945 15

564 1010 597 1057 5
633 991 734 1054 καὶ
764 991 1049 1070 Τρύφων
1081 992 1171 1072 (p.
1204 990 1278 1053 51
1318 987 1604 1070 Velsen).
1636 1026 1715 1036 --
1765 990 1866 1053 διὸ
1899 992 1999 1054 καὶ
2029 990 2213 1055 αὐτοί
2243 1011 2477 1074 φαμεν,
2522 990 2614 1055 ὡς
2659 991 2846 1056 ἕνεκα
2875 995 2986 1069 τῆς
3015 1013 3218 1071 παρα-

626 1095 842 1169 γωγῆς
884 1089 1193 1169 εἶναιτὴν
1241 1094 1527 1172 βαρεῖαν·
1572 1090 1661 1153 ὡς
1705 1091 1893 1156 ἕνεκα
1928 1093 1998 1156 δὲ
2028 1097 2138 1169 τῆς
2169 1092 2468 1172 ἀκριβοῦς
2499 1093 2937 1176 παραδόςεως,
2974 1094 3219 1172 μήποτε

626 1194 1007 1270 παραγωγαί
1050 1192 1163 1257 εἰςι
1207 1195 1366 1257 κατὰ
1409 1195 1526 1255 τοῦ
1572 1192 1774 1257 αὐτοῦ
1829 1195 1907 1271 δὴ
1965 1194 2368 1272 δηλουμένου
2421 1194 3086 1274 παραλαμβανόμεναι.
3138 1232 3214 1241 —-

626 1295 822 1371 Φηςὶν
868 1293 989 1358 οὖν
1036 1295 1075 1359 ὸ
1120 1294 1401 1373 Τρύφων
1444 1294 1521 1357 τὸ
1565 1298 1904 1372 τηνικαῦτα
1949 1294 2112 1359 αὐτὰ
2149 1295 2542 1373 παράγεςθαι
2583 1295 2670 1360 εἰς
2700 1297 2816 1373 τὴν
2848 1296 3217 1379 ταυτότητά,
3268 1312 3321 1349 20

553 1432 565 1443 -
625 1396 790 1460 ἐπὰν
835 1398 873 1474 ἡ
920 1397 1112 1475 φωνὴ
1158 1395 1198 1473 ἡ
1244 1398 1360 1459 τοῦ
1408 1397 1842 1473 πρωτοτύπου
1889 1396 2244 1475 ὁλόκληρος
2287 1398 2661 1479 καθεςτήκῃ,
2712 1395 2799 1460 ὡς
2846 1398 2915 1462 ἐν
2962 1404 3053 1482 τῷ
3100 1397 3219 1478 ἧφι

524 1516 588 1564 10
625 1498 832 1577 βίηφι·
901 1498 957 1562 εἰ
1010 1503 1081 1561 δ“ε
1136 1499 1216 1575 μὴ
1273 1501 1423 1579 τῇδε
1478 1496 1645 1574 ἔχει,
1704 1499 1779 1562 τὸ
1833 1503 2173 1575 τηνικαῦτα
2228 1497 2715 1577 ἐπιρρηματικῆς
2769 1498 3016 1576 ἔχεςθαι
3072 1519 3215 1563 ςυν-

622 1599 862 1665 τάξεως
917 1598 996 1662 τὰ
1051 1600 1270 1680 μόρια,
1336 1598 1426 1662 ὡς
1482 1598 1588 1662 ἐπὶ
1637 1604 1756 1663 τοῦ
1813 1600 2092 1680 χαλκόφι
2149 1601 2402 1679 χαλκός.
2494 1600 2675 1665 «ἰδοὺ
2731 1600 2929 1678 γάρ»,
2999 1621 3214 1681 φηςιν,

627 1699 735 1764 «αἱ
778 1703 1191 1779 παραχθεῑςαι
1235 1701 1475 1776 γενικαὶ
1529 1699 1748 1777 ἐχουςι
1802 1700 1920 1782 τὸν
1978 1700 2245 1780 ἀριθμὸν
2291 1700 2718 1784 εὐδιάκριτον,
2771 1701 2809 1778 ἡ
2856 1702 3118 1782 καλοῑο,
3174 1703 3212 1780 ἡ
3267 1717 3317 1755 25

624 1802 974 1878 Ἀτρείδαο·
1020 1803 1095 1865 τὸ
1142 1803 1214 1866 δέ
1259 1822 1411 1882 φηςι
1455 1802 1603 1865 κατ’
1645 1800 1876 1882 ὄρεςφι
1920 1801 1977 1865 τί
2020 1804 2264 1881 μᾶλλον
2311 1804 2456 1867 κατ’
2500 1801 2698 1881 ὄρους
2742 1803 2781 1880 ἢ
2828 1803 2971 1867 κατ’
3006 1802 3211 1884 ὀρῶν,

622 1903 790 1967 ἴδιον
836 1904 908 1966 δὲ
950 1905 1027 1968 τὸ
1073 1905 1153 1982 μὴ
1200 1902 1540 1980 διακρίνειν
1587 1902 1856 1982 ἀριθμὸν
1901 1903 1971 1967 ἐν
2017 1905 2301 1970 ςυντάξει
2359 1905 2782 1983 ἐπιρρήματος
2799 1928 2843 1965 ».
2921 1903 3080 1967 κατὰ
3135 1906 3211 1982 δὴ

523 2024 586 2073 15
624 2007 860 2084 ταύτην
906 2006 1020 2084 τὴν
1067 2005 1327 2070 ἔννοιαν
1374 2004 1771 2084 ἀπεφαίνετο
1814 2006 1896 2068 τὰ
1938 2010 2201 2069 τοιαῦτα
2244 2005 2636 2085 ἐπιρρήματα
2679 2005 2861 2070 εἶναι.
2915 2040 3000 2050 -
3050 2005 3214 2070 Ἐςτι

622 2107 882 2186 μέντοι,
967 2106 1378 2186 ἀναλαβόντα
1441 2106 1558 2170 τὸν
1632 2106 1872 2184 λόγον,
1948 2106 2166 2189 ἐκεῖνοΙ
2224 2107 2467 2189 φάναι,
2544 2107 2635 2171 ὡς
2709 2111 2971 2186 πρῶτον
3037 2109 3211 2185 παρὰ
3262 2124 3315 2163 30

622 2208 991 2273 (ικυωνίοις
1051 2208 1123 2273 ἐν
1181 2213 1395 2290 γενικῇ
1456 2207 1713 2290 <ἑνικῇ>
1771 2206 2098 2287 ἀπειράκις
2161 2208 2746 2288 παραλαμβάνεται·
2814 2209 2915 2272 καὶ
2977 2209 3068 2272 ὡς
3130 2211 3208 2274 τὸ

618 2309 752 2374 ἀπὸ
796 2309 1078 2390 χαλκόφι
1120 2310 1236 2388 τὴν
1283 2309 1415 2373 ἀπὸ
1459 2312 1701 2387 χαλκοῦ
1744 2310 2001 2387 γενικὴν
2047 2310 2346 2390 ςημαίνει,
2391 2309 2537 2388 οὐχὶ
2579 2313 2854 2389 χαλκῶν,
2901 2312 3072 2376 οὕτω
3110 2313 3208 2375 καὶ

616 2413 694 2476 τὸ
742 2414 884 2477 κατ’
943 2411 1211 2492 ὄρεςφιν
1257 2411 1376 2475 οὐκ
1429 2410 1590 2474 ἄλλο
1636 2432 1694 2474 τι
1741 2410 2023 2489 ςημαίνει
2080 2412 2119 2489 ἢ
2163 2413 2277 2490 τήν
2322 2412 2465 2475 κατ’
2520 2411 2733 2491 ὄρους.
2783 2449 2859 2458 -
2919 2414 3083 2491 πρός
3137 2432 3206 2476 τε

513 2532 582 2579 20
616 2514 732 2580 τὸν
779 2515 909 2579 ἀπὸ
953 2519 1065 2593 τῆς
1110 2517 1336 2594 φωνῆς
1382 2512 1610 2588 λόγον,
1657 2511 1747 2576 ὡς
1792 2511 1966 2577 πάνυ
2012 2512 2134 2576 ἐςτὶ
2180 2511 2386 2592 βίαιον
2429 2514 2506 2578 τὸ
2551 2513 2655 2578 διὰ
2697 2517 2808 2592 τῆς
2853 2517 3053 2593 μονῆς
3094 2518 3208 2591 τῆς
3243 2528 3344 2578 575

614 2622 744 2682 τῶν
790 2616 1239 2694 πρωτοτύπων
1285 2621 1535 2695 φωνῶν
1579 2615 2044 2692 παραδέξαςθαι
2074 2615 2191 2692 τὴν
2217 2614 2571 2692 ταυτότητα
2599 2619 2718 2678 τοῦ
2749 2615 3203 2693 πρωτοτύπου,

615 2720 719 2783 διὰ
765 2719 837 2782 δ“ε
882 2722 991 2797 τῆς
1038 2717 1388 2797 ἐλλείψεως
1433 2716 1897 2796 παραδέξαςθαι
1939 2715 2426 2796 ἐπιρρηματικὴν
2458 2718 2873 2796 παραγωγήν.
2943 2718 3046 2782 καὶ
3082 2719 3206 2795 γὰρ

615 2821 775 2884 κατὰ
819 2821 895 2884 τὸ
940 2819 1235 2885 ἐναντίον
1282 2822 1499 2899 φωναὶ
1542 2819 1845 2898 μένουςαι
1890 2817 1962 2883 ἐν
2008 2819 2291 2885 ςυντάξει
2338 2818 2729 2897 ἐπιρρήματα
2760 2820 3068 2902 γίνονται,
3116 2821 3205 2884 ὡς
3257 2832 3283 2870 5

612 2924 692 2987 τὰ
736 2921 1087 3000 ὀνοματικὰ
1144 2921 1398 2986 ἅπαντα
1441 2921 1743 3000 οὐδεμιᾶς
1786 2923 2212 2998 παραφθορᾶς
2255 2920 2595 2998 γινομένης
2652 2921 2722 2983 ἐν
2765 2923 2903 2985 ταῖς
2953 2925 3205 3001 φωναῖς

513 3042 579 3089 25
613 3022 721 3107 (τὰ
764 3024 834 3087 δὲ
874 3021 1306 3101 ὑποδείγματα
1347 3021 1692 3104 πρόκειται,
1734 3021 1968 3099 ἄπειρα
2008 3019 2226 3101 ὄντα)·
2282 3021 2383 3084 καὶ
2422 3020 2485 3084 αἱ
2529 3023 2748 3100 φωναὶ
2788 3025 3204 3101 παραχθεῑςαι

613 3126 715 3188 καὶ
759 3126 1268 3204 παραφθαρεῑςαι
1312 3125 1391 3187 τὰ
1432 3124 1583 3200 τέλη
1630 3124 1926 3203 μένούςιν
1972 3122 2043 3186 ἐν
2084 3126 2223 3187 ταῖς
2263 3123 2542 3188 ἐννοίαις
2574 3127 2705 3187 τῶν
2736 3123 3201 3201 πρωτοτύπων.
3257 3137 3308 3174 10

612 3226 693 3289 οὐ
748 3226 870 3304 γὰρ
928 3227 1069 3289 ἐπεὶ
1124 3226 1200 3289 τὸ
1255 3226 1573 3305 χαλκόφιν
1629 3224 1914 3303 ἀπέβαλε
1969 3225 2044 3288 τὸ
2091 3231 2127 3286 ῦ
2172 3227 2331 3289 κατὰ
2386 3226 2503 3302 τὴν
2548 3225 2975 3307 παραγωγήν,
3029 3225 3205 3303 παρὰ

609 3331 806 3393 τοῦτο
864 3327 943 3392 ού
1000 3327 1249 3407 γενική,
1306 3326 1441 3391 ἐπεὶ
1497 3325 1649 3390 οὐδὲ
1704 3327 1780 3389 τό
1837 3326 2019 3409 ἐμεῦ,
2075 3326 2409 3406 ἀποβαλόν
2465 3328 2540 3392 τὸ
2600 3330 2637 3390 ῦ
2695 3326 2765 3391 ἐν
2809 3333 2900 3408 τῷ
2955 3327 3199 3405 ἐμέθεν,

612 3430 731 3494 οὐκ
774 3427 1157 3507 ἀντωνυμία.
1192 3464 1265 3473 ——
1316 3427 1435 3491 οὐκ
1479 3427 1602 3506 ἄρα
1646 3426 1904 3492 πάντως
1949 3430 2127 3507 παρὰ
2168 3429 2284 3493 τὰς
2328 3428 2660 3507 ἀποβολάς
2705 3434 2835 3492 τῶν
2869 3427 3199 3506 ςτοιχείων
3289 3441 3300 3448 ·

508 3550 574 3597 30
610 3531 648 3596 ὁ
713 3531 1037 3613 μεριςμός,
1102 3531 1278 3608 παρὰ
1340 3530 1412 3592 δὲ
1470 3530 1582 3594 τὰς
1650 3531 1991 3608 γινομένας
2058 3528 2408 3612 ςυντάξεις,
2475 3528 2564 3593 ὥς
2629 3549 2702 3605 γε
2758 3530 2859 3591 καὶ
2926 3529 3199 3593 ἐντελῶς
3256 3541 3307 3581 1⁵

610 3632 1087 3712 παραςτήεομεν
1132 3633 1279 3709 περὶ
1320 3636 1451 3696 τῶν
1496 3632 1585 3696 εἰς
1614 3617 1729 3696 θεν
1770 3632 2107 3709 ληγόντων
2153 3631 2633 3714 ἐπιρρημάτων,
2694 3632 2835 3694 τίνα
2877 3650 2945 3694 τε
2990 3628 3199 3694 ὄντως

609 3735 774 3800 ἐςτὶν
820 3734 1245 3815 ἐπιρρήματα,
1297 3732 1396 3796 καὶ
1440 3733 1581 3797 τίνα
1624 3732 1785 3795 αὐτὸ
1830 3732 2034 3810 μόνον
2079 3738 2432 3815 παραγωγῇ
2478 3733 2773 3810 κέχρηται
2813 3737 2887 3815 τῇ
2933 3732 3038 3795 διὰ
3079 3733 3196 3794 τοῦ

609 3823 749 3918 θεν,
811 3833 1115 3915 φυλάςςει
1171 3837 1242 3899 δὲ
1294 3836 1409 3913 τὴν
1463 3839 1597 3899 τῶν
1659 3835 2114 3913 πρωτοτύπων
2158 3833 2440 3899 ἔννοιαν.
2493 3871 2567 3880 -
2621 3834 2752 3897 Ἔτι
2796 3834 2834 3911 ἧ
2891 3833 3194 3912 γινομένη

607 3937 963 4017 παραγωγὴ
1024 3937 1095 4001 ἐν
1141 3936 1511 4015 ἐπιρρήμαςι
1553 3937 1711 4000 κατὰ
1764 3939 1910 4014 μιᾶς
1967 3937 2092 4000 ἐςτὶ
2135 3935 2521 4019 ςυντάξεως,
2577 3935 2666 4000 ὡς
2720 3935 2760 4012 ἡ
2816 3937 2921 3999 διὰ
2974 3938 3091 3999 τοῦ
3135 3921 3195 3998 ’θῖ
3246 3947 3300 3986 20

506 4059 572 4107 35
607 4040 679 4105 ἐν
725 4039 1009 4105 ςυντάξει
1052 4038 1179 4104 ἐςτὶ
1220 4043 1297 4120 τῇ
1344 4039 1503 4102 κατὰ
1548 4038 1823 4116 δοτικήν,
1871 4036 2074 4103 οἴκοθι
2120 4038 2190 4103 ἐν
2237 4036 2426 4121 οἴκῳ,
2474 4036 2766 4116 Ἀβυδόθι
2811 4037 2881 4101 ἐν
2929 4036 3192 4119 Ἀβύδῳ,

744 4209 960 4260 Anava.
1040 4211 1072 4258 4
1118 4204 1271 4259 Haec
1308 4207 1365 4258 in
1402 4212 1469 4273 ῑρῑ
1504 4205 1822 4260 desinentia
1864 4223 1899 4260 a
1945 4206 2227 4274 plerisque
2264 4204 2708 4260 adnumerantur
2743 4203 3049 4268 adverbii83
3096 4207 3191 4258 sed

609 4291 872 4345 videntur
906 4292 1094 4360 potius
1128 4290 1211 4344 ita
1246 4289 1516 4356 derivari,
1563 4292 1627 4343 ut
1660 4290 1718 4343 iu
1755 4306 1824 4344 ea
1859 4288 2128 4343 orationis
2165 4291 2350 4356 parte,
2400 4289 2556 4342 cuius
2592 4305 2700 4343 vox
2743 4288 3033 4359 primitiva
3067 4287 3190 4354 fuit,

612 4377 890 4430 maneant.

738 4528 929 4584 Dmcn.
968 4547 1168 4584 sempr.
1236 4536 1277 4582 1.
1316 4530 1490 4596 ἐςτιν,
1535 4529 1592 4583 αἱ
1629 4525 1937 4593 GDronke,
1986 4544 2135 4582 εςτιν
2172 4545 2260 4582 και
2299 4530 2369 4593 Α,
2416 4529 2531 4582 ἐςτι
2566 4531 2657 4582 καὶ
2696 4528 2731 4581 b
2767 4527 2826 4580 in
2860 4529 3040 4593 textu,
3079 4528 3189 4581 ἑςτι

604 4618 695 4669 καὶ
730 4615 789 4668 αἱ
822 4614 898 4670 id.
933 4615 992 4668 in
1029 4630 1143 4671 var.
1180 4614 1310 4667 lect.
1359 4618 1370 4679 Ι
1416 4619 1465 4670 6.
1506 4616 1886 4680 παραδωςεως
1924 4614 1965 4665 Α
2008 4615 2017 4677 Ι
2063 4618 2112 4668 9.
2151 4617 2460 4678 καθεςτηκε
2499 4614 2541 4666 Α
2580 4617 2588 4678 Ι
2630 4620 2711 4671 12.
2750 4613 3098 4679 εὐδιάκριτον
3133 4612 3188 4676 b,

603 4702 922 4765 αδιακριτον
950 4702 992 4754 Α
1032 4703 1042 4763 Ι
1086 4705 1162 4751 16.
1191 4715 1408 4752 εκεινον
1434 4700 1475 4751 Α
1517 4703 1526 4764 1
1573 4703 1645 4750 17.
1675 4699 1830 4764 ἑνικῇ
1857 4696 1986 4749 add.
2012 4695 2291 4750 GDronke
2326 4701 2335 4761 Ι
2389 4703 2462 4753 18.
2489 4701 2699 4762 χαλκόν
2723 4712 2823 4764 pro
2849 4701 3078 4762 χαλκῶν
3104 4698 3146 4750 Α
3178 4699 3184 4742 Ι

601 4790 685 4836 ⁴24.
725 4800 1060 4851 παραφορας
1097 4786 1139 4838 Α
1172 4788 1181 4850 Ι
1212 4790 1294 4837 29.
1330 4785 1657 4847 αποβαλλον
1696 4783 1736 4834 Α
1768 4783 1777 4844 Ι
1809 4787 1890 4834 31.
1928 4781 2348 4849 ἐπιρρημάτων]
2385 4781 2480 4835 fol.
2523 4788 2617 4834 132
2644 4799 2694 4833 v.
2725 4787 2735 4847 Ι
2765 4789 2848 4840 33,
2873 4799 2996 4834 των
3020 4797 3191 4851 supra

600 4868 697 4924 lin.
739 4871 807 4924 Α2
837 4877 846 4930 3
876 4875 958 4927 35,
994 4885 1135 4922 κατα
1171 4869 1227 4919 in
1266 4883 1442 4936 marg.
1479 4865 1607 4919 add.
1649 4869 1712 4921 Α1
