3738 5530
600 334 728 398 202
1497 335 1697 404 [πΕΡι
1735 336 2315 406 ΕΠῙΡΡΗΜΑΤΩΝ]

1405 449 1412 454 ”
1575 445 2168 497 Ῥ.615,24-618,9ὶ>

602 541 720 606 κὸν
777 538 1090 620 ἐπίρρημα
1133 546 1523 626 ςυνεκδρομῇ
1569 547 1701 609 τῶν
1757 546 2009 624 φωνῶν
2053 543 2211 609 κατά
2252 563 2394 609 τινα
2450 542 2886 623 προςπάθειαν
2941 550 3074 609 τῶν
3119 544 3192 610 ἐν
3244 562 3296 602 2⁵

604 643 786 725 τόπῳ
844 642 1288 722 ἐπιρρημάτων
1345 646 1447 709 καὶ
1503 646 1593 710 εἰς
1647 645 1854 711 τόπον
1911 643 2098 730 (καθὸ
2152 646 2227 710 τὸ
2283 649 2584 711 τοιοῦτον
2641 646 2744 710 καὶ
2806 645 2916 710 ἐπ’
2971 645 3190 711 ἄλλων

605 746 819 825 μερῶν
879 744 1080 820 λόγου
1136 745 1481 830 δείκνυται,
1549 747 1620 811 ἐν
1675 748 1944 813 πτώςεςι
1997 749 2111 826 μὲν
2170 746 2418 812 εὐθείας
2473 747 2635 825 πρὸς
2691 747 3038 838 αἰτιατικὴν
3093 748 3194 812 καὶ

608 846 930 928 κλητικήν,
1002 850 1253 925 γενικῆς
1329 869 1396 912 τε
1475 850 1638 928 πρὸς
1715 850 2006 928 δοτικήν,
2086 850 2187 913 καὶ
2262 848 2368 913 διὰ
2432 853 2627 913 τοῦτο
2693 849 3078 929 πάμπολλος
3153 850 3192 928 ἡ

539 968 572 1014 5
609 948 891 1028 ςυμμονὴ
926 951 1056 1012 τῶν
1081 951 1387 1016 πτώςεων
1430 952 1532 1016 καὶ
1566 954 2017 1033 ςυνέμπτωςις,
2051 953 2288 1017 δυῑκῶν
2328 950 2650 1015 ἁπάντοτε
2683 953 3192 1034 ςυμπιπτόντων,
3244 970 3297 1009 ³0

605 1049 969 1128 οὐδετέρων
1025 1070 1094 1116 τε
1150 1051 1295 1116 κατ’
1353 1052 1605 1118 εὐθεῖαν
1651 1055 1751 1117 καὶ
1806 1052 2156 1132 αἰτιατικὴν
2209 1054 2312 1117 καὶ
2363 1054 2688 1132 κλητικήν,
2746 1054 2848 1117 καὶ
2903 1053 3005 1118 ἐπὶ
3058 1059 3191 1118 τῶν

604 1152 918 1218 πλείςτων
963 1150 1322 1231 ἀρρενικῶν
1366 1155 1518 1219 κατ’
1561 1155 1815 1220 εὐθεῖαν
1860 1156 1961 1219 καὶ
2000 1154 2334 1237 κλητικήν,
2389 1154 2548 1219 ὥςτε
2592 1154 2695 1219 καὶ
2738 1156 2919 1234 μέχρι
2963 1153 3192 1234 ςχημά-

602 1274 739 1319 των
786 1252 1126 1329 ἀνάγεςθαι
1170 1256 1285 1334 τὴν
1332 1251 1753 1340 ςυμπάθειαν,
1799 1256 1891 1322 ῶς
3250 1325 3263 1338 ,

859 1355 1076 1434 ἠέλιος
1122 1356 1196 1420 ὃς
1240 1357 1438 1422 πάντ’
1481 1359 1725 1443 ἐφορᾷς
1774 1361 1841 1439 (Γ
1884 1357 2039 1440 277)
3230 1374 3329 1423 616

508 1475 573 1524 lo
611 1460 711 1523 καὶ
753 1459 834 1523 τὰ
887 1458 1141 1523 τούτοις
1198 1457 1422 1542 ὅμοια,
1478 1462 1581 1524 καὶ
1637 1459 1741 1525 ἐπὶ
1785 1462 2228 1539 πληθυντικῶν
2273 1459 2613 1525 ἆπάντωψ
2670 1460 2743 1525 ἔν
2802 1480 2871 1525 τε
2929 1458 3193 1539 ρήμαςιν

606 1560 975 1626 ἐνεςτῶτων
1020 1560 1185 1637 πρὸς
1231 1563 1701 1642 παρατατικούς
1746 1563 1848 1626 καὶ
1891 1562 2377 1641 παρακειμένων
2408 1561 2572 1648 πρὸς
2603 1560 3190 1641 ὑπερςυντελικούς.

605 1663 706 1727 καὶ
750 1665 1046 1742 περιςςὸν
1089 1665 1166 1729 τὸ
1210 1666 1332 1729 νῦν
1376 1663 1629 1729 τούτων
1684 1664 1995 1729 ἁπάντων
2051 1663 2399 1743 παράθεςιν
2456 1665 2836 1744 ποιεῖςθαι)·
2895 1658 3192 1729 ἐντεῦθεν
3245 1690 3272 1729 5

606 1762 726 1831 οὖν
783 1766 886 1830 καὶ
940 1766 1019 1831 τὰ
1073 1765 1462 1847 προκείμενα
1527 1766 1919 1846 ἐπιρρήματα
1983 1765 2089 1829 διὰ
2152 1759 2267 1845 τ’ὴν
2324 1765 2749 1846 προκειμένην
2806 1765 3195 1843 ςυμπάθειαν

607 1868 961 1951 ςυντρέχει,
1017 1867 1166 1932 καθ’
1209 1867 1325 1932 ἕνα
1369 1870 1790 1948 ςχηματιςμὸν
1833 1866 2498 1949 παραλαμβανόμενα,
2552 1871 2665 1944 τῆς
2719 1867 3001 1947 χρήςεως
3057 1866 3196 1931 ἔςθ’

513 1983 573 2030 15
608 1968 717 2035 ὅτε
750 1969 849 2033 καὶ
879 1971 994 2048 τὴν
1026 1970 1096 2034 ἐν
1128 1968 1346 2034 αὐτοῖς
1379 1970 1718 2047 διαςτολὴν
1751 1968 2310 2048 διαςυγχυνούςης.
2366 1969 2444 2033 τὸ
2483 1970 2609 2047 γὰρ
2645 1972 2798 2034 ποῦ
2841 1968 3194 2046 ἀπῆλθεν

604 2071 841 2148 ἢ·ποῦ
885 2072 1102 2151 μένει
1145 2072 1218 2135 ἓν
1263 2055 1678 2150 ἔμεινε“κατά
1720 2071 1835 2135 τὰς
1882 2072 2001 2136 δύο
2037 2069 2384 2136 διαςτάςεις
2413 2074 2545 2136 τῶν
2575 2070 2815 2148 τόπων,
2861 2074 2979 2135 τοῦ
3009 2091 3192 2148 ποιη-
3248 2097 3298 2136 ιο

605 2176 783 2237 τικοῦ
827 2173 1016 2238 ἔθους
1060 2174 1136 2237 τὸ
1182 2172 1388 2237 πλέον
1434 2173 1934 2249 διαςτείλαντος,

859 2279 989 2338 ποῦ
1034 2277 1156 2340 νῦν
1201 2277 1394 2352 δεῦρο
1439 2276 1595 2339 κιὼν
1641 2273 1819 2339 λίπες
1864 2274 2166 2354 Ἕκτορα;
2211 2274 2284 2355 (Κ
2326 2272 2486 2360 406)

608 2377 766 2441 κατὰ
808 2377 925 2455 τὴν
972 2377 1042 2440 ἐν
1088 2377 1270 2460 τόπῳ
1315 2376 1554 2459 ςχέςιν,
1599 2377 1760 2441 κατὰ
1802 2377 1876 2440 δὲ
1918 2378 2035 2455 τὴν
2082 2375 2170 2441 εἰς
2214 2375 2420 2441 τόπον

503 2490 570 2539 20
857 2484 947 2561 πῇ
991 2476 1103 2557 ἔβη
1151 2477 1583 2560 Ἀνδρομάχης
1631 2476 1711 2557 (Ζ
1754 2475 1907 2557 377)

606 2579 717 2643 ἐπ’
761 2579 1010 2645 ἐκείνου
1053 2582 1171 2645 τοῦ
1215 2580 1683 2659 ςημαινομένου
1732 2623 1995 2644 .....
3247 2601 3298 2642 ιε

859 2686 947 2764 πῇ
995 2683 1072 2761 δὴ
1117 2681 1405 2762 χρήματα
1448 2682 1665 2746 πολλὰ
1708 2679 1895 2762 φέρω
1940 2681 2122 2764 τάδε;
2172 2687 2260 2767 πῇ
2306 2682 2377 2745 δὲ
2421 2679 2520 2745 καὶ
2565 2679 2788 2757 αὐτόςς
2837 2677 2904 2765 (ν
2947 2679 3101 2761 203)

608 2783 749 2848 ἀντὶ
792 2787 911 2848 τοῦ
958 2783 1046 2848 εἰς
1089 2782 1232 2850 τίνα
1274 2784 1503 2850 τόπον.

777 2885 872 2950 Τὰ
927 2886 1015 2951 εἰς
1081 2872 1154 2951 δῖ
1218 2887 1503 2965 λήγοντα
1561 2885 1955 2966 ἐπιρρήματα
2020 2888 2138 2965 τὴν
2203 2884 2292 2951 εἰς
2357 2885 2565 2951 τόπον
2630 2886 2834 2965 ςχέςιν
2902 2884 3194 2964 ςημαίνει,
3247 2914 3299 2953 20

507 2998 574 3047 25
609 2986 858 3064 οἴκαδε,
915 2987 1183 3068 ἄγραδε,
1245 2987 1443 3052 ἅλαδε
1504 2989 1631 3070 (καὶ
1675 2987 1746 3052 ἐκ
1789 2988 2144 3056 ςυντάξεως
2189 2987 2527 3065 αἰτιατικῆς
2569 2988 2873 3053 πτώςεως
2925 2988 3028 3051 καὶ
3080 2991 3195 3051 τοῦ

606 3089 677 3153 δέ
735 3089 1086 3170 ςυνδέςμου
1142 3088 1579 3172 ἀποτελεῖται,
1648 3091 1877 3168 ςχεδὸν
1945 3089 2182 3170 μίμημα
2235 3090 2538 3154 καθεςτὸς
2600 3092 2713 3166 τῆς
2776 3088 3197 3168 προκειμένης

606 3194 1031 3276 παραγωγῆς,
1077 3190 1262 3258 οἶκον
1308 3190 1408 3262 δέ,
1458 3191 1809 3268 Οὔλυμπον
1855 3192 1975 3272 δέ).
2022 3227 2101 3238 -
2162 3191 2267 3256 διὰ
2308 3189 2546 3270 ταύτην
2588 3186 2704 3268 τὴν
2750 3188 3052 3271 ἀφορμὴν
3096 3190 3199 3253 καὶ

606 3293 682 3357 τὸ
728 3292 857 3358 ὧδε
902 3292 1310 3373 ἀπηνέγκατο
1355 3295 1472 3372 τὴν
1517 3292 1606 3358 εἰς
1648 3293 1856 3358 τόπον
1904 3293 2143 3377 ςχέςιν,
2202 3292 2355 3358 ὧδε
2402 3291 2640 3372 ἦλθεν
2683 3290 2722 3356 ὁ
2779 3295 3042 3374 δεῖνα,
3096 3290 3199 3355 καὶ
3248 3317 3302 3358 25

607 3397 724 3474 τὴν
782 3395 853 3462 ἐν
897 3396 1078 3479 τόπῳ
1123 3395 1282 3459 κατὰ
1325 3396 1441 3474 τὴν
1487 3395 1912 3474 προκειμένην
1958 3394 2346 3473 ςυμπάθειαν
2390 3398 2525 3458 τῶν
2583 3393 2673 3458 εἰς
2717 3394 2923 3460 τόπον
2969 3394 3072 3458 καὶ
3125 3391 3197 3458 ἐν

506 3509 576 3558 30
609 3497 822 3580 τόπῳ,
882 3496 1036 3561 ὧδέ
1089 3516 1164 3562 ςε
1219 3497 1446 3576 μένω.
1509 3532 1583 3541 -
1643 3496 1821 3561 Ἴςως
1878 3496 2047 3562 δόξει
2100 3497 2175 3560 τὸ
2220 3495 2560 3574 Ὁμηρικὸν
2616 3495 2764 3560 ἔθος
2821 3494 3198 3560 ἀντικεῖςθαι

607 3603 683 3682 τῇ
728 3600 1159 3683 προειρημένῃ
1220 3598 1504 3664 ςυντάξει
1555 3601 1674 3662 τοῦ
1716 3603 1986 3664 τοπικοῦ
2043 3598 2497 3679 ἐπιρρήματος,
2555 3597 2644 3662 ῶς
2689 3596 2852 3676 παρ’
2896 3596 3071 3680 αὐτῷ
3118 3595 3198 3661 οὐ

607 3700 875 3766 τοπικόν
920 3701 1078 3784 ἐςτι,
1122 3700 1465 3779 ποιότητος
1509 3700 1582 3764 δὲ
1624 3699 2126 3784 παραςτατικόν,
2181 3701 2286 3765 καὶ
2339 3698 2769 3777 ἰςοδυναμοῦν
2812 3704 2906 3782 τῷ
2950 3696 3194 3764 οὕτως·
3245 3728 3301 3767 so

608 3802 753 3882 περὶ
798 3800 878 3867 οὗ
934 3802 999 3866 ἐξ
1055 3801 1422 3882 ἐπικρίςεως
1469 3800 1746 3866 ἐντελῶς
1789 3800 2056 3880 εἴπομεν
2102 3802 2173 3867 ἐν
2225 3806 2318 3885 τῷ
2363 3803 2509 3880 περὶ
2566 3800 3046 3881 ἐπιρρημάτων,
3107 3799 3198 3864 ὡς

609 3902 705 3981 εἴη
751 3904 866 3981 μὲν
911 3904 950 3982 ἡ
997 3904 1233 3969 δέουςα
1275 3903 1474 3967 αὐτοῦ
1518 3903 1832 3983 προφορὰ
1878 3905 2266 3983 ςημαίνουςα
2308 3904 2384 3968 τὸ
2431 3902 2670 3979 οὕτως,
2726 3903 2766 3982 ἡ
2825 3903 2897 3968 δὲ
2951 3921 3199 3979 προκει-

509 4015 576 4063 35
613 4004 770 4083 μένη
827 4005 1037 4083 πολλὴ
1081 4005 1422 4085 παράθεςις
1479 4006 1583 4071 ἐπὶ
1623 4010 1757 4071 τῶν
1799 4011 2092 4071 τοπικῶν
2146 4004 2592 4085 ἐπιρρημάτων
2652 4004 3054 4083 ἀπηνέγκατο
3098 4002 3201 4068 καὶ

610 4106 686 4169 τὸ
730 4106 1153 4185 προκείμενον
1199 4107 1426 4186 μόριόν
1470 4106 1560 4172 εἰς
1603 4109 1723 4186 τὴν
1767 4109 2037 4186 τοπικὴν
2083 4108 2305 4187 ςχέςιν.
3235 4132 3343 4182 61⁷

743 4256 962 4313 Aaou.
1022 4264 1082 4311 13
1119 4256 1243 4312 Non
1265 4273 1551 4326 nunquam
1584 4257 1642 4312 in
1667 4256 1950 4312 communi
1973 4272 2228 4312 sermons
2253 4256 2688 4311 confunduntur.
2712 4286 2779 4295 —
2814 4262 2881 4310 24
2917 4254 3201 4311 Advsrbia

609 4341 668 4394 in
713 4342 781 4395 δῖ
825 4356 938 4407 quo
985 4340 1199 4410 aliquid
1242 4341 1445 4397 tondat
1486 4341 1756 4398 indicant.
1840 4342 1993 4397 Voce
2039 4341 2153 4397 ῶδε
2195 4341 2254 4394 in
2299 4357 2554 4396 sermons
2593 4339 2814 4411 vulgari
2851 4341 2910 4395 et
2945 4347 3103 4409 ‘quo’
3140 4347 3199 4393 st

610 4425 753 4478 ‘ubi’
791 4424 1165 4496 interroganti
1198 4426 1618 4496 respondemus.
1689 4425 1859 4495 Apud
1895 4425 2202 4480 Homerum
2236 4425 2378 4480 nihil
2414 4425 2567 4479 valet
2599 4426 2709 4479 nisi
2745 4426 2949 4481 οὕτως.

613 4525 744 4532 -.

743 4560 918 4615 Dinon
971 4580 1167 4615 scum.
1223 4567 1264 4614 1.
1293 4564 1638 4630 ςυνεκδρομῇ
1660 4561 1778 4627 Ab,
1805 4561 1953 4629 (ἐν)
1978 4563 2255 4631 ςυνδρομῇ
2285 4559 2508 4628 GUhlig
2538 4563 2545 4615 1
2577 4567 2624 4617 5.
2651 4562 3201 4627 ςυνεμπιπτόντωνῗ

609 4628 970 4683 RSchnsider
1013 4634 1021 4695 Ι
1094 4630 1241 4685 έλιός
1289 4633 1350 4683 θ’
1392 4629 1671 4684 Homerus
1716 4629 1865 4698 vulg.
1907 4633 1915 4695 Ι
1960 4634 2037 4686 16.
2081 4634 2205 4684 τῶν
2250 4630 2312 4692 b,
2367 4645 2430 4683 εκ
2476 4645 2599 4682 των
2637 4628 2720 4693 ΑΙ
2760 4634 2843 4682 21.
2881 4626 3201 4695 exemplum
3298 4696 3305 4699 τ

609 4696 959 4751 intercidisse
996 4697 1053 4749 vi
1098 4696 1142 4750 't
1172 4695 1537 4752 RSkrzeczka
1574 4703 1584 4766 Ι
1625 4703 1706 4751 27.
1735 4698 1824 4752 διὰ
1858 4698 2096 4767 ταύτην]
2133 4697 2227 4752 fol.
2258 4703 2353 4752 180
2378 4714 2429 4753 v,
2484 4700 2492 4761 Ι
2539 4702 2620 4750 29.
2655 4702 2778 4750 τῶν
2814 4694 2927 4761 (vel
2960 4698 3087 4762 τῆς)
3125 4694 3204 4749 εἰς

611 4764 1001 4830 RSkrzsezka,
1049 4766 1156 4830 τὴν
1204 4764 1281 4818 εἰς
1332 4765 1424 4819 Ab
1465 4770 1473 4830 Ι
1522 4772 1603 4819 31.
1651 4766 1836 4819 καθὼς
1880 4780 1983 4833 pro
2029 4766 2108 4820 ώς
2154 4762 2512 4819 OSehneider
2561 4766 2570 4831 Ι
2619 4769 2683 4817 32
2749 4769 2833 4830 τῷ
2881 4762 2947 4827 b,
2993 4777 3061 4817 το
3107 4766 3151 4819 Α
3193 4763 3202 4833 Ι

616 4838 698 4890 35.
735 4836 994 4888 τοπικῶν
1028 4832 1092 4899 b,
1129 4848 1438 4887 τωνπικων
1474 4832 1531 4887 iu
1566 4847 1741 4901 marg.
1781 4835 1874 4901 A²‚
1912 4848 2021 4886 om.
2057 4835 2122 4889 Α·
