3738 5530
709 307 838 373 190
910 306 1354 364 Commentarius
1381 306 1608 361 criticus
1636 309 1696 361 et
1722 306 2042 378 exegeticus
2070 306 2131 360 in
2157 304 2446 376 Apollonii
2472 304 2701 375 Dyscoli
2729 305 2941 375 scripta
2966 304 3201 360 minora.

889 477 1033 552 178,
1056 478 1136 535 22
1186 470 1558 553 ἀπεδείχθη]
1607 475 1739 535 adv.
1784 476 1930 550 153,
1952 476 2400 550 22—154‚21.

888 566 1033 642 178,
1055 567 1137 625 23
1185 557 1630 643 ἀπεδείξαμεν]
1682 564 1814 624 adv.
1858 565 2005 640 153,
2028 566 2129 624 20.
2181 565 2417 641 155,3;
2477 558 2932 625 ἀποδεικνύναι
2977 558 3179 642 περί],
3239 561 3317 622 ad

709 654 841 714 adv.
884 655 1029 729 166,
1050 656 1105 713 6.

885 736 1060 803 Ὧδε
1104 739 1487 802 Aristarchus
1520 745 1814 817 praecipit
1856 744 2020 817 apud
2055 742 2379 802 Homerum
2420 759 2725 816 nunquam
2761 744 3047 800 notionem
3081 742 3319 800 localem

704 834 930 902 habere,
975 832 1078 891 sed
1120 832 1456 906 qualitatem
1509 834 1869 906 siqnisicare,
1926 850 2058 892 cum
2100 832 2334 906 vulyari
2385 848 2501 890 usu
2543 833 2699 890 notio
2745 825 2901 890 ‘huc’
2956 835 3183 905 recepta
3225 834 3317 890 sit.

706 920 2235 995 Aesanenoneodemmodoformatumestquo
2288 921 2799 980 ceter-aadverbia
2850 914 3035 980 inb—e
3091 920 3316 979 localia.

704 1013 978 1070 Praestat
1027 1012 1206 1085 ἐρίων
1256 1010 1408 1069 illud
1460 1013 1543 1070 eis
1586 1013 1653 1069 in
1707 1003 1778 1070 δῖ
1830 1011 2125 1070 adverbiis
2177 1011 2569 1069 adnumerare
2621 1027 2773 1083 quae
2827 1011 3069 1068 eandem
3109 1010 3321 1068 habent

695 1104 1035 1175 potestatem
1091 1103 1263 1173 atque
1307 1101 1617 1173 primitiva
1675 1095 1903 1175 (τῆμος
1960 1096 2258 1174 τημόεδε,
2319 1094 2410 1160 ὥ(
2469 1093 2627 1175 ὧδε)
2692 1099 2837 1174 178,
2869 1099 3315 1173 25-179,17.

707 1188 793 1248 cf.
833 1189 965 1248 adv.
1008 1189 1454 1263 202‚27-3s.
1536 1188 1674 1248 Her.
1712 1187 1745 1248 1
1790 1189 1941 1263 496,
1962 1190 2063 1247 24.
2112 1190 2337 1264 497,1.
2412 1187 2473 1247 Π
2523 1190 2668 1263 201,
2692 1190 2746 1248 9.
2797 1188 2943 1262 931,
2967 1188 3066 1247 25.
3149 1186 3319 1257 Quod

704 1277 1040 1338 Aristarchi
1083 1281 1465 1355 praeceptum
1511 1281 1580 1337 ut
1624 1278 1883 1337 refutare
1928 1277 2129 1337 conati
2173 1279 2314 1337 sunt
2358 1277 2687 1336 Buttmann
2733 1297 2818 1355 gr.
2859 1270 3020 1354 Spr.²
3058 1277 3122 1336 H
3169 1278 3317 1351 362,

704 1368 938 1427 Bekker
973 1366 1327 1426 Monatsber.
1367 1366 1473 1426 der
1507 1366 1662 1426 Berl.
1693 1366 1884 1426 Akad.
1920 1368 2089 1426 1864
2127 1388 2183 1443 p.
2215 1368 2364 1441 450,
2410 1366 2563 1426 hom.
2594 1366 2828 1425 Elati-‚er
2852 1366 2916 1425 H
2955 1367 3057 1441 38,
3079 1367 3184 1440 29,
3229 1368 3318 1425 ita

702 1460 940 1517 tutatur
983 1456 1168 1516 Lehrs
1209 1447 1422 1516 Arist.²
1460 1458 1736 1516 70—72.
1778 1457 2158 1531 379—3823
2203 1456 2274 1514 cf.
2312 1455 2568 1534 Ebeling
2612 1455 2748 1515 Lex.
2787 1455 2960 1514 Hom.
3003 1474 3046 1515 s.
3078 1475 3131 1515 v.
3170 1449 3315 1515 ὧδε.

888 1547 1034 1622 178,
1057 1546 1136 1604 28
1167 1546 1243 1625 τῇ
1273 1543 1389 1619 μὲν
1424 1546 1780 1625 παραγωγῇ
1809 1546 1887 1624 τῇ
1917 1541 2022 1606 διὰ
2049 1543 2166 1605 τοῦ
2194 1538 2266 1605 δὲ
2304 1576 2380 1586 -
2416 1546 2561 1620 179,
2586 1548 2619 1604 1
2652 1539 2995 1623 ἐπίρρημα]
3025 1547 3062 1602 i.
3083 1563 3133 1603 e.
3162 1538 3317 1604 ‘moe

706 1635 864 1713 quod
908 1654 1016 1712 per
1060 1628 1133 1696 δὲ
1178 1634 1473 1711 syllabam
1507 1636 1931 1714 paragogicam
1965 1634 2300 1694 derivatum
2337 1637 2443 1710 est,
2489 1652 2601 1694 usu
2637 1634 2874 1712 vulgari
2908 1635 2972 1692 in
3009 1652 3320 1694 numerum

704 1725 984 1786 localium
1031 1723 1446 1784 adverbiorum
1489 1726 1675 1801 recipi
1720 1724 2011 1783 absonum
2054 1742 2174 1784 non
2219 1718 2387 1783 erat’.
2479 1722 2665 1783 Lehrs
2709 1725 2772 1782 in
2818 1722 2972 1781 Ann.
3020 1723 3136 1781 litt.
3183 1721 3223 1780 J
3226 1742 3314 1781 en.

710 1816 880 1875 1879
927 1835 984 1891 p.
1027 1815 1153 1873 224
1200 1810 1317 1888 τὴν
1364 1811 1481 1887 μὲν
1525 1810 1924 1889 παραγωγὴν
1968 1810 2087 1888 τὴν
2132 1811 2288 1873 κτλ.;
2337 1812 2439 1873 sed
2486 1812 2630 1872 haec
2674 1814 2930 1871 mutatio
2966 1831 3086 1872 non
3121 1813 3319 1870 minus

706 1902 1005 1981 superflua.
1047 1900 1287 1963 videtur
1332 1919 1457 1963 esse
1506 1922 1685 1979 quam
1730 1920 1802 1962 ea
1847 1920 2001 1978 quae
2048 1902 2124 1961 ab
2162 1900 2571 1962 OSchneidero
2608 1901 2640 1960 Ι
2683 1903 2807 1961 647
2856 1903 3167 1978 proposita
3210 1904 3317 1960 est.

888 1995 967 2052 17
975 1994 1032 2067 9,
1055 1993 1091 2051 5
1141 1986 1331 2070 ὅπερ]
1380 1985 1564 2068 ‘quod
1608 1994 1660 2051 si
1703 1985 1992 2068 respicis'‚
2044 1991 2082 2050 i.
2122 2010 2169 2049 e.
2218 1985 2295 2050 ‘si
2346 1992 2592 2068 respicis
2646 1989 2941 2067 quomodo
2994 1990 3103 2049 illa
3155 1990 3319 2049 facta

706 2076 880 2157 sint'3
924 2080 997 2140 de
1039 2081 1154 2140 hoc
1199 2075 1237 2140 ὅ
1285 2075 1448 2154 ὅπερ
1493 2082 1860 2157 pronominis
1906 2099 2018 2141 usu
2062 2080 2370 2157 disputavi
2415 2079 2492 2139 ad
2535 2097 2702 2157 pron.
2746 2080 2892 2157 103,
2915 2081 2970 2138 7.

889 2173 1036 2245 179,
1057 2172 1091 2229 7
1142 2170 1321 2229 aliter
1363 2167 1515 2231 τόδε
1560 2170 1886 2246 explicavit
1928 2170 2164 2229 Bekker
2206 2170 2361 2229 hom.
2407 2169 2643 2228 Blstter
2684 2169 2748 2228 H
2790 2170 2903 2243 383
2949 2168 3022 2228 cf.
3061 2168 3320 2246 Ebeling

710 2261 851 2321 Lex.
889 2260 1061 2319 Hom.
1100 2277 1143 2318 s,
1172 2279 1227 2319 v.
1275 2253 1390 2319 ὅδε
1433 2258 1523 2318 IV
1526 2306 1537 2316 .
1592 2291 1668 2300 -
1718 2257 2086 2319 GFSchoem.
2124 2258 2187 2317 H
2236 2260 2317 2317 14
2349 2284 2432 2307 ===
2462 2277 2658 2334 opusc.
2696 2257 2785 2317 IV
2825 2259 2969 2318 259.

889 2350 1093 2425 179,9
1143 2347 1327 2408 Lehm
1376 2368 1428 2425 q.
1465 2368 1511 2408 ο.
1552 2348 1688 2408 43*.

888 2439 1137 2513 17e,13
1185 2437 1369 2497 Lehrs
1413 2430 1628 2497 Arisffl
1666 2439 1810 2497 382.

887 2529 1032 2603 179,
1055 2530 1135 2586 14
1183 2522 1299 2606 ὥς]
1347 2526 1479 2587 adv
1522 2528 1666 2602 202,
1689 2528 1789 2588 34.

880 2616 996 2676 Sed
1029 2618 1097 2675 in
1132 2619 1257 2677 eius
1290 2617 1448 2676 modi
1482 2617 1776 2676 adverbiis
1814 2633 1946 2676 eum
1979 2617 2175 2690 forma
2202 2618 2563 2691 primiyenia
2596 2618 2825 2690 inteyra
2868 2618 3096 2675 servari
3139 2615 3321 2675 soleat

706 2702 969 2786 (τῆμος
1005 2701 1376 2785 τημόεδε),
1412 2707 1630 2765 ”tirum
1663 2706 1912 2780 fortasse
1945 2706 2175 2767 videtur
2209 2707 2284 2765 ab
2321 2700 2419 2768 ὥς
2452 2722 2574 2765 non
2615 2699 2804 2765 ὧεδε
2840 2706 2942 2765 sed
2976 2698 3124 2765 ὧδε
3167 2706 3320 2765 deri-

703 2799 853 2857 vari.
946 2790 2812 2872 Quamjuamexcusaturetdoricaformaffietssbevoce,
2859 2795 3318 2869 quae-similate»-

706 2904 776 2947 w
821 2880 1129 2945 ὄε-δε
1173 2887 1336 2960 facta
1379 2889 1464 2946 est
1511 2887 1655 2961 179,
1682 2885 1846 2944 18——
1857 2886 1957 2945 28.
2034 2882 2120 2944 Cf.
2157 2884 2300 2944 Ahr.
2338 2884 2501 2945 dian.
2538 2885 2602 2944 H
2649 2885 2796 2959 378,
2820 2886 2918 2945 15

886 2974 1158 3049 offendat
1207 2974 1457 3047 fortasse
1509 2976 1804 3048 quispiam
1844 2977 1913 3033 in
1957 2991 2038 3044 eo,
2092 2975 2246 3049 quod
2298 2975 2579 3035 adverbia
2634 2976 2702 3033 in
2746 2975 2820 3035 δε
2862 2991 2984 3034 non
3027 2993 3070 3034 a
3110 2974 3320 3048 somnis

705 3081 854 3139 quae
898 3082 938 3123 a
973 3064 1268 3123 vocalibus
1309 3065 1600 3138 incipimtt
1634 3056 1802 3141 (οἷοε
1835 3059 2069 3142 ἡνίκα),
2115 3066 2217 3124 sed
2252 3065 2327 3123 ab
2363 3064 2786 3138 mttapodotieis
2822 3059 3028 3140 (τοῖος
3063 3059 3316 3140 τηνίκα)

705 3155 967 3213 derivari
1008 3153 1203 3212 solent.
1283 3151 1400 3212 Sed
1441 3157 1508 3212 ut
1549 3155 1617 3212 in
1657 3154 1825 3212 initio
1872 3146 2098 3214 οὗτος
2132 3155 2517 3227 pronominis,
2561 3154 2649 3212 ita
2692 3155 2761 3212 in
2802 3154 2971 3212 initio
3015 3147 3163 3212 ὧδε
3208 3154 3314 3211 ad·

705 3244 887 3301 verba·
929 3241 965 3300 ῐ
1014 3243 1170 3301 deest
1212 3242 1825 3317 1⁷9,29-180‚12.

890 3332 1034 3405 179,
1056 3333 1138 3391 29
1187 3327 1397 3391 καθὼς
1443 3325 1722 3406 εἴπομεν,
1769 3326 1896 3409 ὅτι]
1945 3325 2063 3403 ὅτι,
2108 3328 2320 3391 καθὼς
2366 3326 2630 3402 εἴπομεν
2674 3331 2887 3390 Matth.
2925 3332 2957 3391 Ι
2998 3333 3095 3390 79.
3188 3330 3319 3389 Hoc

706 3440 824 3481 non
871 3438 995 3480 esse
1042 3422 1434 3481 necessarium
1477 3423 1607 3481 iure
1652 3420 1798 3479 dicit
1843 3419 2122 3498 Egenolff
2151 3420 2239 3478 IV
2278 3422 2376 3481 50.
2415 3453 2491 3462 —
2524 3415 2827 3499 Εἴπομεν]
2876 3420 3007 3479 adv.
3047 3421 3193 3496 178,
3217 3422 3316 3478 14.

888 3510 1033 3584 180,
1067 3512 1236 3569 1-2
1298 3503 1372 3569 ἐν
1430 3511 1522 3590 τῷ
1582 3506 1728 3583 περὶ
1786 3504 2234 3588 ἀντωνυμιῶν]
2299 3510 2403 3584 56,
2431 3511 2814 3585 22—57‚9;
2876 3511 3030 3586 synt.
3080 3510 3185 3585 49,
3216 3511 3316 3568 22.

709 3600 977 3675 109‚19.
1030 3603 1176 3674 111,
1197 3599 1309 3674 2ο,
1353 3597 1717 3658 Lob.E11.1
1768 3600 1923 3673 1323
1968 3598 2110 3659 Ahr.
2149 3598 2313 3657 dian.
2350 3599 2414 3658 11
2462 3600 2737 3675 2essqq.

887 3689 1093 3764 1so,e
1142 3687 1285 3747 ΑΜ.
1323 3687 1386 3747 11
1434 3689 1580 3764 265,
1606 3692 1658 3747 1.
1705 3688 1851 3764 266,
1874 3689 1930 3746 2.

888 3779 1034 3854 180,
1056 3779 1093 3837 9
1152 3772 1540 3855 προετίθηει]
1601 3776 2021 3853 προετίθεῑειν
2076 3776 2356 3854 Egenolff
2401 3778 2434 3836 I
2480 3778 2638 3851 8443
2709 3776 2866 3853 quod
2925 3795 3046 3836 non
3103 3775 3319 3854 probet

706 3867 1036 3928 subiectum
1080 3870 1172 3927 est
1216 3862 1293 3927 τὸ
1341 3860 1598 3942 ἄρθρον,
1644 3869 1713 3925 ut
1758 3866 1795 3924 l.
1837 3866 1895 3925 8.

888 3958 1275 4030 180‚1o—1
1290 3959 1320 4014 1
1389 3956 1558 4014 mimi
1621 3956 1773 4015 hanc
1837 3974 1963 4016 esse
2034 3956 2483 4034 inscriptionem
2555 3956 2891 4032 suspicetur
2952 3955 3095 4014 Ahr.
3151 3954 3316 4015 dian.

887 4135 1078 4194 Verba
1120 4137 1188 4194 in
1233 4128 1305 4194 δῖ
1352 4136 1424 4194 de
1470 4134 1680 4208 quibus
1713 4150 1900 4209 supra
1934 4152 2120 4194 sermo
2158 4138 2285 4194 erat
2319 4127 2567 4218 (οἴκαδε
2605 4128 2847 4210 ἄγραδε
2882 4127 3040 4216 sim.)
3076 4152 3142 4194 re
3175 4151 3321 4194 vera

707 4223 989 4284 adverbia
1024 4228 1176 4284 sunt.
1248 4223 1365 4283 Sed
1410 4217 1626 4285 οἶκον
1664 4220 1769 4295 δέ,
1817 4218 2057 4298 ἀγρὸν
2103 4221 2185 4285 δέ
2218 4226 2346 4284 sim.
2384 4226 2855 4284 constructionem
2887 4224 3056 4283 illam
3089 4225 3319 4298 quidem

708 4313 1100 4374 adverbialem
1149 4313 1384 4382 habent,
1437 4313 1541 4372 sed
1593 4314 1887 4372 adverbiis
1939 4314 2389 4373 adnumeranda
2440 4331 2560 4373 non
2610 4317 2762 4373 stmt.
2852 4313 3125 4373 Fuerunt
3173 4329 3320 4371 sane

708 4405 809 4477 qui
855 4395 1164 4464 οἶκονδὲ
1206 4405 1335 4462 sim.
1379 4420 1564 4462 unam
1609 4418 1728 4461 9339
1771 4404 2052 4462 orationis
2084 4407 2321 4478 partem
2362 4403 2475 4462 sibi
2507 4403 2934 4477 persuaderent
2977 4394 3068 4484 (et
3110 4401 3317 4462 adver·

707 4491 824 4552 biis
867 4483 1244 4573 tribuerent),
1287 4493 1379 4551 his
1414 4493 1486 4551 de
1530 4494 1739 4551 causis
1813 4492 1882 4566 a)
1930 4486 2277 4553 Οἶκονδέ
2321 4495 2448 4552 sim.
2486 4493 2873 4552 inunutabilia
2906 4495 3060 4560 sunt,
3103 4496 3171 4551 ut
3212 4491 3318 4550 ad-

707 4582 922 4641 verbia.
1013 4582 1076 4656 b)
1123 4581 1194 4641 δε
1240 4584 1307 4641 in
1352 4574 1657 4642 οἶκονδέ
1710 4598 1830 4639 non
1875 4584 2065 4655 potest
2117 4598 2237 4641 esse
2291 4578 2373 4642 δέ
2427 4584 2747 4642 coniunctio
2801 4581 3131 4656 copulativa
3184 4574 3315 4663 (sed

708 4673 801 4730 est
853 4672 924 4731 δε
981 4670 1216 4747 syllaba
1268 4662 1684 4750 paragogica)‚
1741 4687 1886 4729 nam
1938 4672 2362 4730 cornunctiones
2415 4671 2775 4746 copulativae
2826 4688 2945 4730 non
2996 4671 3321 4744 inmediunt

706 4778 781 4820 ne
832 4777 996 4820 voces
1053 4760 1355 4835 copulatae
1401 4777 1515 4834 per
1573 4775 1746 4819 casus
1800 4776 2181 4834 numerosque
2237 4763 2560 4833 flectantur.
2649 4761 2820 4820 Idem
2876 4761 2948 4820 de
3006 4753 3316 4821 οἷκονδέ

708 4851 826 4909 dici
877 4867 997 4909 non
1039 4853 1242 4924 potest.
1334 4850 1390 4923 c)
1437 4848 1697 4908 Nomina
1743 4866 1859 4923 per
1903 4851 2354 4910 coniunctionem
2398 4851 2669 4925 copulata
2709 4865 2886 4910 sensu
2935 4867 3056 4908 non
3097 4852 3317 4909 mutato

708 4939 1022 4999 artimdum
1075 4956 1369 4999 assumere
1411 4941 1686 5012 posstmt,
1743 4932 2052 5001 οἶκονδέ
2095 4956 2216 4999 non
2256 4934 2466 5014 potest’
2516 4941 2663 5016 180,
2688 4940 3011 5016 13-181,
3034 4939 3132 4998 10.
3227 4936 3312 4998 Cf.
