3738 5530
840 401 1379 466 (PERSONALIVM
1418 400 1765 452 GENETIVI
1804 401 2263 467 smGVLARls)
2303 403 2738 460 REFLExlvA.
3013 403 3088 467 71

499 607 602 670 διὰ
641 609 785 682 μιᾶς
831 606 1177 670 ςυνθέςεως
1223 607 1448 684 φωνῆς
1492 604 1748 670 εὐθεῖαν
1793 605 1895 668 καὶ
1938 604 2217 679 πλάγιον
2261 605 2332 668 ἐν
2365 606 2692 685 μεταβάςει
2723 610 3091 684 προςωπων

501 709 744 786 δηλοῖς»
806 707 999 771 Ἀλλὰ
1055 707 1178 785 μὴν
1232 706 1272 784 ἡ
1332 707 1493 770 λέξις
1550 706 1701 771 οὔτε
1759 706 2119 786 ἀμφίβολος
2177 708 2327 771 οὔτε
2389 704 2678 790 ἄκλιτος,
2737 708 2856 772 οὐκ
2900 709 3090 789 ἀμφί-

498 809 689 887 βολος
745 808 863 887 μέν
890 858 905 884 ,
962 808 1119 872 καθὸ
1173 808 1278 871 ἐπὶ
1332 808 1501 872 τέλει
1554 811 1913 872 ςυντεθεῖςα
1966 808 2090 889 (ἡ)
2148 809 2416 884 πλάγιος
2473 810 2754 876 δεόντως
2808 811 2972 888 πρὸς
3015 812 3091 873 τὸ

499 910 961 988 ςημαινόμενον
1029 908 1343 992 ἐκλίνετο,
1410 910 1794 987 ἀλλήλοις
1858 908 2196 992 ἔδωκαν,
2263 910 2661 988 ἀλλήλους
2727 910 3089 976 ἔπαιςαν·

495 1014 731 1090 κλιτικὴ
787 1012 889 1086 δέ,
948 1012 1105 1075 καθὸ
1163 1009 1356 1075 οὐδὲν
1409 1010 1490 1088 ἦν
1545 1011 1621 1075 τὸ
1677 1015 1966 1076 κωλῦςαν
2011 1011 2087 1075 τὸ
2131 1012 2318 1075 τέλος
2363 1013 2632 1096 κλίνειν,
2688 1016 2800 1090 τῆς
2843 1012 3091 1077 εὐθείας

418 1119 461 1174 C
495 1114 657 1178 κατὰ
712 1114 789 1177 τὸ
846 1112 1052 1192 ἄρχον
1109 1113 1302 1192 μέρος
1355 1116 1469 1190 τῆς
1524 1113 1873 1178 ςυνθέςεως
1925 1113 2317 1193 νοουμένης,
2383 1113 2520 1191 ἥτις
2575 1116 2680 1179 καὶ
2734 1115 2921 1179 ἕνεκα
2973 1120 3089 1179 τοῦ

301 2847 448 2901 91A

495 1217 919 1279 ςυντεθεῖςθαι
975 1215 1270 1294 ἀκίνητος
1326 1215 1750 1296 ἐφυλάςςετο,
1806 1216 1909 1279 καὶ
1961 1214 2150 1278 ἕνεκα
2205 1218 2323 1279 τοῦ
2375 1217 2493 1294 τὴν
2537 1217 2792 1281 εὐθεῖαν
2839 1219 2911 1282 ἐν
2956 1221 3090 1282 τοῖς

493 1319 933 1396 μεταβατικοῑς
994 1317 1368 1395 προςώποις
1433 1315 1713 1382 πάντοτε
1787 1317 2232 1396 ςυνυπάρχειν.
2343 1318 2697 1397 <Περιςςὸν
2772 1318 2893 1382 οὖν
2967 1321 3092 1383 ἐςτι

492 1422 738 1499 ζητεῖν,
798 1417 883 1482 «εἰ
937 1418 1082 1482 κατ’
1138 1415 1524 1482 ἀκολουθίαν
1580 1422 1810 1498 φωνῆς
1863 1417 1983 1482 οὐκ
2038 1418 2290 1497 ἔχουςιν
2349 1417 2602 1484 εὐθεῖαν
2659 1419 2722 1483 αἱ
2778 1421 3086 1498 ςύνθετοι,

494 1518 643 1583 ἀλλ’
684 1518 807 1583 οὖν
850 1539 925 1595 γε
969 1521 1128 1584 κατὰ
1169 1519 1246 1582 τὸ
1292 1520 1787 1599 ςημαινόμενον·
1847 1520 1938 1582 ὡς
1994 1520 2032 1597 ἡ
2091 1520 2218 1596 ἐγώ
2265 1520 2428 1598 πρὸς
2470 1522 2585 1598 τὴν
2632 1521 2823 1604 ἐμοῦ,
2881 1521 3088 1586 οὕτως

494 1621 537 1698 ἡ
593 1621 722 1695 ἐγὼ
778 1620 976 1686 αὐτός
1030 1621 1194 1699 πρὸς
1249 1622 1366 1697 τὴν
1423 1621 1749 1699 ἐμαυτοῦ».
1852 1621 2021 1686 ἅπαξ
2075 1622 2198 1699 γὰρ
2256 1622 2536 1704 ἐδείχθη,
2595 1624 2686 1688 ὡς
2730 1623 2916 1687 ἕνεκα
2957 1628 3089 1688 τῶν

493 1709 959 1786 αὐτοπαθειῶν·
997 1721 1062 1785 αἱ
1115 1721 1502 1802 ἀντωνυμίαι
1557 1725 1675 1801 τήν
1731 1724 2015 1787 ςύνθεςιν
2071 1721 2485 1799 ἀνεδέξαντο,
2543 1723 2706 1803 ὅπερ
2751 1726 2821 1789 ἐν
2868 1725 3091 1803 μόναις

492 1823 794 1898 πλαγίοις
837 1822 1102 1901 ἑωρᾶτο.
1178 1824 1326 1888 οὔτε
1372 1825 1442 1888 ἐν
1474 1824 1751 1889 ςυνθέςει
1794 1824 1921 1905 ἄρα
1950 1825 2197 1890 εὐθείας
2227 1824 2514 1909 ἔχουςιν,
2561 1825 2710 1890 οὔτε
2739 1826 2778 1904 ἡ
2810 1826 3089 1905 ἐμαυτοῦ

490 1925 714 2003 γενική
763 1925 889 1988 έςτι
946 1928 1065 1989 τοῦ
1123 1924 1251 2001 ἐγὼ
1298 1925 1506 1990 αὐτός.
1596 1926 1745 2001 ἐγὼ
1790 1928 1917 2005 γὰρ
1962 1926 2201 1991 αὐτὸε
2246 1926 2572 2009 ἤκουςα,
2625 1928 2728 1991 καὶ
2770 1930 2929 1992 κατὰ
2972 1932 3090 1992 τοῦ

491 2026 694 2089 αὐτοῦ
750 2026 1108 2103 προςώπου
1164 2032 1436 2106 μετοχῆς
1492 2027 1994 2107 ἐπιφερομένης,
2055 2028 2244 2104 ἐμοῦ
2299 2028 2543 2092 αὐτοῦ
2588 2026 3089 2107 ἀκούςαντος,

491 2126 585 2191 ὡς
630 2127 1142 2207 Ἀρίςταρχος
1187 2127 1444 2204 εἶπεν,
1502 2129 2010 2208 Ἀριςτάρχου
2054 2129 2445 2195 εἰπόντος.
2545 2130 2663 2194 οὐκ
2707 2129 2832 2194 ἔςτι
2882 2131 2952 2194 δέ
2995 2150 3090 2195 τις

492 2229 714 2293 εὐθεῖα
757 2230 837 2308 μὴ
884 2228 1122 2307 ἔχουςα
1166 2233 1420 2308 γενικὴν
1467 2232 1972 2309 ςυνταςςομένην
2018 2236 2109 2313 τῷ
2155 2231 2330 2314 αὐτῷ
2377 2229 2621 2311 ῥήματι.
2697 2232 2788 2296 ἔτι
2830 2233 2907 2296 τὸ
2937 2233 3087 2308 ἐγὼ

488 2330 732 2395 αὐτὸς
776 2330 1071 2410 ἤκουςα
1114 2332 1395 2409 ςημαίνει
1426 2331 1664 2398 ἔξωθέν
1695 2353 1838 2397 τινα
1868 2318 2140 2413 φωνήν,
2187 2332 2262 2396 τὸ
2294 2334 2366 2396 δὲ
2406 2334 2753 2413 ἐμαυτοῦ
2799 2334 3088 2412 ἤκουςα

490 2430 769 2513 οὐκέτι.)

664 2532 836 2611 Ἑξῆς
895 2532 1127 2611 ῥητέον
1173 2536 1316 2612 περὶ
1359 2539 1477 2599 τοῦ
1524 2535 1793 2615 ἀριθμοῦ
1837 2541 1971 2600 τῶν
2016 2534 2365 2611 ςυνθέτων,
2424 2534 2479 2599 εἰ
2524 2535 2803 2601 δεόντως
2847 2539 2928 2602 τὰ
2972 2538 3086 2616 μὲν

488 2634 673 2713 τρίτα
716 2634 845 2715 ἀφ’
899 2633 1107 2715 ἑνικῆς
1153 2636 1508 2701 ευντάξεως
1551 2636 1640 2701 εἰς
1683 2637 2074 2715 πληθυντικὰ
2129 2637 2508 2714 προάγεται·
2551 2638 2918 2702 Ἑαυτούς
2962 2639 3104 2727 γὰρ,

488 2737 594 2801 καὶ
648 2735 986 2805 ἑαυτῶν·
1044 2741 1123 2805 τὰ
1180 2743 1252 2807 δὲ
1305 2746 1532 2821 πρῶτα
1585 2739 1684 2804 καὶ
1740 2738 2010 2817 δεύτερα
2063 2737 2292 2803 οὐκέτι.
2401 2738 2534 2805 Τὸν
2602 2741 2715 2818 μὲν
2762 2739 2882 2804 οὖν
2929 2740 3085 2821 Ἀρί-

487 2858 770 2917 ςταρχον
836 2840 1289 2922 ἐπιμέμφεςθαί
1345 2864 1498 2924 φαςι
1551 2842 1631 2907 τὰ
1686 2841 1994 2920 ςχήματα,
2061 2842 2222 2905 καθὸ
2287 2841 2415 2920 ἀφ’
2471 2841 2679 2920 ἑνικῆς
2732 2842 3088 2908 ςυντάξεως

484 2947 603 3020 τῆς
660 2943 892 3010 ἑαυτόν
948 2948 1333 3025 πληθυντικὴ
1389 2945 1648 3020 ἐγένετο
1693 2943 1732 3021 ἡ
1778 2941 2072 3018 ἑαυτούς,
2131 2942 2419 3021 μάρτυρά
2473 2962 2542 3007 τε
2590 2943 2927 3018 ἐπάγεςθαι
2970 2946 3087 3010 τὸν

485 3047 766 3124 ποιητήν
786 3095 804 3128 ,
865 3045 1055 3124 «παρ’
1109 3048 1163 3131 ᾧ
1219 3047 1299 3111 τὰ
1352 3051 1468 3110 τοῦ
1522 3045 1930 3122 Ἑλληνιςμοῦ
1987 3044 2355 3125 ῆκρίβωται,
2412 3045 2481 3108 ἐν
2539 3043 2637 3110 οἷς
2689 3029 2971 3110 πάντοτε
3017 3046 3086 3109 ἐν

486 3146 771 3211 διαλύςει
816 3148 944 3213 ἐςτὶ
984 3150 1063 3213 τὰ
1105 3149 1314 3230 τρίτα,
1359 3145 1600 3227 ὁμοίως
1643 3149 1782 3210 τοῑε
1828 3145 2111 3223 πρώτοις
2156 3146 2258 3209 καὶ
2300 3146 2651 3227 δευτέροις,
2709 3150 2905 3225 ςφᾶς
2950 3146 3084 3210 αὐ-

484 3248 684 3312 τούς
740 3250 843 3313 καὶ
898 3255 1108 3329 ςφῶν
1163 3250 1438 3314 αὐτῶν.
1548 3248 1713 3326 πρὸς
1778 3245 1876 3310 οἷς
1930 3247 2033 3310 καὶ
2086 3249 2220 3309 τῶν
2275 3247 2552 3324 πρώτων
2610 3248 2711 3311 καὶ
2764 3248 3086 3325 δευτέρων

486 3349 616 3412 οὐκ
661 3348 876 3415 ὄντων
921 3351 992 3416 ἐν
1039 3351 1316 3415 ςυνθέςει
1358 3353 1780 3431 πληθυντικῇ,
1836 3348 1901 3413 ἐξ
1956 3347 2236 3426 ἀνάγκης
2283 3349 2384 3411 καὶ
2426 3351 2562 3413 τοῖς
2605 3350 2839 3426 τρίτοις
2886 3370 3085 3427 παρη-

396 3452 450 3506 Β
487 3450 794 3515 κολούθει
847 3452 1132 3517 ταύτόν».
1198 3489 1281 3499 -
1345 3452 1525 3529 Πρὸς
1591 3450 1672 3515 ὃν
1728 3449 1790 3514 οἱ
1844 3449 2289 3525 ἀντιλέγοντές
2344 3468 2570 3532 φαςιν,
2639 3451 2761 3515 «ὡς
2815 3451 2916 3514 καὶ
2960 3450 3086 3531 ἀφ’

485 3554 704 3629 ἑνικῆς
749 3555 1099 3619 ςυνθέςεως
1141 3557 1254 3632 τῆς
1298 3553 1637 3619 ἑνδέκατος
1682 3552 1758 3617 τὸ
1803 3551 2130 3616 ἑνδέκατοι
2175 3551 2602 3628 πληθυντικὸν
2640 3552 2921 3632 ἐγίνετο,
2967 3553 3085 3630 τήν

484 3673 560 3718 τε
618 3659 835 3732 χρῆςιν
904 3657 993 3720 ὡς
1047 3655 1191 3734 ὑγιῆ
1245 3658 1613 3721 πιςτοῦνται
1667 3655 1771 3719 διὰ
1829 3658 1962 3718 τῶν
2016 3654 2455 3717 Πλατωνικῶν
2523 3654 3085 3732 παραδειγμάτων·

484 3754 605 3819 τάς
659 3775 727 3819 τε
785 3759 944 3824 κατὰ
986 3759 1061 3823 τὸ
1105 3761 1319 3838 τρίτον
1365 3756 1718 3835 πρόςωπον
1763 3755 2072 3858 πολλάκις
2128 3754 2499 3833 διαφεύγειν
2544 3754 2708 3836 (τὰ)
2751 3759 2882 3820 τῶν
2928 3756 3087 3819 κατὰ

629 3941 845 3998 Anava.
927 3947 993 3993 20
1036 3940 1269 3995 Formae
1317 3943 1542 3995 ἑαυτῶν
1594 3940 1826 3993 ἑαυτούς
1883 3940 1989 3992 cet.
2046 3937 2337 4004 quaeritur
2381 3940 2606 3991 rectene
2663 3954 2697 3990 a
2744 3938 3013 4005 singulari
3056 3941 3085 3993 ἔ

485 4023 737 4094 simplici
790 4024 1071 4078 derivatae
1126 4025 1267 4090 sint,
1329 4041 1454 4078 oum
1502 4022 1685 4092 prima
1738 4024 1797 4076 et.
1840 4023 2103 4077 secunda·
2132 4021 2408 4075 similibus
2451 4021 2643 4075 formis
2687 4025 2931 4077 careant.
3015 4023 3087 4075 Et

488 4107 850 4163 Aristarchus
894 4108 1125 4175 quidem
1174 4125 1267 4162 eas
1311 4109 1619 4177 vituperat,
1670 4106 1901 4161 Homeri
1954 4108 2107 4160 nisus
2151 4106 2504 4160 auctoritate.
2586 4105 2688 4160 Cui
2733 4106 2833 4160 alii
2884 4106 3083 4160 adver-

485 4195 690 4248 santur
713 4193 989 4256 dicentes,
1028 4192 1198 4245 simili
1223 4192 1391 4246 modo
1416 4209 1484 4246 ex
1511 4195 1830 4246 έν-δέκατος
1857 4191 1978 4245 fleri
2005 4193 2344 4258 ἑν-δέκατοι,
2384 4191 2723 4257 omninoque
2749 4190 2821 4244 ad
2846 4190 3086 4259 regulae,

485 4293 641 4345 quae
687 4277 744 4329 in
790 4276 973 4345 prima
1016 4280 1075 4331 et
1117 4277 1363 4330 secunda
1408 4276 1657 4340 valeant,
1712 4276 1942 4329 tertiam
1988 4292 2097 4329 non
2147 4274 2330 4345 dirigi.
2409 4276 2488 4327 At
2531 4274 2854 4328 Aristarcho
2901 4292 3082 4329 assen-

485 4359 751 4415 tiendum
788 4363 888 4413 est.
955 4360 1100 4413 Nam
1137 4360 1405 4429 pauciora.
1442 4359 1868 4414 similitudinem
1904 4359 2150 4429 plurium
2187 4360 2347 4426 sequi
2382 4361 2640 4427 oportet3

628 4528 825 4583 naon.
861 4548 1056 4583 scam.
1115 4537 1163 4584 3.
1193 4531 1228 4595 ή
1256 4531 1490 4595 πλάγιος
1516 4529 1581 4594 b,
1621 4531 1855 4594 πλαγιος
1882 4531 1926 4583 Α
1957 4532 1967 4595 Ι
1997 4534 2045 4582 8.
2071 4530 2204 4597 post
2226 4527 2597 4591 ςυνυπάρχειν
2622 4528 2921 4582 inserenda.
2945 4546 3082 4594 esse,

484 4630 640 4682 quae
701 4615 874 4667 antea.
931 4619 1022 4684 73,
1078 4620 1139 4668 18
1176 4645 1233 4653 —
1277 4618 1368 4680 74,
1414 4619 1445 4665 2
1505 4613 1842 4684 legebantur
1912 4612 2030 4681 (nbi
2098 4611 2208 4665 vid.
2270 4611 2432 4664 discr.
2492 4611 2737 4679 script),
2798 4614 3088 4681 perspexit

481 4696 864 4753 BSkrzeczka
890 4700 902 4765 Ι
931 4706 1011 4754 21.
1053 4701 1237 4764 ἑνικῆς
1274 4699 1340 4764 b,
1377 4715 1561 4769 ενικης
1600 4715 1747 4754 εςτιν
1785 4700 1826 4751 Α
1858 4698 1868 4766 Ι
1900 4703 1980 4750 22.
2022 4697 2268 4765 εαυτων]
2307 4694 2398 4754 foL
2441 4700 2534 4747 171
2562 4712 2607 4749 r.
2642 4697 2651 4761 Ι
2682 4702 2764 4748 26.
2803 4714 2953 4751 εςτιν
2988 4699 3030 4751 Α
3072 4684 3082 4752 Ι

481 4791 573 4840 28.
614 4786 968 4852 πληθυντικῇ
1005 4784 1068 4849 b,
1108 4786 1463 4852 πληθυντικὴ
1499 4786 1578 4851 ΑΙ
1615 4790 1696 4839 32.
1732 4799 1925 4849 τριτον
1960 4797 2273 4850 προςωπον
2308 4782 2379 4840 Α,
2415 4779 2615 4846 τρίτον
2651 4779 2687 4833 b
2718 4785 2727 4846 Ι
2765 4784 2838 4836 τὰ
2873 4788 2993 4835 τῶν
3031 4783 3084 4844 b,

479 4885 615 4922 των
655 4867 701 4920 Α

3128 1536 3191 1582 10

3135 2043 3191 2089 15

3123 2546 3190 2593 20

3123 3054 3189 3100 25

3122 3558 3189 3606 30
