3738 5530
1305 365 1734 417 PaonoMmA
1776 364 2234 418 possessum.
2949 360 3071 425 109

475 568 610 647 ἥτις
662 570 764 633 καὶ
820 568 926 633 ἐπὶ
975 570 1237 649 πρᾶγμα
1291 568 1573 649 φέρεται.
1662 566 1717 633 εἰ
1760 566 1818 631 δ’
1861 566 1994 632 ἀπὸ
2036 570 2149 645 τῆς
2193 567 2305 631 τέο
2352 564 2749 629 Θετταλικῶς
2793 563 3070 643 ἐξετάθη,

480 670 571 737 ὥς
613 691 781 738 τινες
826 671 1151 754 ᾡήθηςαν,
1198 675 1401 750 δῆλον
1449 672 1540 736 ὡς
1583 672 1687 736 καὶ
1729 671 1890 734 κατὰ
1933 670 2010 735 τὸ
2039 676 2304 750 πρῶτον
2335 669 2438 732 καὶ
2466 666 2713 746 τρίτον·
2758 665 2921 745 ὅπερ
2953 666 3074 732 οὐκ

399 785 438 840 C
476 773 634 837 ἔςτι·
683 778 928 852 ψεῦδος
974 772 1101 853 ἄρα
1142 774 1248 838 καὶ
1288 776 1505 838 τοῦτο.
2089 772 2096 781 “

648 875 898 940 Αἰολεῖς
955 876 1139 958 ἔμω,
1197 880 1328 951 ςῶ,
1384 874 1455 939 ὧ.
1515 912 1591 922 -
1650 874 1722 939 Ἣ
1781 873 2040 952 ἐμοῖο,
2098 876 2302 952 ςοῖο,
2360 872 2487 937 οἷο
2530 872 2673 951 ἤτοι
2716 873 2873 950 μετὰ
2917 876 3075 937 διαι-

479 977 715 1056 ρέςεως
757 978 833 1041 τὸ
875 980 898 1042 i
941 977 1377 1056 προςὲλαβον,
1422 978 1462 1055 ἢ
1493 977 1865 1041 θετταλικαί
1899 964 2084 1059 εἰςιν,
2131 974 2222 1040 ὡς
2251 975 2352 1039 καὶ
2381 974 2764 1059 Ἀριςτάρχῳ
2795 975 3074 1054 ἤρεςκεν.
3111 984 3143 1032 ὁ

479 1078 615 1143 Οὐκ
659 1078 903 1156 ἄλογος
948 1078 1007 1142 δ’
1050 1078 1130 1143 ἂν
1177 1076 1276 1157 εἴη
1320 1079 1422 1141 καὶ
1466 1080 1507 1158 ἡ
1552 1077 1717 1143 αἰτία
1759 1082 1878 1143 τοῦ
1922 1080 2040 1157 τὴν
2084 1079 2200 1156 μὲν
2245 1078 2534 1156 κτητικὴν
2580 1078 2688 1141 διὰ
2715 1079 2829 1154 τῆς
2857 1079 2926 1141 ὃῖ
2952 1096 3075 1141 πα-

480 1180 808 1259 ράγεςθαι,
864 1182 981 1260 τὴν
1027 1183 1099 1245 δὲ
1142 1179 1577 1260 πρωτότυπον
1623 1182 1730 1246 διὰ
1774 1184 1887 1259 τῆς
1931 1185 2006 1244 ξι.
2081 1178 2141 1244 εἴ
2182 1200 2256 1256 γε
2286 1180 2418 1243 ἀπὸ
2447 1182 2564 1243 τοῦ
2597 1182 2797 1243 καλοῦ
2828 1182 3073 1255 καλοῖο,
3189 1234 3194 1239 ,

479 1283 968 1362 μετατιθεμένου
1024 1286 1143 1347 τοῦ
1201 1287 1240 1350 ii
1285 1282 1372 1349 εἰς
1416 1284 1494 1348 τὸ
1538 1286 1560 1349 ἰ
1601 1283 1705 1347 καὶ
1748 1283 2248 1362 προςτιθεμένου
2290 1284 2408 1345 τοῦ
2453 1283 2520 1357 ὃ,
2578 1283 2777 1360 ςαφὲς
2833 1281 2931 1346 ὅτι
2977 1281 3077 1346 καὶ

284 1401 374 1449 139
396 1397 441 1449 A
479 1384 585 1448 ἐπὶ
640 1388 752 1462 τῆς
812 1384 969 1462 ἐμοῦ
1026 1384 1266 1451 ταύτὸν
1321 1384 1815 1466 παρηκολούθει.
1916 1383 2080 1462 ὅπερ
2135 1383 2354 1461 ἔθιμον
2398 1382 2503 1447 ἐπὶ
2547 1389 2855 1462 κτητικῶν
2899 1386 3076 1462 παρὰ

475 1492 572 1568 τῷ
627 1493 889 1570 ποιητῇ,
947 1486 1035 1551 εἰς
1080 1490 1164 1551 δῦ
1221 1487 1438 1567 λήγειν
1482 1486 1589 1550 ἐπὶ
1630 1488 1916 1564 γενικῆς,
1972 1487 2048 1551 τὸ
2107 1487 2178 1549 δὲ
2232 1483 2664 1562 πρωτότυπον
2723 1484 2810 1550 εἰς
2855 1487 2928 1549 {o
2973 1484 3074 1549 καὶ
3113 1490 3178 1540 10

478 1591 587 1664 εὖ,
632 1586 758 1668 ἀφ’
802 1586 880 1668 ἧς
922 1588 1119 1656 πάλιν
1163 1588 1498 1666 ἀνάλογον
1540 1590 1617 1655 τὸ
1662 1588 1859 1668 ἐμεῖο.

737 1790 827 1856 ὡς
874 1791 1069 1858 οὐδὲν
1112 1794 1376 1870 γλύκιον
1421 1792 1498 1872 ἧς
1541 1793 1848 1870 πατρίδος
1895 1791 1944 1875 (ι
1988 1791 2101 1873 34)

475 1893 697 1970 τρίτον
754 1893 1061 1972 νοητέον·
1120 1898 1325 1961 τοῦτο
1380 1896 1504 1973 γὰρ
1560 1894 1731 1977 <οὐ>
1783 1894 1946 1958 κατὰ
2000 1893 2077 1958 τὸ
2134 1891 2311 1976 αὐτῷ
2370 1892 2639 1970 ἀρέςκον
2685 1891 3076 1973 ἀνεφωνήθη

478 1994 651 2072 πρὸς
694 1998 814 2059 τοῦ
858 1994 1092 2074 ἥρωος.
1182 1997 1423 2063 ἐποίςει
1463 2000 1629 2072 γοῦν
1675 1996 1766 2061 ἔτι
1810 1999 2035 2074 διῆκον
2079 1994 2186 2059 ἐπὶ
2228 1994 2474 2059 παντὸς
3116 2000 3181 2047 15

737 2095 791 2161 εἰ
833 2096 936 2161 καί
979 2116 1075 2162 τις
1118 2097 1520 2176 ἀπόπροθεν.

400 2210 447 2263 Β
483 2195 696 2262 οὕτως
742 2197 876 2277 ἔχει
917 2199 1022 2264 καὶ
1061 2199 1139 2264 τὸ

1296 2283 1438 2349 οὔτι
1480 2282 1687 2361 ἔγωγε

739 2383 816 2463 ἧς
859 2386 1043 2464 γαίης
1087 2386 1358 2465 δύναμαι
1402 2384 1452 2471 (ι
1495 2384 1641 2470 27)·

476 2489 594 2564 τῆς
636 2487 762 2565 γὰρ
809 2486 1158 2566 ἑκασταχοῦ
1199 2491 1336 2567 γῆς.
1425 2488 1517 2553 Τὸ
1563 2488 1781 2568 μέντοι
3112 2505 3181 2554 20

736 2587 880 2652 ἀλλ’
923 2588 1044 2654 αἰεὶ
1086 2590 1311 2670 φρεςὶν
1355 2588 1501 2673 ᾖςιν
1540 2588 1714 2669 ἔχων
1764 2590 1819 2669 (ν
1864 2587 2040 2672 320),

480 2687 631 2754 ἀντὶ
671 2693 789 2754 τοῦ
835 2689 1045 2774 ἐμαῖς,
1094 2690 1383 2768 εὐλόγως
1426 2690 1552 2756 ὑπ’
1594 2690 2009 2771 Ἀριςτάρχου
2053 2688 2472 2754 ὑπωπτεύετο
2518 2687 2610 2753 ὡς
2652 2689 2875 2773 νόθον,
2920 2690 3079 2755 καθὸ

480 2790 894 2858 ἀδιάπτωτος
940 2791 1010 2858 ἐν
1058 2793 1502 2875 ἀντωνυμίαις.
1553 2831 1636 2841 -
1680 2795 1941 2859 πλεῖςτα
1984 2796 2146 2869 γοῦν
2192 2793 2318 2858 ἔςτι
2361 2791 2525 2870 παρ’
2568 2791 2812 2871 ἑτέροις
2843 2791 3078 2871 εὑρεῖν,

482 2894 887 2974 ςφέτερον
939 2896 1243 2976 πατέρα
1303 2893 1485 2982 (Hes.
1545 2892 1623 2959 O.
1680 2893 1760 2959 D.
1818 2893 1889 2979 2)
1945 2893 2094 2960 ἀντὶ
2153 2896 2271 2959 τοῦ
2340 2892 2684 2974 ὑμέτερον,
2755 2893 2901 2960 ἀντὶ
2963 2896 3081 2958 τοῦ

408 3007 450 3063 c
483 2995 631 3072 τεά,
676 3015 797 3060 τοι
840 2997 1082 3076 κήδεα
1123 2997 1359 3064 λέξον
1401 2998 1485 3063 ἑά
1527 2999 1704 3079 παρὰ
1746 2997 2143 3080 Καλλιμάχῳ,
2185 2994 2289 3077 (fr.
2337 2995 2481 3060 536.
2510 2996 2635 3060 557
2679 2992 3080 3081 Schneider),
3115 3006 3183 3055 2⁶

484 3099 593 3162 καὶ
634 3097 828 3162 πάλιν
872 3098 1035 3177 παρ’
1079 3098 1254 3183 αὐτῷ
1298 3099 1442 3164 ἀντὶ
1483 3104 1599 3165 τοῦ
1646 3099 2030 3180 ςφωιτέρου.
2100 3098 2371 3177 Ἀλκμάν
2418 3096 2524 3183 (fr.
2561 3097 2620 3162 3.
2652 3097 2737 3161 30
2779 3095 3079 3183 Bergk³)·

744 3197 860 3279 ὑμέ
905 3219 974 3264 τε
1018 3200 1119 3265 καὶ
1162 3200 1490 3281 ςφετέρως
1531 3200 1776 3265 ἵππως·

747 3301 913 3382 ςφεὰ
958 3303 1051 3386 δὲ,
1074 3303 1265 3380 προτὶ
1306 3302 1593 3378 γούνατα
1636 3302 1874 3368 πίπτω.
1925 3339 1997 3348 -

486 3401 657 3467 ἀλλά
699 3403 822 3481 μὴν
866 3404 970 3468 καὶ
1012 3402 1089 3468 τὸ
1135 3403 1723 3487 ςφετερίζομαι,
1769 3404 2032 3484 ςύνηθες
2075 3403 2180 3480 ὄν,
2228 3404 2628 3484 ὠλιγώρηται
2672 3403 2779 3468 ἐπὶ
2820 3408 3085 3483 πρῶτον

628 3555 845 3611 Aaou.
930 3559 964 3607 4
1007 3552 1270 3608 Aeolicae
1315 3554 1546 3609 formae.
1599 3584 1665 3595 -—
1723 3555 1908 3623 Ἐμοῖο
1953 3561 2070 3611 ςοῖο
2115 3553 2204 3610 οἷο
2249 3554 2692 3625 possessivorum
2740 3571 2862 3608 esse
2910 3555 3084 3624 (apud

490 3635 830 3707 Homerum)
878 3637 1082 3692 mirum
1128 3654 1240 3693 non
1282 3640 1398 3703 θείη
1451 3654 1584 3692 nam
1626 3640 1944 3708 possessiva
1976 3655 2185 3709 genere
2220 3641 2353 3694 sunt
2386 3639 2695 3706 adieetiva,
2741 3654 2888 3707 quae
2923 3638 3084 3692 illum

489 3721 711 3777 exitum
757 3723 911 3794 apud
945 3723 1253 3778 Homerum
1297 3724 1508 3778 habere
1545 3724 1747 3782 solent.
1794 3754 1858 3764 -
1911 3730 1971 3778 12
2007 3726 2109 3781 Ὃς
2147 3723 2218 3778 ad
2257 3742 2428 3780 unam
2463 3725 2690 3779 tertiam
2725 3722 2982 3782 refertur.
3020 3753 3087 3761 —-

496 3813 562 3862 19
599 3806 780 3872 Quare
818 3809 970 3872 rect-e
1013 3806 1366 3862 Aristarchus
1411 3807 1560 3861 hunc
1594 3807 1827 3863 Homeri
1871 3825 2120 3875 versum,
2165 3809 2224 3863 in
2266 3826 2378 3879 quo
2416 3810 2488 3863 ad
2535 3808 2777 3880 primam
2821 3807 3086 3878 pertinet,

493 3891 687 3946 eiecit:
725 3891 1002 3947 Homerus
1037 3893 1188 3954 enim
1221 3892 1282 3946 in
1316 3892 1422 3947 hac
1456 3908 1517 3947 re
1552 3907 1665 3946 non
1701 3894 1927 3962 peccat,
1965 3894 2031 3947 ut
2062 3892 2162 3948 alii
2199 3894 2404 3949 solent.

631 4009 815 4066 Discit.
853 4029 1049 4065 somn.
1121 4017 1167 4069 1.
1204 4011 1255 4065 δ’
1291 4013 1363 4075 Α,
1400 4012 1464 4065 δὲ
1497 4009 1536 4064 b
1583 4014 1591 4078 Ι
1646 4015 1942 4080 εξεξεταθη
1978 4014 2022 4068 Α
2077 4014 2087 4080 Ι
2139 4019 2187 4066 3.
2225 4029 2370 4067 εςτιν
2407 4014 2449 4066 Α
2504 4013 2514 4079 Ι
2565 4019 2613 4067 4.
2649 4012 2768 4080 εμώ
2788 4013 2886 4067 ςῶι
2919 4013 2965 4067 ῶ
2991 4015 3034 4068 Α
3075 4013 3083 4080 Ι

493 4100 545 4153 7.
565 4094 789 4150 litterae
815 4098 866 4150 δι
890 4096 1043 4150 vocis
1065 4097 1155 4150 δια
1178 4095 1376 4150 charta
1396 4096 1543 4150 illita
1561 4098 1834 4167 teguntur
1855 4096 1916 4150 in
1941 4099 1984 4152 Α
2015 4099 2025 4164 l
2058 4114 2104 4152 ει
2125 4113 2190 4162 γε
2216 4098 2289 4164 Α,
2317 4097 2366 4152 εἰ
2389 4097 2497 4166 γὰρ
2526 4098 2578 4167 b]
2604 4096 2733 4152 hinc
2757 4097 2853 4152 fol.
2882 4104 2977 4152 192
3000 4115 3045 4152 r.
3074 4098 3083 4167 Ι

493 4185 545 4233 9.
580 4180 672 4235 ἐπὶ
706 4185 812 4248 τῆς
846 4179 915 4246 b,
951 4198 1067 4236 απο
1100 4197 1204 4249 της
1241 4183 1284 4236 Α
1314 4182 1325 4248 Ι
1360 4188 1437 4237 13.
1465 4185 1723 4245 γλυκιων
1748 4185 1791 4238 Α
1824 4184 1832 4248 Ι
1863 4183 1932 4250 ἦς
1965 4181 2003 4235 b
2039 4180 2343 4248 Homerus,
2378 4198 2482 4250 της
2507 4184 2551 4238 Α
2583 4184 2592 4249 Ι
2626 4188 2707 4239 14.
2739 4183 2808 4236 οὐ
2843 4181 2973 4241 add.
3008 4181 3046 4235 b
3075 4183 3082 4250 Ι

498 4269 582 4321 16.
619 4265 778 4332 εἴπερ
813 4266 874 4318 et
907 4265 1191 4334 ἀπόπροθι
1228 4265 1501 4320 Homerus
1536 4265 1686 4336 vulg.
1736 4270 1745 4332 Ι
1797 4270 1875 4320 18.
1924 4267 2084 4320 οὔτοι
2127 4265 2406 4320 Homerus
2449 4266 2602 4337 vulg.
2649 4269 2660 4336 ι
2705 4272 2788 4320 22.
2837 4267 2994 4334 ἐμαῖς
3029 4266 3086 4334 b,

495 4364 631 4414 εμος
667 4351 710 4403 Α
742 4352 752 4414 Ι
783 4355 866 4406 23.
903 4366 1052 4404 ἐςτιν
1087 4352 1130 4405 Α
1163 4351 1172 4417 Ι
1202 4355 1284 4403 25.
1321 4351 1448 4418 τεά,
1486 4368 1574 4405 τοι
1598 4349 1931 4417 WDindorf,
1969 4351 2068 4419 qui
2101 4368 2190 4405 τοι
2225 4352 2327 4405 aut
2360 4350 2665 4405 delendum
2701 4353 2802 4405 aut
2833 4368 2961 4406 cum
2999 4353 3088 4405 καί

496 4433 960 4487 commutandum
1006 4450 1153 4500 esse,
1198 4435 1258 4488 et
1291 4433 1671 4501 OSchneider,
1717 4435 1817 4503 qui
1859 4452 1961 4505 pro
2009 4452 2099 4490 τοι
2144 4435 2382 4490 ῑοτί-,αεεο
2417 4443 2538 4491 τοῖς
2573 4435 2930 4490 scribendum
2968 4451 3085 4490 esse

498 4519 707 4584 censet,
751 4519 856 4572 τεά
897 4536 988 4573 τοι
1022 4519 1059 4572 b
1101 4525 1109 4582 Ι
1149 4524 1233 4573 26.
1274 4536 1572 4588 ςφωτερου
1609 4520 1652 4573 Α
1692 4521 1702 4587 Ι
1742 4518 2058 4574 HLAhrens
2102 4537 2203 4589 pro
2240 4519 2580 4575 Alcmanicis
2628 4520 2916 4591 expectari
2952 4519 3091 4574 dicit

498 4599 901 4664 Callimachea;
942 4602 1133 4672 itaque
1170 4603 1483 4672 suspicatur
1519 4605 1620 4658 aut
1653 4605 1933 4673 quaedam
1960 4604 2230 4660 excidisse
2257 4607 2358 4658 aut
2381 4621 2412 4659 e
2438 4603 2814 4659 Callimacheo
2840 4604 3086 4660 carmine

498 4685 575 4738 ad
611 4685 910 4741 Dioscuros
945 4686 1244 4758 desumpta
1280 4704 1398 4744 esse
1434 4689 1637 4744 verba:
1679 4691 1926 4757 Ἀλκμὰν
1961 4691 2067 4757 ὑμέ
2102 4707 2168 4743 τε
2205 4692 2294 4743 καὶ
2331 4690 2623 4757 ςφετὲρως
2656 4690 2852 4746 ἵππως
2880 4689 3089 4760 (suppl.

497 4771 822 4840 ἐκλέῑςςεν),
866 4772 934 4825 ut
975 4773 1271 4839 sequentia
1303 4791 1413 4828 non
1450 4774 1635 4828 minus
1660 4772 1991 4828 Callimachi
2025 4774 2153 4832 sint.
2209 4773 2482 4827 Ahrensio
2518 4774 2824 4828 assentitur
2857 4772 3086 4844 KBrug·

501 4871 632 4908 man
659 4858 670 4924 Ι
700 4861 781 4913 28.
819 4859 986 4924 προτὶ
1021 4858 1060 4910 b
1097 4857 1391 4927 ThBergk,
1428 4876 1562 4913 ποτι
1588 4861 1636 4911 Α
1666 4867 1675 4922 ι
1707 4858 1916 4913 ‘malim
1941 4860 2194 4924 γώνατα’
2221 4857 2497 4928 ThBergk
2527 4861 2537 4926 Ι
2568 4865 2650 4913 29.
2678 4861 3019 4928 ωλιγορηται
3043 4859 3087 4913 Α
