3738 5530
646 335 1088 392 Commentarius
1117 336 1345 391 eritious
1372 338 1432 391 et
1458 335 1778 407 exegeticus
1807 335 1866 389 in
1896 334 2183 405 Apollonii
2212 334 2438 404 Dyscoli
2469 335 2679 406 scripta
2706 336 2938 392 minora.
3027 339 3114 405 53

491 526 677 583 yemis
741 508 1139 567 terminatione
1201 508 1434 566 ommno
1478 507 1866 581 distinymmt,
1934 508 2108 566 etiam
2149 507 2541 566 masculinum
2585 524 2625 565 a
2668 507 2949 581 feminino
2993 511 3112 582 tine

497 600 842 666 discernere,
889 615 1008 656 non
1053 597 1376 657 discernae
1420 591 1554 667 τίς;
1601 597 1823 664 deinde,
1874 590 2128 656 οὐδείς
2174 598 2445 671 eoniunqi
2490 615 2622 657 eum
2660 600 2937 672 ,qenetieis
2972 617 3110 674 pro-

493 690 811 757 nominum,
857 704 977 746 non
1021 688 1291 761 emeiunqi
1335 703 1468 745 eum
1511 684 1740 746 τινῶν
1790 686 2195 760 28,10-17.

678 777 780 851 28,
804 779 886 836 10
931 775 1210 836 Hoerseh„
1262 777 1388 835 378
1437 774 1677 835 dubitat
1721 775 1877 835 sitne
1923 776 2296 836 scribendum
2345 769 2493 854 <ἐπὶ
2539 771 2661 856 τὰ)
2705 777 2817 851 τῆς
2863 777 3109 854 φωνῆς,

370 843 382 860 ’
494 871 564 927 ut
605 886 772 944 pron.
826 867 928 940 25,
951 866 1031 924 15
1092 861 1196 925 ἐπὶ
1240 862 1358 940 τὴν
1395 896 1484 907 -
1521 859 1930 938 ἀντωνυμίαν
1987 863 2353 940 καταδρομὴ
2401 861 2658 936 γίνεται.
2752 865 2868 927 Sed
2913 885 3105 929 κατα-

494 954 744 1032 τρέχειν
791 959 852 1016 et
896 952 1303 1029 καταδρομὴν
1350 949 1628 1026 γίνεςθαι
1673 973 1793 1013 non
1840 955 2033 1014 solum
2078 958 2185 1030 est,
2231 956 2301 1013 ut
2348 956 2451 1030 25,
2476 957 2575 1031 15,
2621 950 2961 1035 ‘confugere
3007 954 3107 1017 ad'

495 1039 635 1128 (hoe
692 1063 833 1105 sane
896 1045 999 1103 ubi
1063 1043 1387 1122 signifieat,
1450 1063 1584 1104 eum
1639 1039 1744 1104 ἐπί
1797 1046 2238 1121 praepositione
2293 1044 2751 1104 construendum
2795 1039 2943 1128 est),
3006 1047 3108 1107 sed

493 1138 676 1197 etiam
713 1128 1110 1213 ‘impugnare’
1149 1128 1396 1193 ‘invehi'
1436 1128 1907 1211 ‘reprehendere'
1943 1128 2232 1208 ‘reicere'3
2270 1133 2372 1192 ubi
2407 1133 2554 1194 haec
2580 1136 2748 1195 notio
2776 1135 2995 1212 subest,
3033 1137 3106 1196 ab

493 1225 606 1304 Ap.
643 1245 779 1285 eum
815 1227 1092 1304 genetivo
1127 1225 1519 1299 construitur;
1555 1227 1792 1301 praeter
1827 1226 1883 1283 h.
1924 1225 1961 1282 l.
2010 1225 2081 1284 ef.
2111 1226 2266 1301 synt.
2302 1226 2447 1298 100,
2469 1225 2554 1284 20
2591 1222 3108 1300 καταδραμόντες

491 1310 923 1390 Ἀριςτάρχου.
1020 1312 1357 1373 Consimilis
1404 1316 1495 1373 est
1538 1331 1679 1373 usus
1727 1310 2078 1390 μέμφεςθαι
2123 1311 2291 1372 verbi
2326 1332 2491 1390 pron.
2533 1314 2636 1389 55,
2660 1317 2740 1373 12
2788 1310 2953 1389 πρὸς
2992 1314 3106 1390 μὲν

492 1402 644 1465 τοὺς
699 1401 816 1478 τὴν
871 1400 1131 1478 γραφὴν
1187 1399 1662 1478 μεμφομένους,
1730 1406 1791 1463 et
1849 1399 2306 1478 ἐπιμέμφεςθαι
2351 1421 2520 1479 pron.
2573 1405 2675 1478 71,
2698 1405 2777 1464 23
2827 1400 2943 1464 τὸν
2992 1403 3106 1479 μὲν

494 1489 906 1569 Ἀρίςταρχον
954 1488 1408 1568 ἐπιμέμφεςθαί
1455 1508 1609 1567 φαςι
1655 1487 1736 1552 τὰ
1782 1489 2084 1567 ςχήματα.
2159 1492 2236 1551 ib.
2281 1494 2530 1568 111,13
2579 1489 2731 1554 δέον
2778 1488 2902 1568 γὰρ
2950 1492 3105 1567 μᾶλ·

494 1583 613 1645 λον
669 1579 1064 1657 ἐπίμεμπτον
1119 1576 1522 1643 καταλείπειν
1578 1579 1654 1642 τὸ
1710 1579 1915 1657 ςχῆμα
1959 1578 1999 1656 ἢ
2048 1579 2415 1656 μαχόμενον
2472 1578 2636 1656 πρὸς
2689 1578 2769 1642 τὰ
2827 1577 2980 1654 ὅλα,
3046 1587 3107 1643 et

493 1667 1022 1748 ἑπιλαμβάνεςθαι
1067 1666 1366 1745 ἐπίληψις
1413 1667 1762 1745 ἐπίληπτος
1806 1690 1973 1748 pron.
2014 1673 2073 1747 8,
2095 1672 2164 1747 8,
2213 1673 2451 1747 57,11,
2499 1673 2601 1746 93,
2624 1674 2690 1748 7·
2741 1667 3105 1748 ἐπιλήπτως

494 1754 754 1844 (vitiose,
797 1764 1006 1821 eontra
1048 1752 1345 1841 reg-ulam)
1392 1759 1470 1819 ib.
1520 1762 1624 1835 93,
1648 1763 1745 1820 14.

674 1852 879 1927 28,16
946 1851 1082 1910 Iure
1137 1849 1354 1910 codicis
1418 1852 1774 1927 scripturam
1834 1849 2098 1909 defendit
2143 1849 2267 1909 Ska.
2311 1850 2343 1909 Ι
2384 1852 2466 1909 10
2528 1844 2722 1909 ‘Dixit
2766 1852 2923 1911 enim
2968 1871 3103 1930 pro-

491 1943 733 2001 nomina
780 1959 932 2018 quae
978 1959 1163 2018 genus
1208 1940 1400 1999 forma
1445 1938 1786 2001 discernam
1823 1940 2161 2000 eommunia
2197 1959 2316 1999 non
2352 1957 2497 2014 esse,
2542 1935 2636 2000 τίς
2673 1943 2893 2017 autem,
2937 1943 3104 2003 cuius

491 2035 767 2091 neutrum
811 2026 886 2102 τί,
933 2032 995 2090 ei.
1039 2029 1111 2088 de
1155 2029 1420 2090 maribus
1466 2033 1528 2089 et
1572 2030 1645 2090 de
1694 2030 1998 2089 femininis
2045 2029 2162 2089 diei
2200 2029 2421 2090 additis
2460 2029 2728 2090 articulis
2765 2027 3101 2109 signifieat’.

668 2119 831 2190 Quae
877 2123 1206 2197 sequuntur
1255 2121 1719 2196 28,17—29‚3
1768 2137 1951 2195 supra
1999 2121 2157 2195 28,1
2207 2120 2578 2178 inseruimus.

669 2210 1059 2285 Explodenda
1113 2211 1287 2270 etiam
1338 2209 1507 2269 haec:
1567 2204 1635 2268 τί
1686 2209 1911 2283 factum
1966 2227 2087 2269 6336
2142 2226 2210 2268 ex
2259 2203 2287 2267 ἵ
2340 2212 2535 2284 itaque
2590 2209 2771 2269 eidem
2823 2213 3104 2272 orationis

481 2303 648 2375 parti
703 2300 1103 2370 tribuendum;
1165 2317 1309 2358 nam
1350 2301 1616 2372 primum
1669 2315 1786 2358 non
1842 2298 1997 2358 idem
2039 2301 2406 2374 siynificant‚·
2465 2299 2672 2359 deinde
2717 2302 2823 2358 aut
2864 2319 2989 2361 una
3034 2296 3103 2361 τί

489 2391 684 2463 forma
727 2390 965 2449 debebat
999 2390 1116 2448 tria
1147 2405 1363 2462 qenera
1405 2388 1687 2456 indicare,
1733 2392 1800 2447 ut
1840 2383 1891 2458 ῖς
1939 2392 2045 2448 aut
2081 2407 2149 2448 ex
2185 2390 2493 2456 contrarie,
2541 2391 2816 2462 quoniam
2851 2385 2920 2449 τί
2954 2391 3104 2450 nihil

494 2484 578 2540 est
636 2481 756 2539 nisi
817 2483 1112 2547 neutrum,
1178 2478 1470 2552 operiebat
1512 2478 1737 2550 formae
1780 2473 1893 2538 τίς
1942 2482 2181 2552 praesto
2228 2495 2348 2538 6336
2391 2479 2646 2552 formam
2688 2472 2773 2538 ἵς.
2826 2476 3103 2539 ·Aeeedit

490 2571 644 2645 quod
687 2565 755 2629 τί
788 2587 903 2644 per
948 2586 1120 2629 casu-⁴1
1155 2583 1535 2642 numerosque
1569 2569 1833 2639 flectitur,
1880 2562 1907 2627 ἵ
1942 2584 2060 2628 non
2094 2571 2358 2641 flectitur,
2406 2585 2537 2627 cwm
2573 2568 2917 2628 correlativa
2951 2570 3102 2641 flecti

489 2661 712 2720 soleant
759 2660 861 2734 29,
882 2658 1116 2717 3—10.

672 2749 833 2824 29‚5
883 2746 1254 2808 scribendum
1301 2750 1394 2807 est
1438 2741 1527 2809 ὥς
1573 2742 1716 2820 τώς,
1765 2747 1833 2807 cl.
1886 2747 2016 2807 adv.
2069 2747 2215 2822 169,
2238 2748 2353 2823 25,
2403 2749 2627 2822 171‚8.

669 2841 773 2914 29,
794 2839 830 2898 6
888 2837 1020 2899 τῶν
1073 2835 1269 2912 τριῶν
1324 2836 1534 2909 γενῶν
1581 2830 1744 2898 εἶναι
1788 2834 2260 2912 παραςτατικόν
2306 2837 2450 2914 quid
2496 2839 2576 2897 sit
2622 2836 2698 2896 ad
2750 2839 2851 2911 11,
2873 2839 2954 2896 29
3004 2856 3099 2897 ex-

488 2931 751 3006 posi‘mm
797 2931 901 2988 est.

669 3020 773 3092 29,
792 3019 831 3077 8
887 3012 1320 3092 παρακείμενα
1373 3019 1609 3077 constat
1663 3034 1736 3076 ea
1788 3034 1915 3076 esse
1972 3035 2123 3092 quae
2179 3018 2381 3093 stirpis
2439 3015 2738 3077 affinitate
2784 3018 3100 3077 coniuncta

489 3111 654 3168 sunt:
709 3109 769 3167 et
821 3106 886 3166 id
941 3106 1101 3184 quod
1154 3107 1578 3185 primigenium
1634 3109 1723 3165 est
1778 3101 2151 3180 παράκειται
2207 3109 2268 3165 et
2312 3106 2373 3165 id
2421 3107 2583 3184 quod
2630 3105 2769 3167 inde
2815 3106 3097 3167 nascitur.

489 3195 559 3256 V.
605 3197 727 3257 ind.

668 3289 724 3346 2.
789 3282 1177 3360 Τηλικοῦτος
1222 3288 1283 3345 et
1326 3285 1622 3347 τοιοῦτος
1666 3284 1910 3344 nomina
1955 3289 2096 3345 sunt
2143 3286 2670 3360 29,11-31,12.

663 3372 1129 3450 Τηλικοῦτος
1194 3380 1246 3434 et
1306 3374 1666 3437 τοιοῦτος
1731 3370 2097 3453 (τοςοῦτος)
2163 3378 2475 3449 composita
2529 3393 2649 3435 6336
2703 3375 2946 3449 fuer-mit
2999 3379 3099 3451 qui

488 3466 901 3525 emdenderent.
995 3464 1404 3540 Quaerendum
1447 3467 1652 3539 iqitur,
1708 3466 1762 3524 si
1806 3468 1946 3524 sunt
1989 3481 2120 3524 cwm
2166 3458 2392 3525 οὗτος
2439 3467 2780 3539 comos-iia,
2827 3468 2922 3525 eui
2967 3482 3097 3525 ora·

487 3557 659 3615 tionis
702 3558 870 3630 parti
921 3555 1268 3614 ascribenda
1322 3556 1453 3614 sint.
1557 3554 1643 3613 Et
1694 3558 1760 3614 ut
1812 3555 2124 3629 composita
2171 3571 2241 3613 ea
2286 3572 2407 3614 esse
2450 3555 2894 3623 demonstretur,
2957 3555 3099 3615 haee

487 3647 739 3705 maxime
781 3647 1128 3719 myumenta
1162 3645 1520 3717 afferuntur:
1564 3642 1632 3719 a)
1670 3641 2122 3719 τηλικοῦτος
2168 3644 2406 3703 dissolvi
2441 3647 2631 3718 potest
2673 3646 2740 3703 in
2784 3638 3097 3717 τηλίκος

488 3728 729 3795 οὖτος.
823 3732 885 3806 b)
931 3728 1398 3808 Τηλικοῦτος
1444 3732 1802 3795 τοιοῦτος
1846 3733 2066 3806 suffixo
2109 3730 2133 3793 ἰ
2178 3735 2381 3808 anyer-i
2416 3737 2694 3812 possunt,
2741 3731 3093 3807 τηλικου-

487 3819 648 3884 τοςί
711 3818 1124 3893 τοιουτοςί,
1188 3823 1342 3896 quod
1401 3824 1733 3883 nominibus
1784 3839 1904 3881 non
1959 3825 2245 3897 eontinqit.
2339 3822 2394 3896 c)
2440 3819 2810 3882 Adhibentur
2868 3823 3097 3882 dernen—

483 3914 715 3973 strandi
778 3930 994 3983 eausa5
1055 3930 1197 3972 naen
1259 3913 1453 3972 oeulos
1516 3906 1641 3995 (vel
1686 3902 1938 3993 digitos)
2003 3913 2084 3972 ad
2136 3913 2390 3986 aliquem
2442 3913 2797 3972 intendentes
2850 3913 3099 3972 dicimus

485 4000 938 4076 τηλικοῦτος
985 4005 1038 4061 et
1080 4001 1461 4073 τοιοῦτος,
1513 4003 1666 4076 quod
1707 4018 1826 4060 non
1873 4004 1956 4060 est
1997 4004 2313 4061 nominum.
2405 4000 2472 4075 d)
2518 4001 2750 4061 Neutra
2792 4003 2859 4062 in
2904 3999 2943 4062 ὃ
2989 4006 3097 4061 ter-

484 4094 805 4161 minantur,
849 4095 917 4151 ut
948 4093 1308 4166 pronomina
1353 4088 1537 4152 αὐτό
1583 4089 1816 4151 τοῦτο
1864 4085 2116 4152 ἐκεῖνο
2165 4091 2568 4164 29,12-18.

663 4179 748 4240 At
789 4183 1101 4255 composita
1146 4198 1217 4239 ea
1259 4199 1378 4241 non
1424 4198 1544 4241 6336
1587 4181 2101 4239 demmwtrandum
2147 4185 2242 4240 est.
2334 4179 2430 4238 Ad
2477 4172 2545 4261 a)
2592 4179 2917 4256 Nunquam
2959 4183 3096 4241 sim-

475 4271 664 4345 plicia
707 4271 861 4329 idem
893 4272 1230 4346 siqniftcant
1264 4271 1416 4344 quod
1451 4272 1794 4345 commta,-
1838 4264 2146 4343 τηλίκος
2183 4274 2376 4330 auiem
2416 4273 2657 4345 itemque
2691 4266 3092 4345 τηλικόςδε

487 4361 638 4420 idem
701 4364 784 4420 est
842 4361 996 4434 quod
1058 4357 1531 4435 τηλικοῦτος;
1600 4377 1730 4434 erqo
1793 4358 2243 4434 τηλικοῦτος
2302 4378 2421 4420 non
2467 4365 2660 4436 potest
2706 4378 2820 4435 per
2875 4378 3094 4435 compo-

484 4452 750 4510 sitionem
795 4467 864 4508 ex
908 4445 1214 4523 τηλίκος
1258 4450 1481 4522 factum
1526 4466 1646 4508 6336
1693 4450 2095 4524 29,19-21.

661 4539 892 4598 Deinde
935 4556 1129 4598 seeum
1173 4540 1288 4613 ipsi
1321 4542 1598 4613 puqnant
1640 4541 1741 4612 qui
1785 4542 2065 4607 statmmt,
2114 4543 2167 4598 et
2202 4541 2445 4599 nomina
2478 4540 2585 4598 illa
2622 4556 2743 4597 esse
2780 4541 2832 4597 et
2866 4531 3094 4599 οὗτος

487 4645 607 4687 6336
658 4630 724 4688 in
775 4629 927 4700 illis;
989 4647 1132 4689 nam
1185 4629 1286 4687 ubi
1341 4630 1684 4688 concesseris
1740 4622 1966 4689 οὗτος
2013 4645 2133 4687 6336
2176 4632 2241 4689 in
2287 4626 2761 4702 τηλικοῦτος,
2827 4627 3095 4688 concedes

486 4715 937 4791 τηλικοῦτος
998 4736 1119 4777 6336
1165 4734 1520 4791 pronomem
1586 4719 1741 4777 exitu
1800 4719 1954 4777 enim
2012 4720 2166 4777 vocis
2221 4719 2562 4792 compositae
2620 4717 2934 4785 indieaiwr,
3000 4719 3095 4776 eui

487 4808 770 4865 oration-is
820 4808 988 4880 parti
1050 4807 1502 4868 adnumeranda
1564 4809 1642 4866 sit
1705 4808 2109 4884 29,21-30,
2131 4809 2186 4866 4.
2253 4838 2339 4847 —
2402 4805 2496 4865 Ad
2549 4798 2615 4889 a)
2661 4803 2902 4866 Accedit
2943 4807 3096 4880 quod

486 4893 888 4969 τημοῦτος,
954 4897 1108 4969 quod
1162 4897 1402 4956 eandem
1457 4899 1917 4957 terminationem
1971 4898 2141 4957 habet
2183 4900 2353 4971 atque
2396 4894 2875 4970 τηλικοῦτος,
2940 4897 3096 4955 idem

486 4986 780 5058 siqnificat
836 4986 990 5058 quod
1043 4983 1301 5061 τῆμος;
1363 4986 1509 5045 nihil
1561 4989 1739 5062 iqitur
1793 4989 2043 5047 notionis
2096 5004 2245 5061 quae
2286 4988 2625 5060 pronomini
2681 4979 2906 5048 οὗτος
2961 4986 3093 5045 sub-
