3738 5530
1582 370 1683 420 DE
1719 367 2179 422 EXPLETIVIS.
3045 364 3170 429 247

835 573 964 650 ἐγὼ
1009 572 1197 653 χάριν
1241 574 1357 652 ςὴν
1403 572 1601 638 παῖδά
1646 592 1760 637 ςου
1806 569 2201 648 κατακτενῶ,

480 696 528 736 ιο
581 678 685 742 καὶ
727 675 799 742 ἐν
844 675 1017 761 Αὔγῃ
1062 674 1165 760 (fr.
1210 673 1338 738 270
1380 672 1662 737 Dindorf
1699 671 1985 759 Nauck)·

836 778 939 842 καὶ
979 779 1320 858 βουθυτεῖν
1365 776 1487 856 γὰρ
1529 775 1747 857 ἠξίους
1792 776 1949 857 ἐμὴν
1995 776 2204 857 χάριν.

578 881 658 946 τὰ
715 882 839 960 γὰρ
895 880 1205 959 κτητικαῖς
1260 876 1688 960 ἀντωνυμίαις
1741 878 2207 957 ςυνταςςόμενα
2264 876 2552 957 ὀνόματά
2606 876 2761 953 ἑςτι,
2816 879 2934 955 τῆς
2978 874 3172 955 αὐτῆς

581 983 884 1047 πτώςεως
956 980 1235 1059 τυχόντα
1305 980 1410 1044 καὶ
1480 985 1597 1044 τοῦ
1673 979 1876 1046 αὐτοῦ
1950 979 2218 1059 ἀριθμοῦ
2242 1028 2260 1061 ,
2339 978 2532 1059 ἐμὸν
2606 977 2897 1061 αὐλόν,
2979 977 3168 1058 ἐμὴν
3207 993 3239 1043 5

479 1103 526 1143 ιε
581 1083 861 1160 οἰκίαν,
929 1082 1120 1163 ἐμὴν
1187 1081 1438 1162 χάριν.
1540 1132 1554 1147 .
1652 1133 1667 1146 .
1764 1131 1777 1146 .
1884 1081 2042 1162 ἐμοῦ
2109 1081 2252 1167 οἷόν
2318 1081 2387 1145 τέ
2453 1079 2575 1144 ἐςτι
2643 1080 3029 1160 παραθέςθαι
3093 1079 3169 1144 τὸ

579 1186 792 1262 ἕνεκα,
861 1184 1049 1251 ἕνεκα
1107 1184 1289 1264 ἐμοῦ,
1358 1183 1462 1249 ἐπὶ
1517 1185 1590 1248 δὲ
1643 1188 1762 1248 τοῦ
1817 1184 2005 1264 χάριν
2059 1184 2215 1264 ἐμὴν
2272 1182 2512 1269 οὐκέτι,
2577 1183 2766 1248 ἕνεκα
2830 1180 3006 1263 ἐμήν.
3094 1180 3169 1245 τὸ

578 1291 878 1352 τοιοῦτον
936 1287 1008 1351 δέ
1054 1306 1267 1367 φαμεν
1313 1285 1401 1350 εἰς
1458 1284 1783 1352 ἀπόδειξιν
1839 1290 1958 1349 τοῦ
2004 1285 2079 1349 τὸ
2137 1285 2322 1365 χάριν
2379 1285 2590 1367 ὄνομα
2643 1283 2808 1350 εἶναι
2853 1284 3012 1350 κατὰ
3054 1282 3169 1348 τὰς

577 1388 877 1453 τοιαύτας
922 1388 1261 1453 ςυντάξεις.
1308 1423 1391 1433 -
1447 1387 1643 1453 οὐδὲν
1698 1387 1917 1466 μέντοι
1974 1388 2211 1451 κωλύοι
2269 1388 2370 1452 καὶ
2412 1390 2488 1453 τὸ
2541 1386 2760 1468 ἔθιμον
2813 1384 3170 1453 ἐκδέξαεθαι

476 1514 527 1552 20
579 1489 820 1569 ὄνομα,
896 1490 1202 1567 λιπούςης
1269 1489 1634 1568 προθέςεως
1698 1492 1811 1566 τῆς
1877 1488 1999 1566 εἴς,
2074 1487 2237 1553 ὥςτε
2305 1488 2512 1555 οὕτως
2571 1487 2868 1568 ἀκούειν,
2945 1485 3168 1566 χάριν
3209 1506 3272 1555 ιο

580 1591 1124 1656 Ἀπολλωνίου
1179 1590 1267 1656 εἰς
1322 1591 1507 1670 χάριν
1565 1590 2041 1672 Ἀπολλωνίου,
2096 1589 2227 1668 εἴγε
2282 1590 2382 1656 καὶ
2439 1590 2516 1655 τὸ
2571 1590 2757 1671 ἐμὴν
2809 1588 3043 1668 χάριν
3098 1588 3168 1654 ἐν

578 1693 693 1778 ἰ’ςῳ
742 1693 866 1758 ἐςτὶ
910 1698 1003 1776 τῷ
1050 1692 1137 1757 εἰς
1183 1693 1336 1772 ἐμὴν
1383 1691 1584 1771 χάριν.
1651 1692 1751 1756 καὶ
1795 1692 2089 1772 φαίνεται
2134 1690 2235 1757 ὅτι
2285 1692 2325 1771 ἢ
2381 1691 2603 1773 ὕφεςις
2646 1694 2757 1769 τῆς
2802 1690 3169 1769 προθέςεως

581 1798 820 1874 προῆξε
880 1795 955 1859 τὸ
1012 1794 1198 1874 χάριν
1256 1792 1659 1874 ἰςοδυναμεῖν
1720 1802 1811 1879 τῷ
1866 1794 2071 1860 ἕνεκα.
2146 1793 2318 1860 πάνυ
2372 1794 2444 1859 δέ
2498 1793 2621 1858 ἐςτι
2665 1793 2962 1859 κάκείνου
3008 1790 3168 1856 ἀπό-

478 1920 528 1959 25
581 1902 782 1963 δειξις.
879 1896 918 1975 ἡ
984 1896 1242 1973 τοιαύτη
1311 1895 1598 1963 ςύνταξις
1664 1896 1764 1959 ἐπὶ
1831 1898 2088 1976 γενικὴν
2155 1897 2449 1976 φέρεται,
2522 1895 2750 1976 χάριν
2812 1893 3167 1971 Θέωνος,

579 1998 810 2078 χάριν
857 1999 1204 2081 Δίωνος,
1252 1997 1367 2079 ἐφ’
1414 1995 1493 2062 οὗ
1538 1995 1785 2078 ἔφαμεν
1833 1998 2072 2063 λείπειν
2118 2000 2232 2078 τὴν
2280 1997 2388 2063 εἷς.
2447 2003 2748 2063 τοιοῦτον
2793 1997 2864 2062 δέ
2907 1997 3029 2062 ἐςτι
3067 1997 3170 2060 καὶ
3210 2010 3271 2059 15

580 2101 654 2164 τὸ
714 2100 904 2179 ἐμὴν
960 2100 1223 2179 χάριν,
1280 2098 1410 2177 εἴγε
1455 2102 1623 2164 πᾶςα
1667 2102 1916 2180 κτητικὴ
1974 2099 2345 2180 ἀντωνυμία
2385 2104 2638 2178 γενικῆς
2696 2099 2820 2165 ἑςτι
2865 2098 3169 2163 πτώςεως

582 2201 982 2285 ἀντωνυμία,
1041 2206 1158 2266 τοῦ
1214 2201 1688 2282 ἐπιφερομένου
1744 2203 2058 2281 κτήματος
2114 2201 2481 2282 ἀδιάφορον
2539 2202 2809 2281 ἔχοντος
2863 2202 2980 2280 τὴν
3037 2200 3167 2264 ἐπι-

478 2328 529 2366 ao
581 2304 800 2384 φορὰν
844 2306 957 2381 τῆς
998 2304 1317 2367 πτώςεως.
1378 2302 1616 2368 τούτου
1648 2302 1766 2369 οὖν
1810 2309 1962 2388 τῇδε
2007 2302 2302 2387 ἔχοντος,
2345 2303 2537 2369 πάλιν
2582 2303 2658 2368 τὸ
2704 2303 2893 2383 ἐμὴν
2938 2302 3167 2381 χάριν

578 2406 616 2484 ἢ
674 2406 813 2484 ςὴν
871 2405 1101 2484 χάριν
1155 2403 1295 2469 ἴςον
1353 2405 1480 2469 ἐςτὶ
1522 2411 1615 2489 τῷ
1660 2406 1844 2485 χάριν
1899 2426 2055 2487 μου,
2116 2405 2205 2470 ὡς
2250 2404 2304 2471 εἰ
2348 2406 2533 2486 ἐμὴν
2580 2406 2881 2484 δούλην
2926 2405 3168 2482 δούλην

577 2526 733 2591 μου,
778 2507 966 2586 ἐμὴν
1014 2505 1273 2570 οἰκίαν
1321 2505 1523 2572 οἰκίαν
1569 2527 1709 2587 μου.
3204 2518 3271 2566 20

745 2608 1037 2673 Τοςαῦτα
1080 2608 1227 2686 περὶ
1270 2614 1401 2673 τῶν
1450 2606 1911 2686 αἰτιολογικῶν.

444 2850 545 2900 515
747 2829 940 2908 Παρὰ
966 2830 1103 2893 τοῖς
1133 2829 1450 2894 πλείςτοις
1480 2829 1606 2894 ἑςτὶ
1635 2829 1976 2909 πρόληψις,
2010 2829 2099 2894 ὡς
2132 2828 2194 2893 οἱ
2223 2831 2607 2908 καλούμενοι
2636 2833 3166 2909 παραπληρω-

503 2948 554 2997 ⁵⁴.
580 2930 888 3012 ματικοὶ
909 2929 1208 3009 ςημαςίαν
1231 2931 1374 2995 τινὰ
1397 2931 1474 2994 ού
1496 2935 1852 2996 ποιοῦνται.
1896 2930 1933 2995 ὁ
1965 2935 2126 3007 γοῦν
2154 2931 2439 3013 Τρύφων
2471 2935 2555 3013 (p.
2583 2931 2667 2996 35
2680 2929 2944 3014 Velsen)
2978 2931 3048 2996 ἑν
3079 2938 3169 3014 τῷ

579 3033 715 3116 ὅρῳ
756 3032 1149 3113 βουλόμενος
1196 3033 1296 3096 καὶ
1340 3031 1578 3097 αὐτοὺς
1622 3032 2100 3116 ἐμπεριλαβεῖν,
2147 3035 2300 3115 φηςὶ
2343 3034 2470 3098 καὶ
2512 3034 2597 3097 τὸ
2643 3033 2989 3112 κεχηνὸς
3031 3037 3167 3110 τῆς

580 3132 1001 3213 ἑρμηνείας
1047 3133 1262 3198 ἔςτιν
1308 3131 1511 3198 ὅπου
1555 3138 2137 3216 παραπληρῶν,
2184 3133 2483 3200 ἀπείκαςε
2527 3136 2598 3199 δὲ
2643 3136 2742 3199 καὶ
2785 3134 2983 3200 αὐτὸν
3027 3138 3166 3199 ταῖς
3204 3146 3269 3192 25

580 3235 997 3313 καλουμέναις
1044 3237 1337 3313 ςτοιβαῑς.
1416 3235 1536 3299 «ὃν
1579 3237 1776 3314 γάρ»,
1823 3257 2001 3315 φηςι,
2051 3235 2339 3314 «τρόπον
2386 3234 2473 3302 εἰς
2518 3237 2631 3301 τὰς
2677 3237 2989 3301 ςυνθέςεις
3034 3240 3165 3300 τῶν

484 3356 530 3395 ιο
582 3335 934 3416 ἀμφορέων
994 3335 1320 3414 εὐχρηςτεῖ
1372 3337 1411 3415 ἡ
1467 3341 1598 3401 τῶν
1665 3342 1934 3418 ςτοιβῶν
1989 3337 2360 3417 παρένθεςις
2425 3339 2586 3417 ὑπὲρ
2652 3340 2769 3401 τοῦ
2837 3340 2916 3417 μὴ
2979 3357 3165 3402 κατα-

580 3439 915 3517 θραύεςθαι
979 3438 1131 3501 τοὺς
1198 3438 1540 3522 ἀμφορεῖς,
1604 3439 1720 3502 τὸν
1787 3437 1987 3503 αὐτὸν
2051 3439 2127 3517 δὴ
2192 3438 2442 3518 τρόπον
2507 3439 2670 3518 ὑπὲρ
2731 3443 2847 3504 τοῦ
2916 3439 2995 3503 τὰ
3056 3442 3167 3517 τῆς

581 3539 876 3618 φράςεως
922 3541 1001 3620 μὴ
1045 3540 1461 3618 τραχύνεςθαι
1504 3540 1619 3618 ἥδε
1662 3540 1701 3618 ἡ
1749 3540 2033 3605 ςύνταξις
2076 3546 2207 3606 τῶν
2252 3540 2494 3620 μορίων
2543 3538 3164 3621 παραλαμβάνεται.»

747 3640 876 3705 Ἔτι
933 3643 1005 3705 δὲ
1060 3640 1158 3704 καί
1212 3641 1380 3706 τινές
1436 3662 1627 3722 φαςιν
1673 3642 1753 3707 οὐ
1808 3641 2092 3707 δεόντως
2137 3642 2374 3707 αὐτοὺς
2430 3643 2815 3722 ςυνδέςμους
2870 3641 3168 3724 εἰρῆςθαι,
3204 3655 3271 3704 80

749 3859 962 3913 Anava.
1050 3865 1081 3912 9
1128 3858 1284 3912 Nihil
1327 3858 1567 3928 impedit
1610 3860 1908 3929 quominus
1952 3862 2112 3930 χάριν
2148 3878 2250 3931 pro
2286 3861 2607 3917 accusativo
2652 3860 2988 3927 habeamus,
3040 3862 3168 3914 sub·

581 3944 765 3997 tracta
800 3943 878 3997 εἷς
914 3942 1347 4011 praepositione.
1386 3975 1449 3984 -
1496 3950 1560 3998 22
1599 3945 1680 3998 De
1717 3945 2033 4015 expletivis.
2077 3977 2133 3985 -
2173 3945 2498 4014 Expletivas
2532 3946 2788 4015 plerique
2824 3945 2966 3999 nihil
3000 3945 3169 4016 signi-

579 4028 745 4081 ficare
789 4028 1043 4092 censen&
1088 4027 1317 4097 Trypho
1360 4028 1578 4081 hiatum
1616 4028 1876 4082 dieffionis
1914 4029 2142 4099 explere
2179 4030 2330 4089 dicit.
2377 4061 2439 4070 —
2486 4038 2551 4085 30
2594 4029 2872 4097 Fuerunt,
2917 4030 3014 4099 qui
3069 4046 3165 4085 eas

582 4111 1002 4166 coniunctiones
1037 4111 1312 4182 appellari
1347 4129 1508 4180 posse
1545 4115 1846 4183 negarent,
1883 4114 2020 4183 qnia
2053 4115 2360 4169 sententiae
2391 4131 2505 4169 non
2539 4115 2963 4184 coniungerent.

719 4314 942 4368 Tns'rnt.
1013 4322 1080 4369 26
1116 4315 1184 4370 cf.
1222 4315 1390 4370 schol.
1426 4316 1485 4368 in
1521 4315 1753 4370 Ariston
1790 4333 1845 4385 p.
1885 4323 1997 4371 999,
2029 4322 2061 4371 5
2100 4317 2306 4372 Brund.

716 4519 902 4575 stcn.
942 4537 1137 4578 scum.
1202 4526 1224 4573 l
1284 4521 1454 4575 παῖδά
1491 4538 1586 4576 ςου
1624 4520 1838 4576 FJBast
1872 4520 2124 4576 ANauck
2161 4521 2474 4588 GDindorf‚
2515 4525 2715 4577 παῖδας
2752 4525 2819 4578 οὐ
2856 4525 2893 4578 b
2926 4525 2934 4588 Ι
2965 4529 3014 4577 6.
3057 4564 3068 4577 .
3107 4563 3120 4577 .
3160 4563 3172 4577 .

583 4606 719 4672 ἐμοῦ
756 4604 794 4658 b
830 4605 888 4657 in
924 4604 1104 4669 textu,
1140 4603 1197 4657 in
1232 4620 1346 4660 var.
1385 4605 1514 4663 leet.
1550 4607 1702 4660 recte
1738 4622 1990 4672 monem,
2027 4606 2243 4660 nullum
2281 4623 2399 4660 esse
2434 4608 2491 4659 in
2529 4609 2573 4661 Α
2609 4607 2843 4662 lacunae
2879 4607 3167 4676 indicium,

582 4690 717 4756 (ἐπὶ
755 4691 856 4756 μὲν
891 4692 994 4742 τοῦ
1031 4689 1231 4756 χάριν)
1266 4690 1474 4743 conicit
1505 4688 1865 4744 RSehneider
1921 4695 1930 4757 Ι
1987 4697 2033 4745 9.
2073 4694 2284 4745 κωλυοι
2322 4694 2392 4756 Α,
2444 4693 2654 4747 κωλύει
2692 4692 2727 4745 b
2775 4698 2785 4758 Ι
2834 4698 2911 4746 13.
2959 4695 3169 4760 προῆξε

584 4775 652 4828 Α2
686 4774 747 4827 in
783 4790 958 4842 marg.
994 4773 1057 4839 b,
1096 4789 1204 4827 om.
1244 4776 1308 4828 A*
1377 4777 1385 4843 Ι
1455 4780 1668 4829 13-14.
1704 4776 1982 4831 ἀπόδειξις
2018 4776 2081 4841 b,
2121 4777 2378 4831 επιδειξις
2415 4776 2457 4829 Α
2521 4779 2529 4842 1
2593 4782 2674 4829 22.
2714 4776 3007 4846 inscriptio
3044 4793 3171 4847 περι

586 4861 1199 4926 παραπληρωματικων
1237 4857 1329 4913 Ab
1394 4863 1405 4926 Ι
1469 4865 1548 4913 25.
1587 4860 1766 4914 αὐτὸν
1801 4859 1865 4927 b,
1906 4877 2097 4915 ουτων
2131 4861 2203 4927 Α,
2240 4861 2448 4915 αὐτοὺς
2484 4860 2697 4916 Esterk
