3738 5530
532 389 567 453 7
580 388 619 452 8
1468 391 1647 443 ΠΕΡΙ
1683 389 2184 442 ΑΝΤΩΝΤΜῙΑΣ.

1394 511 1438 548 p.
1463 500 1513 541 99
1541 499 1651 549 (859)
1681 500 1714 540 0
1740 500 1767 538 4
1791 519 1843 527 —
1869 500 1946 539 108
1971 501 2081 548 (³62)
2109 500 2143 541 O
2173 501 2198 540 2
2225 501 2256 539 b

534 596 691 676 βολῇ
747 597 865 659 τοῦ
918 599 954 657 ἰ
1007 596 1090 660 τὰ
1142 594 1321 674 τρίτα
1364 593 1786 659 ἀποτελοῦςιν
1813 613 1827 627 ·
1876 590 2058 657 ὅθεν’
2090 593 2451 659 ἀκόλουθος
2494 599 2569 677 τῇ
2616 595 2731 673 μὲν
2777 595 3041 659 ςεαυτόν
3086 594 3125 672 ἡ

530 694 793 776 ἑαυτόν,
849 702 925 779 τῇ
984 697 1055 760 δὲ
1115 695 1349 760 ςαυτόν
1406 695 1443 772 ἡ
1491 695 1709 760 αὑτόν.
1771 732 1844 741 ——-
1906 696 2097 774 Φήςει
2147 716 2240 760 τις
2293 696 2410 773 τὴν
2456 696 2837 776 διςύλλαβον
2883 696 3126 770 ὠλιγω-

534 799 787 875 ρῆςθαι,
853 796 952 860 «ἐν
1013 796 1112 861 οἷς
1154 801 1324 861 πᾶςα
1370 798 1531 862 λέξις
1577 798 1879 881 ςυνθετος
1924 796 2115 877 μέρος
2161 798 2291 876 ἔχει
2339 797 2635 876 ἑκατέρας
2681 804 2811 862 τῶν
2858 801 3125 877 φωνῶν.

531 896 570 974 ἡ
615 902 777 973 γοῦν
824 897 1131 976 ἐμαυτόν,
1183 899 1413 963 ςαυτόν
1460 899 1716 977 ἔχουςιν
1761 898 1800 976 ἡ
1846 901 1962 978 μὲν
2009 899 2085 962 τὸ
2132 902 2234 977 ἐ’μ,
2281 899 2319 977 ἢ
2366 900 2438 963 δὲ
2480 900 2554 964 τό
2600 902 2648 963 ἒ.
2724 898 2969 978 ἀνάγκη
3001 898 3121 963 οὖν
3163 906 3326 958 10οΑ

467 1011 498 1058 t>
532 999 632 1061 καὶ
676 1000 792 1076 τὴν
839 999 1071 1064 ἑαυτόν
1118 1000 1312 1078 μέρος
1357 1000 1559 1080 ἔχειν,
1616 990 1778 1079 ὅπερ
1837 1000 1957 1065 οὐκ
2002 998 2163 1064 ἄλλο
2209 1000 2536 1077 γενήςεται
2581 1001 2620 1079 ἢ
2664 1000 2739 1064 τὸ
2787 1008 2869 1063 ἒ.»
2960 1000 3126 1064 Ἀλλ’

525 1098 564 1176 ἡ
631 1103 749 1164 τοῦ
810 1101 1037 1165 δαςὲος
1090 1102 1457 1179 πνεύματος
1513 1102 1679 1181 μονὴ
1737 1101 1966 1180 ἀρκετὴ
2024 1101 2113 1166 εἰς
2172 1101 2523 1181 ὑπόμνηςιν
2587 1106 2701 1180 τῆς
2759 1102 3124 1176 ςυνθέςεως,

527 1202 666 1266 ἐπεὶ
710 1202 789 1266 τὰ
833 1202 1008 1280 τρίτα
1052 1205 1185 1266 τῶν
1232 1202 1551 1281 δευτέρων
1598 1202 1678 1267 οὐ
1722 1205 2298 1283 πλεονοςυλλαβεῖ,
2359 1202 2413 1266 εί
2458 1204 2538 1282 μὴ
2585 1202 2654 1267 ἐν
2699 1204 2886 1267 πάθει
2931 1206 3123 1267 πλεο-

530 1304 767 1382 ναςμός
812 1304 1101 1379 γένοιτο,
1162 1302 1253 1368 ὡς
1295 1302 1335 1380 ἡ
1385 1303 1483 1368 ἑοῖ
1526 1305 1628 1368 καὶ
1672 1304 1778 1368 ἑός
1823 1306 1925 1368 καὶ
1969 1304 2051 1368 ἑέ.
2098 1341 2180 1350 -
2227 1305 2512 1389 «Ἀλλά»,
2569 1323 2791 1385 φαςιν,
2838 1303 2924 1369 «εἰ
2968 1306 3044 1369 τὸ
3090 1308 3125 1368 ἒ

526 1407 638 1481 τῆς
703 1402 776 1468 εὗ
842 1403 1245 1483 ἀντωνυμίας
1311 1406 1469 1469 κατὰ
1523 1407 1637 1482 τὴν
1694 1406 1978 1470 ςύνθεςιν
2035 1405 2413 1487 ἐκθλίβεται,
2480 1407 2680 1482 δῆλον
2740 1405 2829 1470 ὡς
2887 1407 2988 1469 καὶ
3046 1406 3123 1469 τὸ

431 1517 493 1565 10
528 1510 781 1583 πνεῦμα
824 1504 1382 1586 ἀποβληθήςεται.»
1482 1507 1648 1571 Ἀλλ’
1706 1506 1823 1570 οὐκ
1868 1505 2246 1587 ἐκθλίβεται,
2305 1507 2472 1571 ἀλλὰ
2512 1509 2815 1585 κιρνᾶται.
2906 1506 3123 1571 ἔπειτα

529 1606 567 1682 ἡ
614 1606 944 1686 ἀφαίρεςις
988 1610 1106 1671 τοῦ
1151 1610 1186 1670 ἰ
1230 1607 1301 1670 ἐν
1347 1607 1673 1685 δευτέροις
1719 1607 1968 1672 δαςείας
2000 1607 2166 1672 ἐςτὶν
2210 1607 2605 1686 ἐμποιητική,
2653 1609 2880 1672 ςέθεν
2924 1607 3118 1673 ἕθεν.
3156 1609 3200 1661 Β

526 1709 727 1784 δῆλον
787 1706 905 1772 οὖν
958 1708 1059 1785 ,ὡς
1116 1711 1228 1786 τῆς
1287 1709 1444 1789 <μὲν
1492 1709 1722 1773 ςαυτόν
1771 1709 2156 1787 διςυλλάβου
2213 1708 2575 1775 ἀκόλουθον
2622 1709 3003 1788 διςύλλαβον
3046 1709 3121 1772 τὸ

531 1807 765 1891 αὑτόν,
812 1813 923 1887 τῆς
967 1808 1081 1892 δὲ)
1129 1811 1396 1875 ςεαυτόν
1440 1810 1860 1891 τριςυλλάβου
1906 1809 2270 1874 ἀκόλουθον
2314 1811 2731 1890 τριςύλλαβον
2760 1810 2837 1873 τὸ
2869 1810 3118 1875 ἑαυτόν.

702 1910 999 1989 Φανερόν
1060 1911 1151 1975 ὡς
1206 1911 1270 1974 οἱ
1324 1911 1876 1990 προςχρηςάμενοι
1929 1917 2005 1994 τῇ
2067 1912 2410 1976 ἑαυτούς
2466 1912 2578 1976 ςὺν
2637 1915 2776 1976 ταῖς
2832 1912 3122 1988 ςυζύγοις

432 2024 491 2070 ¹5
528 2014 633 2078 ἐπὶ
688 2014 952 2091 πρώτου
1008 2015 1109 2076 καὶ
1165 2014 1473 2092 δευτέρου
1531 2013 1708 2092 παρὰ
1762 2014 1842 2077 τὰ
1895 2013 2210 2092 πρόςωπα
2265 2013 2761 2092 ἁμαρτάνουςιν,
2821 2011 2975 2078 ὅθεν
3021 2014 3123 2103 καὶ

524 2116 681 2179 τοὺς
726 2113 965 2179 δαςέως
1012 2112 1417 2190 ἀναγνόντας
1459 2116 1535 2179 τὸ

924 2224 931 2231 “
1067 2214 1284 2280 αὐτῶν
1327 2218 1453 2296 γὰρ
1498 2215 1877 2293 ἀπωλόμεθ’
1920 2214 2298 2299 ἀφραδίῃςιν
2345 2219 2410 2292 (κ
2453 2215 2564 2296 27)

524 2319 627 2381 καὶ
2808 2344 2814 2349 ·

781 2418 854 2481 ὃς
901 2417 972 2482 δέ
1016 2438 1122 2494 μοι
1168 2418 1310 2482 οἶος
1355 2419 1505 2497 ἔην,
1551 2417 1766 2497 εἴρυτο
1813 2419 1886 2482 δὲ
1929 2418 2084 2482 ἄςτυ
2128 2418 2230 2481 καὶ
2273 2417 2511 2481 αὐτούς
2558 2416 2641 2499 (Ω
2683 2416 2837 2497 499)
3148 2417 3188 2472 C

424 2518 606 2583 20‘01’1
666 2519 934 2598 μετρίως
987 2519 1067 2584 ἂν
1123 2519 1551 2601 μεμψαίμεθα,
1616 2519 1733 2583 οὐκ
1787 2517 2013 2598 ὀλίγην
2071 2518 2365 2597 ἀπειρίαν
2409 2519 2961 2595 καταγγέλλοντας
3004 2522 3119 2583 τοῦ

366 2615 372 2620 ’
525 2624 798 2699 ποιητοῦ
855 2622 961 2684 διὰ
1016 2621 1131 2698 τὴν
1190 2620 1354 2685 ἰδίαν
1411 2622 1737 2704 εὐήθειαν,
1794 2619 1924 2696 εἴγε
1980 2620 2197 2699 τρίτου
2253 2625 2633 2684 καθεςτῶςαι
2695 2619 2801 2683 ἐπὶ
2854 2620 3119 2698 πρώτου

527 2722 977 2802 λαμβάνονται.
1038 2758 1110 2768 —-
1172 2722 1338 2801 πρὸς
1384 2720 1482 2788 οῖς
1527 2722 1844 2789 οὐδέποτε
1892 2721 2064 2801 ἑνικὴ
2108 2722 2274 2801 παρ’
2320 2719 2496 2806 αὐτῷ
2541 2720 2873 2802 ςύνθετος,
2936 2721 3018 2800 μή
3063 2721 3120 2785 τί

524 2843 597 2898 γε
645 2825 746 2886 καὶ
791 2824 1207 2906 πληθυντική,
1252 2824 1328 2903 ἧς
1371 2826 1447 2889 τὸ
1494 2827 1711 2911 ςχῆμα,
1738 2823 2118 2902 παράλογον
2165 2824 2430 2901 ἐδείχθη.
2480 2860 2555 2869 —-
2604 2824 2704 2887 καὶ
2749 2823 2803 2886 εἰ
2846 2824 2961 2901 μὲν
2993 2843 3117 2902 τρι-

525 2924 853 3002 ςυλλάβως
898 2925 1059 2988 ποτε
1102 2922 1350 3006 εἴρητο,
1407 2925 1524 2989 κᾶν
1570 2923 1649 3002 ἦν
1696 2926 2020 3004 ςυμφανὲς
2064 2924 2429 3004 ἁμάρτημα·
2487 2925 2560 2988 ἐν
2607 2923 2705 2988 οἷς
2749 2923 2868 2988 οὖν
2903 2928 3109 2989 διςυλ-

423 3036 487 3083 25
525 3028 731 3104 λαβεῑ,
791 3026 989 3104 ςαφὲς
1046 3023 1145 3088 ὅτι
1202 3025 1372 3103 ἁπλῆ
1430 3026 1585 3110 ἐςτι,
1642 3027 1948 3091 λείπουςα
2001 3026 2229 3105 ἐθίμως
2284 3025 2461 3109 αὐτῷ
2510 3030 2588 3109 τῇ
2630 3024 2811 3104 ἡμῶν
2826 3074 2844 3108 ,
2903 3026 3112 3104 «ἡμῶν
3152 3027 3321 3080 ¹0¹A

523 3125 738 3190 αὐτῶν
785 3126 1160 3203 ἀπωλόμεθ’
1202 3126 1649 3210 ἀφραδίῃςιν»,
1695 3127 1795 3191 καὶ
1841 3128 2030 3205 «ἡμᾶς
2060 3128 2348 3192 αὐτούς».
2424 3127 2522 3212 καὶ
2566 3128 2689 3203 γὰρ
2721 3125 2837 3206 ἐφ’
2866 3127 3115 3208 ἑνικῶν,

776 3227 971 3290 αὐτὸς
1017 3229 1137 3291 νῦν
1183 3228 1277 3292 ἰδὲ
1319 3233 1546 3308 πῶμα,
1591 3232 1762 3293 θοῶς
1807 3229 1865 3293 δ’
1909 3229 2014 3292 ἐπὶ
2057 3228 2288 3308 δεςμὸν
2332 3227 2519 3308 ἴηλον
2563 3229 2629 3309 (θ
2674 3226 2826 3309 443)

524 3327 627 3390 καὶ

777 3428 971 3494 αὐτὸς
1017 3429 1183 3494 ἑκών
1231 3429 1294 3494 οἱ
1339 3434 1513 3495 δῶκα
1557 3427 1623 3514 (δ
1667 3428 1847 3511 649).

420 3540 486 3586 30
522 3530 712 3594 Ἀλλά
766 3530 868 3594 καὶ
923 3529 1037 3609 ἐφ’
1093 3530 1353 3613 ἑνικῶν,
1413 3532 1503 3596 ὡς
1548 3531 1628 3596 ἂν
1674 3530 2106 3597 ἀπαιτοῦντος
2148 3535 2267 3595 τοῦ
2315 3531 2553 3611 λόγου,
2612 3530 2742 3596 ὑπὸ
2793 3538 2925 3596 τῶν
2971 3533 3115 3610 περὶ

520 3631 637 3694 τόν
685 3630 1143 3709 Ἀςκαλωνίτην
1189 3632 1425 3696 ἐκεῖναι
1469 3634 2090 3719 πρρςεπνεύςθηςαν,

654 3816 873 3871 Anava.
955 3819 986 3869 8
1034 3815 1188 3879 Quae
1238 3816 1304 3868 ut
1349 3815 1628 3869 abiciatur
1673 3814 1795 3868 fieri
1833 3833 1945 3870 non
1979 3818 2194 3885 potest3
2239 3831 2371 3869 nam
2409 3820 2441 3870 ἒ
2476 3831 2587 3869 non
2626 3814 2968 3882 detrahitur,
3015 3815 3114 3869 sed

520 3898 661 3953 crasi
710 3898 1064 3956 admiscetur.
1114 3929 1180 3938 —
1228 3904 1291 3952 14
1337 3897 1444 3963 Qui
1492 3901 1731 3954 ἑαυτούς
1775 3899 1859 3954 ita
1903 3902 2200 3970 usurpant,
2248 3902 2315 3953 uf.
2356 3900 2428 3953 ad
2463 3900 2702 3968 primam
2738 3899 3114 3954 secundamve

520 3999 817 4052 personam
853 3983 1167 4050 referatur,
1203 3999 1313 4037 non
1349 3985 1504 4037 recte
1542 3984 1876 4050 loquantum
1913 4001 2082 4053 quem
2120 3985 2357 4037 abusum
2393 3983 2508 4037 noli
2532 3983 2771 4038 Homero
2795 3985 3115 4039 obtrudere.

520 4096 585 4105 —
629 4073 694 4120 22
731 4066 899 4139 Appd
943 4083 1070 4121 eum
1109 4067 1338 4122 omnino
1375 4069 1690 4137 composita
1721 4085 1834 4122 non
1871 4068 2167 4139 leguntur,
2202 4084 2307 4123 nec
2343 4068 2401 4121 in
2437 4067 2674 4137 plurali,
2714 4098 2775 4107 -
2814 4075 2880 4124 30
2914 4085 3019 4122 nee
3053 4068 3111 4122 in

519 4150 811 4221 singulari.

654 4336 843 4390 Drscn.
870 4354 1071 4390 sempr.
1127 4343 1277 4392 2—3.
1315 4341 1686 4406 ωλιγορηςθαι
1711 4341 1754 4394 Α
1787 4341 1796 4404 Ι
1826 4345 1875 4394 4.
1900 4341 1970 4393 τὸ
2007 4345 2075 4403 ἔμ’
2099 4336 2483 4404 RSchneider,
2522 4340 2593 4392 τὸ
2627 4342 2659 4393 ἓ
2697 4338 2792 4392 Ab
2823 4340 2832 4406 Ι
2862 4345 2911 4396 8.
2949 4339 3030 4392 ἑοῖ
3055 4339 3116 4391 et

520 4423 577 4476 ἑέ
617 4420 998 4488 R-Schneider,
1039 4423 1120 4476 ἔοι
1158 4424 1218 4475 ef.
1252 4424 1308 4477 ἕε
1344 4421 1401 4475 b'
1435 4425 1444 4488 Ι
1497 4440 1629 4491 φαςι
1666 4425 1709 4478 Α
1759 4425 1767 4490 Ι
1821 4429 2032 4478 12—13.
2066 4427 2169 4489 τῆς
2215 4423 2361 4491 (μὲν
2397 4452 2456 4462 -
2498 4424 2703 4477 ἑαυτόν
2737 4420 3113 4488 RSchneider,

516 4522 619 4574 της
667 4522 904 4559 ςεαυτον
947 4509 1316 4574 τριςυλλαβου
1368 4510 1685 4562 ακολουθον
1736 4510 2103 4575 τριςυλλαβον
2148 4523 2217 4560 το
2264 4522 2469 4561 εαυτον
2515 4508 2589 4574 Α,
2634 4511 2739 4575 τῆς
2785 4507 2994 4561 ςαυτόν
3039 4508 3113 4560 δι-

519 4591 791 4655 ςυλλάβου
827 4591 1147 4645 ἀκόλουθον
1182 4592 1511 4655 διςύλλαβον
1548 4593 1617 4645 τὸ
1652 4592 1830 4644 αὑτόν
1864 4590 1903 4643 b
1957 4595 1966 4658 Ι
2022 4596 2100 4644 16.
2138 4607 2508 4656 αναγνωντας
2545 4593 2588 4646 Α
2642 4595 2652 4656 Ι
2704 4596 2787 4648 24.
2824 4591 3019 4658 εἴρητο
3053 4590 3106 4653 b,

518 4673 733 4758 ειρητὸι
770 4692 867 4757 ΑΙ,
904 4706 1016 4744 non
1056 4692 1299 4760 ειρηταί,
1337 4694 1403 4744 ut
1436 4692 1471 4744 b
1507 4691 1565 4743 in
1603 4707 1714 4745 var.
1751 4689 1883 4745 lect.
1919 4692 2172 4746 enotavit
2200 4693 2210 4759 Ι
2241 4693 2346 4747 κᾶν
2383 4694 2456 4758 ἣν
2491 4694 2776 4759 ςυμφανὲς
2813 4692 3112 4759 ἁμάρτημα

518 4774 648 4840 Αἱ),
695 4775 793 4827 ‘sic
838 4775 1075 4829 fortasse
1123 4774 1234 4844 leg.
1281 4777 1388 4829 οὐκ
1436 4775 1507 4828 ἂν
1550 4776 1625 4848 ἦν
1661 4776 1946 4842 ςυμφανὲς
1980 4778 2051 4830 τὸ
2087 4777 2405 4844 ἁμάρτημα’
2452 4775 2490 4829 b
2534 4776 2593 4829 in
2631 4792 2746 4830 var.
2784 4776 2941 4841 lect„
2980 4775 3111 4829 arti·

516 4857 705 4911 culum
725 4857 856 4910 addi
876 4857 1004 4911 vult
1022 4858 1197 4912 etiam
1216 4857 1581 4912 RSkrzeczka
1608 4864 1618 4927 Ι
1650 4864 1731 4914 25.
1749 4876 1900 4915 εςτιν
1920 4861 1963 4914 Α
1993 4867 2004 4927 Ι
2034 4866 2115 4918 31.
2135 4863 2453 4914 αςκαλωνικ
2471 4862 2485 4880 '
2500 4860 2529 4913 ἰ
2540 4878 2573 4914 ν
2592 4861 2654 4927 Α,
2674 4859 2806 4913 hino
2831 4859 2925 4913 fol.
2952 4864 3045 4912 174
3066 4875 3110 4916 r.
