3738 5530
748 343 882 409 260
955 342 1397 399 Commentarius
1426 341 1653 398 criticus
1680 344 1739 398 et
1765 341 2087 413 exegeticus
2114 341 2175 395 in
2202 340 2492 411 Apollonii
2518 339 2751 411 Dyscoli
2777 343 2988 413 scripta
3013 342 3242 398 minora.

2019 512 2097 571 II.

926 639 1013 699 Ut
1065 642 1128 698 in
1182 639 1276 699 his
1322 659 1360 699 a
1404 638 1670 698 Dronkio
1717 637 2124 712 dissentimus,
2177 639 2269 697 ita
2314 657 2467 715 quae
2520 641 2729 715 postea
2784 640 3013 716 profert
3062 640 3117 698 ei
3160 657 3355 699 conce-

747 729 941 790 dimus
995 733 1234 789 tantum
1287 748 1407 789 non
1464 728 1676 788 omnia.
1769 727 1926 787 Nam
1981 729 2243 803 primum
2286 727 2414 787 iure
2460 731 2658 788 censet
2706 730 2854 804 200,
2877 730 2956 789 16
3005 748 3076 788 ea
3126 729 3355 787 interei-

746 818 903 878 disse
941 838 1092 895 quae
1139 817 1212 877 de
1259 817 1552 878 adverbiis
1598 820 1662 876 in
1707 832 1780 876 uc
1826 820 1890 875 in
1936 818 2280 877 universum
2324 820 2644 895 praecepta
2680 821 2876 878 erant.
2924 836 3075 894 quae
3111 819 3356 877 fortasse

747 928 818 968 ex
854 908 1193 969 Herodiano
1230 908 1497 985 suppleri
1531 909 1783 982 possunt
1819 898 1880 988 (I
1918 908 2065 981 513,
2087 908 2210 964 6-
2222 908 2322 967 10.
2363 908 2511 983 526,
2531 909 2812 968 31-33.
2857 908 2920 967 Π
2939 909 3053 1023 19,
3074 910 3240 968 29-
3249 909 3358 981 31;

747 999 818 1058 cf.
866 1000 1176 1058 comment.
1225 997 1303 1057 ad
1347 998 1386 1056 l.
1426 1015 1470 1056 S.
1510 988 1601 1078 s.).

923 1087 1152 1147 Deinde
1195 1087 1439 1147 Dronke
1485 1088 1793 1146 enumerat
1834 1086 2015 1160 locoS‚
2061 1084 2275 1161 quibus
2319 1085 2674 1162 ApoUonius
2721 1086 2937 1147 diserte
2981 1086 3223 1161 indicat,
3268 1104 3356 1147 res

745 1176 1034 1253 quasdam
1070 1179 1135 1235 in
1173 1176 1626 1253 epirrhematico
1662 1178 1954 1235 tractatas
2000 1176 2200 1252 fuisse,
2247 1193 2395 1252 quas
2433 1174 2536 1234 ubi
2579 1179 2812 1254 tangat,
2857 1178 3080 1236 frustra
3116 1176 3357 1236 circum-

744 1267 974 1344 spicias.
1078 1266 1232 1325 Sunt
1292 1268 1491 1326 autem
1543 1265 1638 1325 hi:
1706 1266 1956 1340 139,16
2010 1258 2343 1344 [549‚32].
2411 1266 2660 1339 158,22
2711 1260 3040 1346 [568,27].
3110 1267 3354 1340 160‚22

746 1350 1076 1435 [570,2s].
1138 1356 1342 1430 163,6
1394 1348 1724 1435 [573‚12].
1786 1355 2032 1430 166,31
2089 1348 2419 1433 [577‚32].
2472 1355 2616 1430 169,
2641 1357 2722 1414 24
2772 1349 3058 1435 [581,3].
3110 1355 3354 1430 196,15

744 1440 923 1525 [609,
944 1440 1087 1524 31];
1132 1446 1530 1522 respiciuntur
1576 1444 1803 1521 placita
1847 1442 1920 1502 de
1972 1442 2271 1503 adverbiis
2317 1438 2622 1518 ὑποδράξ,
2672 1439 2848 1517 ὅταν,
2897 1441 3164 1519 εφόδρα,
3216 1439 3355 1518 ὀψέ,

741 1533 1006 1610 μᾶλλον,
1064 1533 1274 1594 καλῶς
1320 1536 1450 1593 sim.
1499 1536 1560 1593 et
1605 1533 1676 1592 de
1722 1533 2033 1608 oxytonesi
2079 1532 2496 1592 adverbiorum
2539 1534 2603 1591 in
2649 1527 2793 1605 δὀἶ,
2853 1554 3005 1610 quae
3052 1534 3254 1593 omnia
3297 1534 3357 1590 in

606 1606 611 1612 ⁴
740 1624 1195 1701 epirrhematico
1251 1624 1427 1698 quale
1481 1642 1637 1681 nunc
1692 1623 1916 1699 legitur
1968 1641 2086 1682 non
2141 1624 2264 1681 iam
2309 1624 2558 1681 exstant.
2652 1623 2852 1683 Habes
2895 1623 3084 1701 igitur
3128 1642 3230 1682 sex
3275 1623 3356 1681 la-

740 1731 950 1774 cunas:
1004 1731 1146 1771 nam
1192 1711 1265 1772 de
1309 1712 1483 1771 rebus
1538 1714 1665 1771 tam
1711 1711 1962 1771 diversis
2006 1729 2126 1770 non
2181 1713 2445 1787 potuisse
2490 1711 2827 1772 technicum
2871 1731 2988 1772 uno
3037 1712 3356 1788 eodemque

740 1803 870 1862 loco
926 1801 1232 1879 disputare
1288 1804 1560 1878 apertum
1615 1804 1718 1860 est.
1810 1799 2084 1875 Accedit,
2138 1804 2208 1859 ut
2261 1801 2585 1860 rectissime
2630 1804 2835 1862 monet
2876 1801 3145 1876 Dronke,
3200 1801 3356 1877 quod

739 1912 814 1951 ne
860 1894 1062 1969 capita
1107 1890 1351 1967 quidem
1391 1891 1806 1966 dispiciuntur,
1849 1892 1916 1948 in
1953 1889 2166 1965 quibus
2204 1893 2490 1965 quattuor
2533 1890 2644 1949 ina
2686 1887 2975 1966 ὑποδράξ
3021 1885 3183 1951 ὅταν
3231 1886 3357 1965 ὀψέ

739 1979 988 2057 μᾶλλον
1036 1979 1319 2040 adverbia
1363 1980 1561 2040 sedem
1606 1979 1885 2039 habuisse
1931 1981 2392 2039 consentaneum
2446 1983 2539 2040 sit.
2631 1980 2876 2060 Integra
2924 1980 3112 2060 igitur
3155 1983 3356 2057 capita

736 2072 1033 2130 interiisse
1079 2070 1286 2130 elucet.
1362 2104 1369 2109 ·

1991 2154 2100 2217 111.

915 2285 1161 2344 Transit
1203 2284 1445 2344 Dronke
1490 2304 1547 2361 p.
1588 2284 1718 2343 330
1765 2282 1841 2341 ad
1886 2283 2231 2342 testimonia
2275 2283 2370 2343 vel
2414 2284 2607 2361 magis
2663 2283 2969 2345 recondita
3012 2283 3108 2344 vel
3157 2285 3354 2343 minus

737 2376 914 2435 certa.
1009 2373 1191 2434 Cuius
1238 2375 1470 2452 generis
1515 2372 1627 2433 hoc
1674 2375 1764 2432 est
1810 2374 1960 2432 coni.
2003 2373 2149 2447 232,
2173 2374 2250 2431 11
2301 2368 2477 2452 [448,
2501 2367 2613 2451 32]
2663 2373 2885 2449 (αφῶε
2929 2369 3355 2449 παραδίδοται

735 2459 774 2525 ὁ
814 2462 1111 2524 τοιοῦτος
1148 2459 1345 2534 λόγος
1374 2455 1526 2546 (scil.
1555 2458 1703 2537 περὶ
1738 2460 1873 2520 τῶν
1910 2454 2438 2541 παραευνθέτων)
2470 2458 2539 2521 ἐν
2573 2464 2665 2542 τῷ
2704 2460 2848 2537 περὶ
2886 2458 3353 2537 ἐπιρρημάτων.

735 2552 900 2622 Quae
953 2570 1047 2613 res
1103 2555 1214 2612 etsi
1268 2554 1540 2631 tangitur
1595 2551 1723 2611 adv
1776 2551 1924 2626 134,
1947 2552 2206 2609 14-18
2256 2522 2747 2632 [544,19—'24]
2804 2555 2865 2612 et
2923 2554 3068 2627 170,
3090 2554 3351 2612 22—29

735 2637 915 2745 [582,
937 2636 1204 2720 2—11]‚
1248 2644 1466 2717 tamen,
1514 2641 1796 2717 quoniam
1831 2638 1945 2716 Ap.
1984 2638 2132 2699 dicit
2176 2656 2237 2698 se
2285 2639 2541 2715 εαφῶ(
2589 2640 2660 2700 de
2705 2641 2818 2701 hac
2862 2660 2926 2701 re
2972 2643 3162 2744 egisse
3209 2661 3353 2717 quo-

732 2734 1012 2809 niamque
1056 2751 1131 2791 ne
1176 2750 1387 2792 nomen
1438 2730 1677 2808 quidem
1722 2724 2207 2805 παραεύνθετον
2252 2728 2346 2789 his
2401 2730 2546 2790 locis
2602 2732 2883 2791 occurrit:
2938 2733 3065 2792 veri
3121 2731 3352 2791 similli-

733 2843 898 2881 mum
945 2826 1124 2898 atque
1171 2821 1318 2882 adeo
1356 2824 1583 2881 certum
1627 2822 1735 2896 est,
1779 2819 2118 2879 technicum
2161 2821 2395 2896 integro
2431 2822 2627 2897 capite
2673 2818 2820 2896 περὶ
2865 2816 3204 2895 (χημάτων
3252 2821 3352 2879 ad·

731 2901 1070 2971 verbiorum
1115 2913 1451 2987 exposuisse
1499 2902 1581 2991 (v.
1612 2866 1819 2990 inflia),
1864 2908 2045 2985 idque
2090 2909 2331 2968 Dronke
2377 2910 2732 2969 testimoniis
2778 2909 3070 2970 Prisciani
3105 2909 3218 2968 XV
3269 2913 3348 2970 27

732 3021 789 3078 p.
832 3002 1217 3075 80,22-29
1266 3004 1326 3060 et
1371 2999 1550 3060 schol.
1588 2998 1784 3058 D'I'hr.
1827 2999 2168 3074 936,1—5
2202 3024 2286 3046 =
2320 2999 2700 3073 96,18-21
2746 2999 2908 3077 Hilg.
2956 2999 3345 3060 confirmavit

912 3088 1135 3149 Contra
1188 3108 1340 3167 nego
1393 3090 1487 3149 his
1541 3090 1687 3148 locis
1746 3089 1895 3163 151,
1917 3089 1972 3146 6.
2026 3088 2296 3162 164‚25.
2347 3088 2597 3163 181,17
2656 3087 2731 3147 ad
2791 3091 2938 3165 119,
2959 3089 3244 3165 8-120,
3269 3089 3348 3147 15

728 3181 944 3255 respici
998 3198 1133 3239 non
1189 3197 1375 3255 posse.
1476 3179 1635 3238 Nam
1689 3176 1848 3254 quod
1905 3176 2078 3236 affert
2131 3177 2373 3236 Dronke
2437 3180 2878 3255 argumentum,
2942 3197 3132 3254 neque
3197 3198 3349 3254 quae

731 3271 1037 3328 nominum
1081 3269 1307 3328 formae
1351 3270 1585 3345 possint
1620 3267 1887 3327 adverbii
1931 3265 2193 3326 indolem
2228 3266 2472 3326 induere
2509 3266 2628 3326 diei
2673 3287 2861 3343 neque
2900 3270 3122 3344 apponi
3158 3286 3346 3327 exem-

730 3359 967 3461 plorum
1019 3358 1279 3434 copiam,
1331 3358 1632 3417 infirmum
1687 3360 1791 3416 est.
1886 3355 2152 3415 Primum
2207 3357 2365 3415 enim
2408 3355 2521 3433 Ap.
2574 3357 2956 3431 120‚1—18
3013 3358 3161 3416 saffis
3216 3377 3347 3434 per-

730 3450 931 3525 spicue
976 3447 1292 3523 indicavit,
1347 3450 1605 3506 neutra
1648 3447 1957 3506 nominum
2001 3445 2306 3505 notionem
2352 3444 2766 3505 adverbiorum
2811 3445 3082 3523 induere3
3137 3445 3346 3505 deinde

730 3557 933 3597 eorum
996 3536 1170 3614 copia
1227 3540 1402 3596 tanta
1465 3538 1555 3596 est
1599 3527 1863 3617 (ἄπειρα
1909 3528 2072 3596 ὄντα
2129 3527 2430 3617 164,25),
2482 3537 2554 3594 ut
2613 3555 2687 3595 ne
2744 3555 2813 3595 ex
2875 3539 3048 3612 parte
3108 3536 3345 3613 quidem

729 3628 1063 3686 enumerari
1103 3627 1351 3703 possint.
1433 3624 1750 3685 Praeterea
1785 3625 1840 3683 h.
1871 3625 1910 3682 1.
1953 3625 2100 3699 164,
2121 3626 2202 3683 25
2243 3642 2361 3683 ιιοιι
2397 3625 2590 3684 solum
2627 3625 2704 3684 ad
2746 3628 2890 3701 120,
2914 3626 2973 3700 5,
3016 3625 3120 3684 sed
3166 3627 3344 3684 etiam

729 3716 804 3775 ad
839 3716 984 3790 155,
1006 3717 1044 3775 9
1074 3718 1391 3794 spectatur.
1464 3714 1712 3774 Accedit
1748 3713 1909 3790 quod
1935 3713 2280 3772 Priscianus
2316 3732 2509 3791 pauca
2543 3714 2668 3790 illa,
2707 3734 2858 3790 quae
2896 3715 3178 3791 exemplis
3207 3733 3342 3774 con-

728 3806 911 3884 gestis
958 3808 1018 3865 et
1057 3805 1370 3882 praemisit
1408 3796 1549 3887 (XV
1579 3806 1616 3863 5
1660 3824 1718 3881 p.
1750 3805 1854 3879 63,
1879 3795 2078 3884 1-2)
2121 3804 2181 3861 et
2228 3802 2479 3862 subiecit
2519 3795 2602 3885 (p.
2646 3805 2748 3879 65,
2781 3797 3090 3884 10-13)‚
3135 3805 3340 3881 procul

727 3895 906 3954 dubio
944 3914 1014 3955 ex
1051 3894 1359 3972 Apollonii
1394 3895 1524 3955 loco
1565 3895 1712 3970 120,
1736 3892 1950 3952 1-18
1999 3891 2352 3968 desumpsit3
2396 3892 2555 3952 idem
2602 3892 2912 3952 dicendum
2956 3893 3120 3952 estde
3158 3893 3336 3952 schol.

725 3983 923 4042 DThr.
957 3986 1104 4061 932,
1124 3985 1556 4060 6-12--95,
1579 3984 1837 4042 14-18
1859 3982 2022 4060 Hilg.
2053 3983 2115 4041 et
2144 3982 2291 4057 936,
2313 3983 2571 4042 30—32
2592 3984 2842 4058 =273,
2865 3984 3120 4042 27—31
3147 3982 3340 4060 Hilg.:

726 4077 795 4134 ut
838 4073 989 4133 nihil
1034 4073 1173 4133 inde
1218 4074 1294 4133 ad
1340 4074 1616 4134 lacunam
1666 4073 1812 4148 146,
1835 4072 1916 4131 15
1964 4071 2345 4132 statuendam
2390 4072 2595 4150 colligi
2638 4073 2843 4149 possit.

1984 4216 2088 4292 IV.

902 4361 1258 4439 Apollonius
1306 4358 1586 4420 adverbia
1632 4379 1782 4436 quae
1829 4356 2036 4418 eadem
2078 4358 2498 4418 terminatione
2540 4360 2792 4418 utuntur
2835 4358 3166 4454 generatim
3208 4378 3339 4435 per·

726 4467 966 4511 censens
1011 4450 1119 4510 has
1165 4452 1380 4511 classes
1427 4451 1760 4509 enumerat.
1806 4446 1849 4508 ἇ
1887 4443 1999 4524 (δᾶ
2034 4444 2172 4525 θᾶ);
2221 4449 2292 4509 θε
2340 4441 2413 4510 80}
2459 4442 2529 4512 Z}
2576 4464 2649 4507 ce
2696 4463 2793 4519 τε;
2839 4447 2862 4510 ἰ
2907 4444 2990 4525 (ει
3038 4450 3099 4508 θι
3143 4464 3202 4507 τι
3247 4463 3335 4508 cn

725 4557 787 4599 οι
839 4536 971 4619 φι);
1037 4538 1076 4601 ὃ
1129 4537 1168 4600 ῦ
1217 4535 1380 4618 (ου);
1438 4556 1518 4610 ως
1585 4555 1664 4598 αν
1722 4539 1833 4599 θεν
1880 4530 2000 4609 Π
2055 4530 2198 4609 85oe
2263 4535 2339 4598 isc
2399 4536 2473 4598 δὲ
2533 4534 2606 4598 ᾗ
2666 4534 2772 4598 α’ἶέ.
2863 4537 3079 4598 Deesse
3137 4546 3338 4597 monet

723 4629 966 4689 Dronke
995 4621 1186 4712 (334)
1214 4629 1473 4706 primum
1511 4647 1582 4688 ea
1618 4646 1770 4705 quae
1806 4630 1869 4686 in
1908 4629 1940 4689 ξ
1980 4629 2040 4686 et
2075 4646 2228 4703 quae
2264 4628 2327 4685 in
2364 4625 2413 4700 ἓ,
2452 4646 2570 4687 ιιοιι
2605 4627 2992 4704 praecedente
3028 4620 3068 4687 9
3095 4616 3198 4688 δ’
3161 4642 3193 4686 c
3221 4620 3315 4688 ἶ
3283 4643 3332 4698 τ,

723 4722 966 4795 exeunt,
1031 4738 1392 4796 quamquam
1452 4737 1653 4777 eorum
1713 4714 2149 4777 enarrationem
2203 4716 2317 4793 Ap.
2371 4717 2615 4795 respicit
2673 4718 2919 4792 139,16
2982 4720 3042 4776 et
3105 4718 3251 4793 163,
3271 4718 3335 4797 63

724 4807 937 4867 deinde
974 4808 1193 4884 d,eesse
1239 4826 1392 4885 quae
1427 4810 1691 4867 tractata
1726 4808 1909 4867 fuisse
1946 4825 2087 4868 sane
2122 4807 2355 4865 nullum
2390 4806 2593 4922 prodit
2627 4807 3050 4910 testimomum,
3085 4825 3332 4884 quorum

1042 4895 1605 4902 ——--.-———--—

721 4989 838 5046 tur.
930 4987 1019 5047 Ac
1075 5005 1216 5048 sane
1270 4989 1411 5048 sunt
1463 4988 1527 5046 ιιι
1580 4987 1675 5048 his
1721 4986 2014 5065 quaedam
2068 5004 2287 5066 genera
2331 5005 2482 5065 quae
2543 4949 2735 5046 obiter
2788 4989 3332 5073 commemorantur,
