3738 5530
1527 381 1627 432 DE
1666 380 2136 434 CAVSALIBVS.
3003 375 3129 440 243

534 587 635 651 καὶ
701 587 967 666 φέρεται
1040 585 1081 664 ἡ
1155 585 1465 663 πρόθεςις.
1582 584 1834 649 τούτων
1904 585 1974 648 δὲ
2039 583 2360 648 ἀπόδειξις
2426 580 2467 659 ἡ
2531 586 2665 646 τῶν
2734 581 3131 660 ἑτερογενῶν

434 707 486 746 ³⁰
536 691 970 770 παρείςδυςις,
1035 687 1126 752 δι’
1182 687 1261 752 ὅν
1318 708 1493 766 τινα,
1553 686 1643 751 δι’
1697 686 1777 764 ἥν
1834 707 2000 762 τινα,
2061 687 2164 752 καὶ
2218 686 2325 749 ἐπὶ
2376 686 2817 761 πληθυντικῶν
2870 686 2961 749 δι’
3017 685 3130 751 οὕς

535 811 749 875 τινας,
814 791 908 856 δι’
965 789 1040 854 ἅς
1091 809 1288 855 τινας.
1365 790 1441 853 τὸ
1494 789 1618 869 γὰρ
1675 787 1784 852 ἐπ’
1839 787 2191 868 οὐδετέρου
2247 788 2535 866 ἐλελήθει
2589 787 2778 868 ἡμᾶς,
2845 789 3003 854 καθὸ
3060 789 3131 854 ἐν

537 893 881 976 ὁμοφωνίᾳ
941 890 1506 972 παραλαμβάνεται
1604 941 1616 955 .
1718 938 1732 953 .
1837 939 1851 953 .
1953 940 1967 953 .
2066 891 2324 956 κλίςεως
2393 889 2496 955 ἐπί
2556 911 2628 954 τε
2708 889 2954 956 εὐθείας
3030 891 3133 954 καὶ

410 1011 510 1066 510
545 993 885 1072 αἰτιατικῆς
952 993 1052 1057 καὶ
1110 988 1223 1057 ’ἐπὶ
1322 1041 1335 1055 .
1433 995 1736 1071 κλητικῆς.
1813 1029 1890 1038 -
1959 993 2109 1059 Τοῖς
2186 992 2406 1059 αὐτοῖς
2479 993 2908 1073 ἐπιχειρήμαςι
2973 1012 3133 1071 προ·
3171 1003 3204 1051 5

544 1096 885 1175 ςχρηςτὲον
945 1094 1087 1177 <καὶ
1142 1093 1287 1178 ἐπὶ)
1346 1097 1463 1158 τοῦ
1530 1093 1692 1158 διὸτι
1760 1095 1860 1160 καὶ
1927 1094 2017 1160 ἔτι
2072 1099 2191 1160 τοῦ
2246 1094 2480 1160 καθότι.
2557 1095 2658 1161 καὶ
2710 1096 2834 1175 γὰρ
2890 1095 2930 1174 ἡ
2975 1094 3134 1159 κατά

543 1197 655 1280 ἐ<ν
729 1195 845 1280 ἰ’ςῳ
918 1196 1521 1281 παρα>λαμβάνεται
1585 1201 1661 1279 τῇ
1728 1197 1856 1277 διά,
1929 1198 2018 1262 ὡς
2085 1196 2331 1278 ἔφαμεν
2396 1198 2590 1262 κατὰ
2655 1197 2932 1276 ταύτην
2997 1198 3134 1276 τήν

463 1326 488 1364 5
538 1300 944 1379 πρόφαςιν
1002 1298 1073 1365 ἐν
1129 1296 1244 1382 ἴςῳ
1288 1305 1381 1381 τῶ
1424 1299 1530 1365 διὰ
1578 1300 1811 1378 ταύτην
1855 1300 1973 1377 τὴν
2018 1299 2371 1381 πρόφαςιν·
2430 1299 2622 1366 κατὰ
2675 1304 2911 1364 τοῦτο
2958 1298 3135 1376 ἐλή-

539 1405 764 1481 λυθα,
812 1401 916 1466 διὰ
959 1405 1154 1465 τοῦτο
1200 1400 1500 1479 ἐλήλυθα.
1546 1438 1627 1449 -
1675 1400 1883 1466 οὕτως
1929 1401 2059 1479 ἔχει
2105 1402 2203 1466 καὶ
2247 1402 2286 1480 ἡ
2333 1401 2423 1468 εἴς
2467 1403 2571 1466 καὶ
2613 1401 2652 1480 ἡ
2696 1401 2892 1480 πρός·
2938 1401 3136 1480 πρὸς

535 1502 608 1567 τί
654 1505 886 1586 λυπῇ;
951 1502 1058 1566 διὰ
1099 1503 1158 1567 τί
1202 1505 1410 1587 λυπῇς
1459 1500 1568 1578 εἰς
1612 1506 1851 1566 τοῦτο
1901 1502 2274 1582 ἐλήλυθα,
2323 1505 2429 1569 διὰ
2472 1507 2667 1569 τοῦτο
2713 1503 3007 1582 ἐλήλυθα.
3174 1520 3239 1568 10

707 1605 883 1668 Ἵνα.
956 1605 1302 1684 Διαφορὰς
1360 1602 1490 1682 ἔχει
1552 1603 1622 1667 τὸ
1678 1603 1908 1682 μόριον
1964 1608 2163 1684 τρεῖς,
2230 1607 2632 1686 ςυνδεςμικὰς
2690 1607 2804 1684 μὲν
2860 1603 2980 1669 δύο
3038 1603 3139 1667 καὶ

442 1729 489 1768 ιο
543 1706 1035 1786 ἐπιρρηματικὴν
1082 1704 1247 1784 μίαν,
1295 1704 1502 1769 τόπου
1548 1707 1930 1785 δηλωτικήν.
2007 1708 2415 1787 ςυνδεςμικόν
2462 1709 2576 1787 μὲν
2609 1705 2729 1772 οὖν
2760 1705 3139 1784 καθεςτηκὸς

540 1808 620 1873 τὰ
689 1806 1153 1886 ςυνταςςόμενα
1219 1806 1466 1887 ῥήματα
1530 1808 1922 1887 μετατίθηςιν
1989 1808 2077 1874 εἰς
2150 1810 2232 1873 τὰ
2296 1810 2663 1889 καλούμενα
2734 1806 3139 1884 ὑποτακτικά,

541 1910 758 1975 καθότι
826 1909 926 1973 καὶ
990 1908 1028 1974 ὁ
1097 1908 1211 1974 ἐάν
1280 1908 1737 1994 ἐπιζευκτικός,
1807 1908 1938 1974 ἵνα
2009 1909 2320 1990 γράψω,
2392 1910 2524 1975 ἵνα
2596 1911 2940 1994 γράψῃς,
3011 1908 3141 1975 ἵνα

539 2012 832 2097 γράψῃ·
878 2011 1377 2092 ἐπιρρηματικῶς
1422 2012 1493 2074 δὲ
1538 2011 1842 2091 φυλάςςει
1888 2013 2003 2091 τὴν
2049 2010 2364 2092 ὁριςτικὴν
2405 2012 2637 2097 ’κλίςιν,
3177 2031 3239 2079 15

1225 2112 1336 2177 ἵνα
1378 2113 1447 2176 τ’
1489 2110 1768 2195 ἔτραφεν
1813 2113 1927 2191 ἠδ’
1971 2113 2278 2190 ἐγένοντο
2326 2113 2390 2197 (κ
2436 2114 2621 2196 417)-

455 2236 504 2276 15
810 2214 950 2281 ἔνθ’
990 2214 1099 2280 ἵνα
1144 2215 1209 2280 ἐς
1253 2213 1450 2280 κακόν
1494 2214 1678 2280 ἐςτιν.

542 2317 646 2382 καὶ
711 2317 904 2382 τοῦτό
971 2338 1045 2394 γε
1112 2317 1357 2394 διοίςει,
1432 2314 1522 2381 ὡς
1589 2318 1876 2396 ςυνήθως
1943 2319 2057 2395 μέν
2120 2317 2244 2392 ἑςτι
2310 2317 2652 2398 ςύνδεςμος
2717 2316 3137 2397 καθεςτηκώς,

542 2425 883 2497 ποιητικῶς
950 2421 1023 2483 δὲ
1081 2418 1411 2499 ἐπίρρημα.
1484 2418 1654 2497 Ἔχει
1723 2420 1794 2483 δὲ
1849 2419 1951 2483 καὶ
2006 2421 2118 2484 τὰς
2177 2420 2580 2501 ςυνδεςμικὰς
2635 2420 2958 2500 διαφορὰς
3017 2418 3137 2483 δύο

545 2520 766 2599 οὔςας,
824 2521 970 2601 μίαν
1015 2523 1129 2600 μὲν
1175 2520 1641 2600 αἰτιολογικήν,
1699 2519 1926 2599 ἑτέραν
1973 2522 2044 2586 δὲ
2089 2522 2605 2601 ἀποτελεςτικήν.
2682 2522 2751 2586 ἐν
2806 2521 2930 2600 γὰρ
2976 2518 3139 2603 αἰτίᾳ
3177 2538 3243 2586 20

444 2645 496 2686 20
545 2627 661 2688 τοῦ
706 2621 1076 2699 ἀναγνῶναί
1121 2643 1331 2703 φαμεν
1380 2621 1620 2701 οὕτως,
1676 2620 1807 2686 ἵνα
1864 2620 2185 2699 ἀναγνῶ
2241 2623 2638 2706 ἐτιμήθην,
2690 2623 2823 2688 ἵνα
2875 2626 3140 2687 λοιδο-

548 2726 752 2805 ρήςω
811 2724 1350 2805 ἐπεπλήχθην·
1409 2723 1619 2789 οὐκέτι
1664 2725 1734 2788 δὲ
1779 2724 1853 2789 τὸ
1901 2723 2061 2790 αὐτὸ
2106 2724 2459 2805 παρέπεται
2504 2726 2575 2792 ἐν
2619 2728 2755 2791 τοῖς
2799 2724 3140 2799 τοιούτοις,

547 2828 678 2891 δὸς
720 2825 849 2892 ἵνα
891 2828 1205 2908 γράψω,
1262 2826 1395 2892 ἵνα
1435 2826 1783 2910 γράψῃς,
1827 2825 1960 2891 ἵνα
2002 2825 2299 2911 γράψῃ·
2366 2828 2582 2893 Θέων
2628 2829 2971 2891 διακινεῖ
3009 2825 3144 2892 ἵνα

548 2929 862 3012 ὑγιάνῃ,
920 2931 1360 3010 φιλοπονεῖ
1406 2928 1539 2992 ἵνα
1595 2928 1969 3007 ἐνάρετος
2026 2928 2366 3008 γένηται.
2464 2931 2661 3010 ςαφὲς
2716 2930 2841 3008 γὰρ
2900 2926 2997 2993 ὅτι
3056 2927 3143 2992 εἰς

447 3050 498 3092 25
552 3030 1043 3097 ἀποτελεςτικόν
1090 3052 1146 3094 τι
1192 3029 1748 3111 παραλαμβάνεται
1793 3029 1899 3094 ἐπὶ
1941 3034 2072 3096 τῶν
2116 3030 2437 3096 τοιούτων
2484 3030 2521 3095 ὁ
2562 3030 2691 3096 ἵνα.
3180 3048 3244 3096 25

717 3134 993 3198 Ὅπως.
1073 3132 1185 3196 Καὶ
1240 3132 1389 3197 τόδε
1445 3132 1521 3196 τὸ
1576 3132 1802 3211 μόριον
1851 3132 2196 3211 ςύνδεςμος
2254 3133 2616 3212 καθέςτηκε,
2672 3131 2872 3197 ταύτὰ
2926 3133 3144 3210 δηλῶν

549 3241 641 3321 τῷ
684 3235 824 3299 ἵνα·
868 3234 1061 3299 πάλιν
1107 3235 1230 3312 γὰρ
1274 3233 1350 3297 τὸ
1393 3233 1525 3298 ἵνα
1569 3232 1852 3317 ὑγ,ιάνῃ
1899 3233 1968 3298 ἐν
2012 3233 2130 3317 ἴςῳ
2177 3234 2304 3300 ἐςτὶ
2347 3241 2438 3319 τῷ
2485 3234 2700 3300 ὅπως
2748 3232 3058 3317 ὑγιάνῃ,

1450 3335 1546 3399 ἵν’
1590 3333 1956 3400 ἀθανάτοιςι
2001 3335 2261 3415 φαείνοι
2307 3337 2373 3416 (γ
2417 3335 2509 3420 2).

450 3458 502 3500 30
556 3438 766 3503 οὐκέτι
812 3437 1060 3520 μέντοι,
1118 3437 1431 3518 ἐπίρρημα
1475 3435 1582 3514 ὄν,
1638 3436 1715 3501 τὸ
1761 3435 1926 3500 αὐτὸ
1972 3440 2191 3516 δηλοῖ·
2246 3437 2323 3501 τὸ
2370 3439 2485 3517 μὲν
2533 3439 2657 3516 γὰρ
2700 3437 2812 3502 ἵνα
2853 3436 3144 3520 τοπικόν,

553 3543 627 3606 τὸ
672 3543 743 3605 δὲ
790 3538 970 3604 ὅπως
1016 3538 1087 3602 ἐν
1133 3538 1440 3622 ἀναφορᾷ
1483 3542 1598 3603 τοῦ
1643 3544 1802 3602 πῶς.
1863 3539 1943 3604 ὃν
1983 3539 2109 3617 γὰρ
2149 3538 2397 3617 τρόπον
2426 3541 2604 3618 παρὰ
2643 3541 2718 3604 τό
2752 3538 2861 3603 ὅτε
2905 3538 3145 3615 γίνεται
3182 3557 3247 3605 3ο

556 3643 631 3707 τὸ
676 3641 834 3707 πότε
880 3640 982 3704 καὶ
1027 3639 1114 3703 ἔτι
1161 3639 1391 3717 ὁπότε,
1439 3639 1578 3703 οἷος
1623 3642 1817 3704 ποῖος
1861 3638 2128 3723 ὁποῖος,
2173 3640 2359 3718 ἡνίκα
2403 3642 2636 3721 πηνίκα
2681 3640 2982 3719 ὁπηνίκα,
3030 3641 3147 3704 τὸν

422 3765 518 3813 511
558 3743 757 3808 αὐτὸν
817 3743 894 3820 δὴ
949 3741 1198 3822 τρόπον
1260 3742 1359 3804 καὶ
1415 3742 1589 3821 παρὰ
1649 3742 1725 3805 τὸ
1785 3739 1875 3806 ὥς
1931 3740 2057 3805 ἐςτι
2111 3742 2185 3806 τὸ
2245 3749 2383 3811 πῶς
2441 3744 2543 3806 καὶ
2599 3741 2798 3806 ὅπως.
2875 3740 3150 3806 πολλάκι

691 3948 908 3999 Anava.
983 3951 1006 3997 1
1047 3945 1107 3997 et
1141 3960 1210 3998 ex
1246 3945 1562 3998 ceterorum
1598 3959 1871 4011 generum
1910 3943 2101 3996 formis
2137 3960 2264 3998 oum
2302 3946 2392 4000 διά
2428 3944 2777 4001 constructis.
2821 3973 2886 3982 —
2934 3948 2993 3996 11
3032 3945 3149 3998 Ἵνα

556 4031 655 4084 aut
690 4029 926 4084 causalis
962 4031 1062 4083 aut
1095 4028 1278 4082 finalis
1314 4027 1634 4082 coniunctio
1670 4030 1771 4081 aut
1804 4027 2138 4081 adverbium
2175 4028 2356 4083 locale
2385 4030 2484 4083 est.
2524 4060 2589 4069 —-
2626 4034 2691 4082 26
2716 4030 2915 4084 Ὅπως
2941 4029 3001 4083 et
3023 4043 3149 4081 oon-

552 4114 768 4168 iunctio
805 4113 989 4167 finalis
1025 4115 1084 4167 et
1119 4111 1449 4167 adverbium
1486 4113 1589 4165 est.

695 4283 877 4337 D1scu.
939 4301 1134 4339 scam.
1242 4292 1284 4341 1.
1352 4283 1567 4351 ἑτέρων
1625 4288 1814 4349 γενῶν
1881 4299 1985 4351 pro
2044 4284 2395 4352 ἑτερογενῶν
2454 4283 2662 4338 conicit
2719 4281 3077 4338 RSohneider
3138 4283 3147 4351 Ι

559 4374 709 4424 2-3.
746 4370 828 4422 δι’
861 4372 960 4424 οὕς
994 4385 1151 4423 τινας
1187 4369 1250 4434 b,
1286 4369 1337 4421 δι
1373 4384 1438 4435 ης
1474 4384 1630 4422 τινας
1656 4371 1700 4423 Α
1732 4369 1741 4435 Ι
1772 4374 1820 4426 3.
1845 4368 2009 4435 καθὸ]
2046 4366 2142 4422 fol.
2182 4375 2277 4423 107
2304 4387 2352 4423 v.
2383 4370 2393 4436 Ι
2422 4375 2471 4427 4.
2504 4373 2633 4438 post
2657 4368 3151 4436 παραλαμβάνεται

560 4453 833 4509 tredecim
871 4453 989 4508 fere
1025 4453 1346 4507 litterarum
1383 4452 1609 4517 lacuna,
1658 4467 1828 4520 quam
1862 4452 1923 4504 in
1960 4468 2078 4509 var.
2115 4452 2246 4512 lect.
2280 4454 2359 4508 sic
2396 4453 2650 4522 explevit
2684 4454 2720 4506 b
2756 4453 2868 4521 (τὰ
2902 4456 3005 4521 τῆς
3038 4469 3152 4506 τοι·

562 4538 776 4608 αὑτης>
806 4541 815 4606 Ι
847 4546 893 4593 5.
921 4539 1012 4593 ἐπι
1030 4537 1085 4604 b,
1124 4555 1245 4593 επει
1266 4539 1326 4603 Α,
1349 4536 1408 4589 in
1430 4552 1541 4605 quo
1562 4536 1815 4603 sequitur
1837 4537 2009 4590 trium
2029 4536 2147 4591 fere
2166 4537 2486 4592 litterarum
2509 4538 2714 4592 lacuna
2741 4540 2750 4605 Ι
2782 4541 3031 4605 κλιτικης
3052 4538 3096 4590 Α
3139 4538 3147 4605 Ι

564 4620 1640 4691 6.<xal>RSchneide1-,<d›c>GDronke
1666 4621 1673 4689 Ι
1695 4621 1867 4691 (ἐπὶ)
1887 4621 1923 4674 b
1946 4622 1954 4691 Ι
1978 4622 2061 4675 ἔτι
2087 4623 2131 4675 Α
2145 4622 2197 4689 b,
2218 4625 2312 4677 ἐπὶ
2327 4621 2603 4677 GDronke
2629 4624 2636 4691 Ι
2659 4621 2980 4680 7.lacunam
3000 4619 3150 4690 expl.

563 4704 601 4758 b
631 4709 641 4775 Ι
677 4713 749 4760 14.
785 4709 989 4775 γράψω
1029 4709 1091 4773 b,
1127 4723 1331 4774 γραφω
1372 4708 1415 4760 Α
1446 4708 1455 4774 Ι
1490 4711 1568 4760 19.
1594 4710 1905 4773 ποιητικῶς
1943 4708 2019 4761 Α*
2058 4708 2117 4760 et
2151 4707 2212 4773 b,
2252 4724 2547 4774 ποιητικόν
2572 4708 2616 4760 Α
2648 4709 2656 4775 Ι
2687 4712 2769 4764 25.
2795 4707 3152 4761 ἀποτελεςτι-

565 4792 667 4844 κὸν
702 4791 764 4857 b,
805 4795 1218 4847 επιτελεςτικον
1238 4793 1282 4845 A
1314 4799 1323 4858 Ι
1354 4796 1435 4845 28.
1466 4789 1614 4843 hunc
1649 4805 1876 4844 versum
1911 4791 2231 4859 suspectum
2268 4808 2389 4846 esse
2426 4792 2619 4845 censet
2653 4789 2891 4860 GUhlig‚
2930 4789 3153 4845 etiamsi

565 4875 793 4944 φαείνῃ,
829 4877 981 4944 quod
1019 4878 1106 4930 est
1137 4876 1196 4929 in
1231 4875 1386 4945 vulg.
1425 4875 1485 4929 et
1517 4873 1692 4940 Harl„
1729 4873 1976 4929 scribere
2012 4874 2154 4929 velis
2184 4877 2192 4942 Ι
2232 4882 2315 4930 30.
2355 4879 2539 4931 οὕτως
2575 4893 2678 4946 pro
2716 4881 2840 4930 πῶς
2877 4874 3103 4945 GUhlig

2646 4966 2747 5015 16¹·
