<?xml version="1.0" encoding="UTF-8"?>
<!DOCTYPE html PUBLIC "-//W3C//DTD XHTML 1.0 Transitional//EN"
    "http://www.w3.org/TR/xhtml1/DTD/xhtml1-transitional.dtd">
<html xmlns="http://www.w3.org/1999/xhtml" xml:lang="en" lang="en">
 <head>
  <title>
</title>
<meta http-equiv="Content-Type" content="text/html;charset=utf-8" />
  <meta name='ocr-system' content='tesseract 3.04.00' />
  <meta name='ocr-capabilities' content='ocr_page ocr_carea ocr_par ocr_line ocrx_word'/>
</head>
<body>
  <div class='ocr_page' id='page_1' title='image "./grammaticigraec00unkngoog_0354.png"; bbox 0 0 3738 5530; ppageno 0'>
   <div class='ocr_carea' id='block_1_1' title="bbox 660 285 3121 358">
    <p class='ocr_par' dir='ltr' id='par_1_1' title="bbox 660 285 3121 358">
     <span class='ocr_line' id='line_1_1' title="bbox 660 285 3121 358; baseline -0.003 -10"><span class='ocrx_word' id='word_1_1' title='bbox 660 292 747 358; x_wconf 82' lang='grc'><strong>66</strong></span> <span class='ocrx_word' id='word_1_2' title='bbox 833 289 1275 348; x_wconf 83' lang='lat' dir='ltr'><strong>Commentarius</strong></span> <span class='ocrx_word' id='word_1_3' title='bbox 1302 289 1530 346; x_wconf 80' lang='lat' dir='ltr'><strong>criticus</strong></span> <span class='ocrx_word' id='word_1_4' title='bbox 1557 290 1617 343; x_wconf 88' lang='lat' dir='ltr'><strong>et</strong></span> <span class='ocrx_word' id='word_1_5' title='bbox 1642 288 1963 358; x_wconf 75' lang='lat' dir='ltr'><strong>exegeticus</strong></span> <span class='ocrx_word' id='word_1_6' title='bbox 1988 287 2051 343; x_wconf 92' lang='lat' dir='ltr'><strong>in</strong></span> <span class='ocrx_word' id='word_1_7' title='bbox 2076 286 2366 358; x_wconf 85' lang='lat' dir='ltr'><strong>Apollonii</strong></span> <span class='ocrx_word' id='word_1_8' title='bbox 2390 285 2621 357; x_wconf 80' lang='lat' dir='ltr'><strong>Dyscoli</strong></span> <span class='ocrx_word' id='word_1_9' title='bbox 2649 285 2861 358; x_wconf 80' lang='lat' dir='ltr'><strong>scripta</strong></span> <span class='ocrx_word' id='word_1_10' title='bbox 2886 286 3121 342; x_wconf 86' lang='lat' dir='ltr'><strong>minora.</strong></span> 
     </span>
    </p>
   </div>
   <div class='ocr_carea' id='block_1_2' title="bbox 651 451 3274 5015">
    <p class='ocr_par' dir='ltr' id='par_1_2' title="bbox 658 451 3267 806">
     <span class='ocr_line' id='line_1_2' title="bbox 660 451 3266 537; baseline -0.002 -16"><span class='ocrx_word' id='word_1_11' title='bbox 660 461 777 521; x_wconf 89' lang='lat' dir='ltr'><strong>Sed</strong></span> <span class='ocrx_word' id='word_1_12' title='bbox 822 461 1062 521; x_wconf 92' lang='lat' dir='ltr'><strong>omnino</strong></span> <span class='ocrx_word' id='word_1_13' title='bbox 1114 478 1234 520; x_wconf 92' lang='lat' dir='ltr'><strong>non</strong></span> <span class='ocrx_word' id='word_1_14' title='bbox 1286 458 1350 518; x_wconf 89' lang='lat' dir='ltr'><strong>id</strong></span> <span class='ocrx_word' id='word_1_15' title='bbox 1403 457 1630 537; x_wconf 83' lang='lat' dir='ltr'><strong>agitur,</strong></span> <span class='ocrx_word' id='word_1_16' title='bbox 1680 460 1752 517; x_wconf 87' lang='lat' dir='ltr'><strong>ut</strong></span> <span class='ocrx_word' id='word_1_17' title='bbox 1803 457 2219 535; x_wconf 69' lang='lat' dir='ltr'><strong>comprobetur</strong></span> <span class='ocrx_word' id='word_1_18' title='bbox 2271 452 2447 533; x_wconf 81' lang='grc' dir='ltr'>ἐμεῖο</span> <span class='ocrx_word' id='word_1_19' title='bbox 2492 476 2565 517; x_wconf 86' lang='lat' dir='ltr'><strong>ex</strong></span> <span class='ocrx_word' id='word_1_20' title='bbox 2618 452 2769 532; x_wconf 83' lang='grc' dir='ltr'>ἐμέο</span> <span class='ocrx_word' id='word_1_21' title='bbox 2825 451 2982 532; x_wconf 81' lang='grc' dir='ltr'>ἐμοῦ</span> <span class='ocrx_word' id='word_1_22' title='bbox 3036 457 3266 516; x_wconf 87' lang='lat' dir='ltr'><strong>factum</strong></span> 
     </span>
     <span class='ocr_line' id='line_1_3' title="bbox 658 545 3267 625; baseline -0.003 -14"><span class='ocrx_word' id='word_1_23' title='bbox 658 570 812 612; x_wconf 82' lang='lat' dir='ltr'><strong>esse:</strong></span> <span class='ocrx_word' id='word_1_24' title='bbox 855 550 920 610; x_wconf 90' lang='lat' dir='ltr'><strong>id</strong></span> <span class='ocrx_word' id='word_1_25' title='bbox 963 551 1124 610; x_wconf 89' lang='lat' dir='ltr'><strong>enim</strong></span> <span class='ocrx_word' id='word_1_26' title='bbox 1166 549 1254 609; x_wconf 87' lang='lat' dir='ltr'><strong>ita</strong></span> <span class='ocrx_word' id='word_1_27' title='bbox 1299 566 1425 610; x_wconf 87' lang='lat' dir='ltr'><strong>esse</strong></span> <span class='ocrx_word' id='word_1_28' title='bbox 1468 566 1579 625; x_wconf 92' lang='lat' dir='ltr'><strong>pro</strong></span> <span class='ocrx_word' id='word_1_29' title='bbox 1624 550 1785 608; x_wconf 85' lang='lat' dir='ltr'><strong>certo</strong></span> <span class='ocrx_word' id='word_1_30' title='bbox 1831 547 2259 625; x_wconf 79' lang='lat' dir='ltr'><strong>exploratoque</strong></span> <span class='ocrx_word' id='word_1_31' title='bbox 2302 546 2581 624; x_wconf 79' lang='lat' dir='ltr'><strong>habetu13</strong></span> <span class='ocrx_word' id='word_1_32' title='bbox 2626 545 2731 607; x_wconf 89' lang='lat' dir='ltr'><strong>sed</strong></span> <span class='ocrx_word' id='word_1_33' title='bbox 2772 546 2926 605; x_wconf 89' lang='lat' dir='ltr'><strong>illud</strong></span> <span class='ocrx_word' id='word_1_34' title='bbox 2961 545 3161 623; x_wconf 88' lang='lat' dir='ltr'><strong>potius</strong></span> <span class='ocrx_word' id='word_1_35' title='bbox 3197 548 3267 605; x_wconf 88' lang='lat' dir='ltr'><strong>ut</strong></span> 
     </span>
     <span class='ocr_line' id='line_1_4' title="bbox 658 635 3267 716; baseline -0.002 -15"><span class='ocrx_word' id='word_1_36' title='bbox 658 640 1124 715; x_wconf 75' lang='lat' dir='ltr'><strong>demonstretur,</strong></span> <span class='ocrx_word' id='word_1_37' title='bbox 1187 656 1571 716; x_wconf 84' lang='lat' dir='ltr'><strong>quaecunque</strong></span> <span class='ocrx_word' id='word_1_38' title='bbox 1624 638 1851 697; x_wconf 84' lang='lat' dir='ltr'><strong>formae</strong></span> <span class='ocrx_word' id='word_1_39' title='bbox 1895 635 1920 698; x_wconf 84' lang='grc' dir='ltr'>ἰ</span> <span class='ocrx_word' id='word_1_40' title='bbox 1961 657 2072 714; x_wconf 89' lang='lat' dir='ltr'><strong>per</strong></span> <span class='ocrx_word' id='word_1_41' title='bbox 2121 637 2534 714; x_wconf 85' lang='lat' dir='ltr'><strong>pleonasmum</strong></span> <span class='ocrx_word' id='word_1_42' title='bbox 2586 635 2819 696; x_wconf 78' lang='lat' dir='ltr'><strong>adiecto</strong></span> <span class='ocrx_word' id='word_1_43' title='bbox 2872 636 3069 695; x_wconf 84' lang='lat' dir='ltr'><strong>factae</strong></span> <span class='ocrx_word' id='word_1_44' title='bbox 3128 636 3267 710; x_wconf 80' lang='lat' dir='ltr'><strong>sint,</strong></span> 
     </span>
     <span class='ocr_line' id='line_1_5' title="bbox 658 724 3118 806; baseline -0.002 -16"><span class='ocrx_word' id='word_1_45' title='bbox 658 730 812 790; x_wconf 86' lang='lat' dir='ltr'><strong>nihil</strong></span> <span class='ocrx_word' id='word_1_46' title='bbox 857 748 983 790; x_wconf 87' lang='lat' dir='ltr'><strong>esse</strong></span> <span class='ocrx_word' id='word_1_47' title='bbox 1025 746 1200 806; x_wconf 90' lang='lat' dir='ltr'><strong>posse</strong></span> <span class='ocrx_word' id='word_1_48' title='bbox 1245 728 1362 788; x_wconf 90' lang='lat' dir='ltr'><strong>nisi</strong></span> <span class='ocrx_word' id='word_1_49' title='bbox 1407 727 1920 787; x_wconf 87' lang='lat' dir='ltr'><strong>orthotonumena.</strong></span> <span class='ocrx_word' id='word_1_50' title='bbox 2011 725 2182 797; x_wconf 84' lang='lat' dir='ltr'><strong>Quod</strong></span> <span class='ocrx_word' id='word_1_51' title='bbox 2225 728 2528 803; x_wconf 81' lang='lat' dir='ltr'><strong>perspexit</strong></span> <span class='ocrx_word' id='word_1_52' title='bbox 2572 724 2853 804; x_wconf 81' lang='lat' dir='ltr'><strong>Egenolff</strong></span> <span class='ocrx_word' id='word_1_53' title='bbox 2889 724 2978 784; x_wconf 82' lang='lat' dir='ltr'><strong>IV</strong></span> <span class='ocrx_word' id='word_1_54' title='bbox 3014 726 3118 784; x_wconf 88' lang='lat'><strong>44.</strong></span> 
     </span>
    </p>

    <p class='ocr_par' dir='ltr' id='par_1_3' title="bbox 657 813 3268 983">
     <span class='ocr_line' id='line_1_6' title="bbox 834 813 3265 891; baseline -0.003 -11"><span class='ocrx_word' id='word_1_55' title='bbox 834 820 1060 880; x_wconf 83' lang='lat' dir='ltr'><strong>Eodem</strong></span> <span class='ocrx_word' id='word_1_56' title='bbox 1102 818 1271 878; x_wconf 85' lang='lat' dir='ltr'><strong>modo</strong></span> <span class='ocrx_word' id='word_1_57' title='bbox 1316 819 1490 877; x_wconf 67' lang='lat' dir='ltr'><strong>etiam</strong></span> <span class='ocrx_word' id='word_1_58' title='bbox 1535 834 1605 876; x_wconf 88' lang='lat' dir='ltr'><strong>ea</strong></span> <span class='ocrx_word' id='word_1_59' title='bbox 1647 819 1715 877; x_wconf 73' lang='lat' dir='ltr'><strong>in</strong></span> <span class='ocrx_word' id='word_1_60' title='bbox 1757 817 1969 891; x_wconf 73' lang='lat' dir='ltr'><strong>quibus</strong></span> <span class='ocrx_word' id='word_1_61' title='bbox 2012 813 2049 876; x_wconf 78' lang='grc' dir='ltr'>ἒ</span> <span class='ocrx_word' id='word_1_62' title='bbox 2091 817 2387 877; x_wconf 71' lang='lat' dir='ltr'><strong>reclaudat</strong></span> <span class='ocrx_word' id='word_1_63' title='bbox 2437 832 2662 890; x_wconf 84' lang='lat' dir='ltr'><strong>semper</strong></span> <span class='ocrx_word' id='word_1_64' title='bbox 2704 818 2854 875; x_wconf 79' lang='lat' dir='ltr'><strong>recto</strong></span> <span class='ocrx_word' id='word_1_65' title='bbox 2900 818 3091 874; x_wconf 82' lang='lat' dir='ltr'><strong>tenore</strong></span> <span class='ocrx_word' id='word_1_66' title='bbox 3123 831 3265 889; x_wconf 86' lang='lat' dir='ltr'><strong>pro-</strong></span> 
     </span>
     <span class='ocr_line' id='line_1_7' title="bbox 657 905 3268 983; baseline -0.003 -13"><span class='ocrx_word' id='word_1_67' title='bbox 657 908 1308 983; x_wconf 58' lang='lat' dir='ltr'><strong>fanatam-,nonalia</strong></span> <span class='ocrx_word' id='word_1_68' title='bbox 1364 906 3110 981; x_wconf 68' lang='lat' dir='ltr'><strong>excausaquamexeadequamodoeaeposimmest</strong></span> <span class='ocrx_word' id='word_1_69' title='bbox 3164 905 3268 979; x_wconf 82' lang='lat'><strong>38,</strong></span> 
     </span>
    </p>

    <p class='ocr_par' dir='ltr' id='par_1_4' title="bbox 658 1079 3269 1613">
     <span class='ocr_line' id='line_1_8' title="bbox 837 1079 3267 1164; baseline -0.003 -16"><span class='ocrx_word' id='word_1_70' title='bbox 837 1088 941 1164; x_wconf 88' lang='grc'><strong>38,</strong></span> <span class='ocrx_word' id='word_1_71' title='bbox 962 1087 1223 1146; x_wconf 80' lang='grc'>28-29</span> <span class='ocrx_word' id='word_1_72' title='bbox 1289 1084 1411 1146; x_wconf 80' lang='lat' dir='ltr'><strong>Ska</strong></span> <span class='ocrx_word' id='word_1_73' title='bbox 1454 1084 1487 1144; x_wconf 96' lang='lat' dir='ltr'>I</span> <span class='ocrx_word' id='word_1_74' title='bbox 1528 1086 1785 1144; x_wconf 85' lang='lat'>11—12</span> <span class='ocrx_word' id='word_1_75' title='bbox 1854 1079 2043 1144; x_wconf 78' lang='lat' dir='ltr'><strong>‘Haec</strong></span> <span class='ocrx_word' id='word_1_76' title='bbox 2095 1102 2215 1144; x_wconf 91' lang='lat' dir='ltr'><strong>non</strong></span> <span class='ocrx_word' id='word_1_77' title='bbox 2272 1102 2379 1144; x_wconf 87' lang='lat' dir='ltr'><strong>suo</strong></span> <span class='ocrx_word' id='word_1_78' title='bbox 2432 1083 2564 1143; x_wconf 92' lang='lat' dir='ltr'><strong>loco</strong></span> <span class='ocrx_word' id='word_1_79' title='bbox 2607 1083 2809 1160; x_wconf 88' lang='lat' dir='ltr'><strong>posita</strong></span> <span class='ocrx_word' id='word_1_80' title='bbox 2852 1085 3020 1143; x_wconf 83' lang='lat' dir='ltr'><strong>sunt:</strong></span> <span class='ocrx_word' id='word_1_81' title='bbox 3077 1102 3267 1160; x_wconf 90' lang='lat' dir='ltr'><strong>neque</strong></span> 
     </span>
     <span class='ocr_line' id='line_1_9' title="bbox 662 1168 3267 1255; baseline -0.003 -17"><span class='ocrx_word' id='word_1_82' title='bbox 662 1176 821 1238; x_wconf 87' lang='lat' dir='ltr'><strong>enim</strong></span> <span class='ocrx_word' id='word_1_83' title='bbox 879 1176 1062 1237; x_wconf 82' lang='lat' dir='ltr'><strong>verba</strong></span> <span class='ocrx_word' id='word_1_84' title='bbox 1120 1171 1239 1236; x_wconf 84' lang='grc' dir='ltr'><strong>οὐκ</strong></span> <span class='ocrx_word' id='word_1_85' title='bbox 1285 1170 1447 1255; x_wconf 85' lang='grc' dir='ltr'>ἄλλῃ</span> <span class='ocrx_word' id='word_1_86' title='bbox 1510 1168 1680 1253; x_wconf 83' lang='grc' dir='ltr'>αἰτίᾳ</span> <span class='ocrx_word' id='word_1_87' title='bbox 1723 1169 1763 1247; x_wconf 85' lang='grc' dir='ltr'>ἢ</span> <span class='ocrx_word' id='word_1_88' title='bbox 1809 1175 1887 1254; x_wconf 87' lang='grc' dir='ltr'><strong>τῇ</strong></span> <span class='ocrx_word' id='word_1_89' title='bbox 1949 1168 2244 1253; x_wconf 82' lang='grc' dir='ltr'>εἰρημένῃ</span> <span class='ocrx_word' id='word_1_90' title='bbox 2293 1173 2369 1232; x_wconf 83' lang='lat' dir='ltr'><strong>ad</strong></span> <span class='ocrx_word' id='word_1_91' title='bbox 2428 1191 2499 1233; x_wconf 86' lang='lat' dir='ltr'><strong>ea</strong></span> <span class='ocrx_word' id='word_1_92' title='bbox 2541 1172 2751 1233; x_wconf 87' lang='lat' dir='ltr'><strong>referri</strong></span> <span class='ocrx_word' id='word_1_93' title='bbox 2807 1176 3062 1250; x_wconf 79' lang='lat' dir='ltr'><strong>possunt</strong></span> <span class='ocrx_word' id='word_1_94' title='bbox 3116 1191 3267 1248; x_wconf 88' lang='lat' dir='ltr'><strong>quae</strong></span> 
     </span>
     <span class='ocr_line' id='line_1_10' title="bbox 658 1253 3265 1344; baseline -0.003 -17"><span class='ocrx_word' id='word_1_95' title='bbox 658 1266 1033 1342; x_wconf 83' lang='lat' dir='ltr'><strong>antecedunt,</strong></span> <span class='ocrx_word' id='word_1_96' title='bbox 1079 1284 1214 1325; x_wconf 90' lang='lat' dir='ltr'><strong>cum</strong></span> <span class='ocrx_word' id='word_1_97' title='bbox 1258 1264 1343 1323; x_wconf 88' lang='lat' dir='ltr'><strong>ibi</strong></span> <span class='ocrx_word' id='word_1_98' title='bbox 1389 1263 1461 1323; x_wconf 90' lang='lat' dir='ltr'><strong>de</strong></span> <span class='ocrx_word' id='word_1_99' title='bbox 1505 1262 1797 1324; x_wconf 83' lang='lat' dir='ltr'><strong>reflexivis</strong></span> <span class='ocrx_word' id='word_1_100' title='bbox 1844 1265 2079 1342; x_wconf 85' lang='lat' dir='ltr'><strong>agatur.</strong></span> <span class='ocrx_word' id='word_1_101' title='bbox 2169 1263 2413 1323; x_wconf 86' lang='lat' dir='ltr'><strong>Rectius</strong></span> <span class='ocrx_word' id='word_1_102' title='bbox 2449 1263 2729 1341; x_wconf 82' lang='lat' dir='ltr'><strong>legantur</strong></span> <span class='ocrx_word' id='word_1_103' title='bbox 2762 1262 2838 1342; x_wconf 74' lang='lat' dir='ltr'><strong>B,</strong></span> <span class='ocrx_word' id='word_1_104' title='bbox 2889 1254 3002 1344; x_wconf 93' lang='lat'><strong>(=</strong></span> <span class='ocrx_word' id='word_1_105' title='bbox 3030 1263 3132 1337; x_wconf 85' lang='lat'><strong>38,</strong></span> <span class='ocrx_word' id='word_1_106' title='bbox 3154 1253 3265 1343; x_wconf 82' lang='lat'><strong>28)</strong></span> 
     </span>
     <span class='ocr_line' id='line_1_11' title="bbox 658 1346 3269 1432; baseline -0.002 -16"><span class='ocrx_word' id='word_1_107' title='bbox 658 1357 866 1416; x_wconf 85' lang='lat' dir='ltr'><strong>statim</strong></span> <span class='ocrx_word' id='word_1_108' title='bbox 908 1358 1048 1432; x_wconf 87' lang='lat' dir='ltr'><strong>post</strong></span> <span class='ocrx_word' id='word_1_109' title='bbox 1092 1349 1305 1415; x_wconf 84' lang='grc' dir='ltr'>οὐκέτι</span> <span class='ocrx_word' id='word_1_110' title='bbox 1351 1349 1451 1414; x_wconf 80' lang='grc' dir='ltr'><strong>ἐπ’</strong></span> <span class='ocrx_word' id='word_1_111' title='bbox 1499 1346 1717 1413; x_wconf 85' lang='grc' dir='ltr'>ἄλλων</span> <span class='ocrx_word' id='word_1_112' title='bbox 1762 1351 1921 1413; x_wconf 84' lang='grc' dir='ltr'>κτλ.;</span> <span class='ocrx_word' id='word_1_113' title='bbox 1985 1353 2072 1412; x_wconf 87' lang='lat' dir='ltr'><strong>ibi</strong></span> <span class='ocrx_word' id='word_1_114' title='bbox 2117 1352 2275 1412; x_wconf 90' lang='lat' dir='ltr'><strong>enim</strong></span> <span class='ocrx_word' id='word_1_115' title='bbox 2320 1352 2564 1413; x_wconf 86' lang='lat' dir='ltr'><strong>docetur</strong></span> <span class='ocrx_word' id='word_1_116' title='bbox 2608 1370 2713 1411; x_wconf 88' lang='lat' dir='ltr'><strong>cur</strong></span> <span class='ocrx_word' id='word_1_117' title='bbox 2757 1370 2828 1411; x_wconf 90' lang='lat' dir='ltr'><strong>ea</strong></span> <span class='ocrx_word' id='word_1_118' title='bbox 2875 1370 3028 1428; x_wconf 86' lang='lat' dir='ltr'><strong>quae</strong></span> <span class='ocrx_word' id='word_1_119' title='bbox 3074 1351 3269 1411; x_wconf 82' lang='lat' dir='ltr'><strong>vocali</strong></span> 
     </span>
     <span class='ocr_line' id='line_1_12' title="bbox 660 1436 3269 1520; baseline -0.002 -15"><span class='ocrx_word' id='word_1_120' title='bbox 660 1444 967 1508; x_wconf 71' lang='lat' dir='ltr'><strong>abundant</strong></span> <span class='ocrx_word' id='word_1_121' title='bbox 1030 1446 1342 1505; x_wconf 82' lang='lat' dir='ltr'><strong>accentum</strong></span> <span class='ocrx_word' id='word_1_122' title='bbox 1393 1443 1685 1520; x_wconf 86' lang='lat' dir='ltr'><strong>deponere</strong></span> <span class='ocrx_word' id='word_1_123' title='bbox 1748 1436 2087 1520; x_wconf 86' lang='lat' dir='ltr'><strong>nequeant’.</strong></span> <span class='ocrx_word' id='word_1_124' title='bbox 2187 1441 2374 1502; x_wconf 86' lang='lat' dir='ltr'><strong>Miror</strong></span> <span class='ocrx_word' id='word_1_125' title='bbox 2436 1441 2749 1502; x_wconf 72' lang='lat' dir='ltr'><strong>dissentire</strong></span> <span class='ocrx_word' id='word_1_126' title='bbox 2793 1441 3192 1519; x_wconf 82' lang='lat' dir='ltr'><strong>Egenolffium</strong></span> <span class='ocrx_word' id='word_1_127' title='bbox 3238 1440 3269 1499; x_wconf 98' lang='lat' dir='ltr'>I</span> 
     </span>
     <span class='ocr_line' id='line_1_13' title="bbox 660 1532 2227 1613; baseline -0.003 -18"><span class='ocrx_word' id='word_1_128' title='bbox 660 1536 809 1612; x_wconf 84' lang='lat'><strong>839,</strong></span> <span class='ocrx_word' id='word_1_129' title='bbox 854 1534 1207 1613; x_wconf 82' lang='lat' dir='ltr'><strong>praesertim</strong></span> <span class='ocrx_word' id='word_1_130' title='bbox 1252 1552 1390 1592; x_wconf 86' lang='lat' dir='ltr'><strong>cum</strong></span> <span class='ocrx_word' id='word_1_131' title='bbox 1435 1534 1789 1611; x_wconf 80' lang='lat' dir='ltr'><strong>argumenta</strong></span> <span class='ocrx_word' id='word_1_132' title='bbox 1835 1550 1955 1591; x_wconf 93' lang='lat' dir='ltr'><strong>non</strong></span> <span class='ocrx_word' id='word_1_133' title='bbox 2002 1532 2227 1591; x_wconf 83' lang='lat' dir='ltr'><strong>afferat.</strong></span> 
     </span>
    </p>

    <p class='ocr_par' dir='ltr' id='par_1_5' title="bbox 656 1613 3271 1968">
     <span class='ocr_line' id='line_1_14' title="bbox 836 1613 3267 1703; baseline -0.002 -19"><span class='ocrx_word' id='word_1_134' title='bbox 836 1624 1064 1684; x_wconf 83' lang='lat' dir='ltr'><strong>Eodem</strong></span> <span class='ocrx_word' id='word_1_135' title='bbox 1105 1624 1274 1682; x_wconf 82' lang='lat' dir='ltr'><strong>modo</strong></span> <span class='ocrx_word' id='word_1_136' title='bbox 1328 1624 1640 1697; x_wconf 74' lang='lat' dir='ltr'><strong>composita</strong></span> <span class='ocrx_word' id='word_1_137' title='bbox 1685 1613 2019 1703; x_wconf 83' lang='lat' dir='ltr'><strong>(reflexiva)</strong></span> <span class='ocrx_word' id='word_1_138' title='bbox 2066 1639 2291 1695; x_wconf 76' lang='lat' dir='ltr'><strong>semper</strong></span> <span class='ocrx_word' id='word_1_139' title='bbox 2333 1621 2804 1681; x_wconf 73' lang='lat' dir='ltr'><strong>orthotonumena</strong></span> <span class='ocrx_word' id='word_1_140' title='bbox 2847 1624 3017 1691; x_wconf 45' lang='lat' dir='ltr'><strong>smum·</strong></span> <span class='ocrx_word' id='word_1_141' title='bbox 3079 1639 3267 1696; x_wconf 87' lang='lat' dir='ltr'><strong>neque</strong></span> 
     </span>
     <span class='ocr_line' id='line_1_15' title="bbox 657 1709 3271 1789; baseline -0.002 -17"><span class='ocrx_word' id='word_1_142' title='bbox 657 1713 721 1772; x_wconf 89' lang='lat' dir='ltr'><strong>id</strong></span> <span class='ocrx_word' id='word_1_143' title='bbox 765 1713 1010 1789; x_wconf 81' lang='lat' dir='ltr'><strong>mirum3</strong></span> <span class='ocrx_word' id='word_1_144' title='bbox 1067 1730 1210 1772; x_wconf 78' lang='lat' dir='ltr'><strong>nam</strong></span> <span class='ocrx_word' id='word_1_145' title='bbox 1260 1713 1397 1786; x_wconf 79' lang='lat' dir='ltr'><strong>ipsa</strong></span> <span class='ocrx_word' id='word_1_146' title='bbox 1450 1728 1672 1787; x_wconf 73' lang='lat' dir='ltr'><strong>quoque</strong></span> <span class='ocrx_word' id='word_1_147' title='bbox 1723 1712 2052 1786; x_wconf 79' lang='lat' dir='ltr'><strong>opponendi</strong></span> <span class='ocrx_word' id='word_1_148' title='bbox 2095 1727 2280 1771; x_wconf 79' lang='lat' dir='ltr'><strong>causa</strong></span> <span class='ocrx_word' id='word_1_149' title='bbox 2312 1711 2716 1785; x_wconf 59' lang='lat' dir='ltr'><strong>proferuntur.</strong></span> <span class='ocrx_word' id='word_1_150' title='bbox 2807 1709 3047 1769; x_wconf 71' lang='lat' dir='ltr'><strong>Natura</strong></span> <span class='ocrx_word' id='word_1_151' title='bbox 3089 1711 3271 1784; x_wconf 60' lang='grc' dir='ltr'><strong>ὀφίων</strong></span> 
     </span>
     <span class='ocr_line' id='line_1_16' title="bbox 656 1800 3269 1878; baseline -0.001 -16"><span class='ocrx_word' id='word_1_152' title='bbox 656 1805 773 1878; x_wconf 81' lang='lat' dir='ltr'><strong>fert</strong></span> <span class='ocrx_word' id='word_1_153' title='bbox 840 1806 908 1861; x_wconf 75' lang='lat' dir='ltr'><strong>ut</strong></span> <span class='ocrx_word' id='word_1_154' title='bbox 978 1805 1032 1861; x_wconf 79' lang='lat' dir='ltr'><strong>et</strong></span> <span class='ocrx_word' id='word_1_155' title='bbox 1101 1803 1176 1861; x_wconf 85' lang='lat' dir='ltr'><strong>ab</strong></span> <span class='ocrx_word' id='word_1_156' title='bbox 1247 1802 1732 1862; x_wconf 74' lang='lat' dir='ltr'><strong>orthotonamenis</strong></span> <span class='ocrx_word' id='word_1_157' title='bbox 1803 1801 2154 1861; x_wconf 69' lang='lat' dir='ltr'><strong>descendam</strong></span> <span class='ocrx_word' id='word_1_158' title='bbox 2214 1804 2269 1861; x_wconf 82' lang='lat' dir='ltr'><strong>et</strong></span> <span class='ocrx_word' id='word_1_159' title='bbox 2335 1817 2561 1873; x_wconf 80' lang='lat' dir='ltr'><strong>semper</strong></span> <span class='ocrx_word' id='word_1_160' title='bbox 2620 1802 2741 1860; x_wconf 76' lang='lat' dir='ltr'><strong>sint</strong></span> <span class='ocrx_word' id='word_1_161' title='bbox 2800 1800 3269 1859; x_wconf 61' lang='lat' dir='ltr'><strong>oratotommena</strong></span> 
     </span>
     <span class='ocr_line' id='line_1_17' title="bbox 661 1892 1144 1968; baseline -0.004 -17"><span class='ocrx_word' id='word_1_162' title='bbox 661 1893 765 1968; x_wconf 85' lang='lat'><strong>38,</strong></span> <span class='ocrx_word' id='word_1_163' title='bbox 785 1892 1068 1967; x_wconf 84' lang='lat'><strong>30—39,</strong></span> <span class='ocrx_word' id='word_1_164' title='bbox 1086 1892 1144 1949; x_wconf 87' lang='lat'><strong>4.</strong></span> 
     </span>
    </p>

    <p class='ocr_par' dir='ltr' id='par_1_6' title="bbox 660 1972 3264 2146">
     <span class='ocr_line' id='line_1_18' title="bbox 837 1972 3264 2056; baseline -0.002 -16"><span class='ocrx_word' id='word_1_165' title='bbox 837 1982 942 2056; x_wconf 84' lang='lat'><strong>39,</strong></span> <span class='ocrx_word' id='word_1_166' title='bbox 962 1981 1000 2040; x_wconf 83' lang='lat'><strong>3</strong></span> <span class='ocrx_word' id='word_1_167' title='bbox 1057 1976 1133 2040; x_wconf 87' lang='grc' dir='ltr'><strong>τὸ</strong></span> <span class='ocrx_word' id='word_1_168' title='bbox 1188 1974 1455 2041; x_wconf 86' lang='grc' dir='ltr'>πώποτε</span> <span class='ocrx_word' id='word_1_169' title='bbox 1501 1974 1872 2053; x_wconf 75' lang='grc' dir='ltr'>ἑεημειοῦτο</span> <span class='ocrx_word' id='word_1_170' title='bbox 1910 2004 1995 2027; x_wconf 96' lang='lat'>=</span> <span class='ocrx_word' id='word_1_171' title='bbox 2031 1995 2086 2039; x_wconf 89' lang='grc' dir='ltr'><strong>τ.</strong></span> <span class='ocrx_word' id='word_1_172' title='bbox 2132 1996 2196 2039; x_wconf 86' lang='grc' dir='ltr'><strong>π.</strong></span> <span class='ocrx_word' id='word_1_173' title='bbox 2257 1976 2643 2054; x_wconf 76' lang='grc' dir='ltr'><strong>(ημειοῦται,</strong></span> <span class='ocrx_word' id='word_1_174' title='bbox 2700 1974 2791 2038; x_wconf 78' lang='grc' dir='ltr'><strong>ὼε</strong></span> <span class='ocrx_word' id='word_1_175' title='bbox 2844 1972 3074 2050; x_wconf 83' lang='grc' dir='ltr'>ἔλεγον</span> <span class='ocrx_word' id='word_1_176' title='bbox 3119 1998 3173 2038; x_wconf 81' lang='lat' dir='ltr'><strong>v.</strong></span> <span class='ocrx_word' id='word_1_177' title='bbox 3220 1996 3264 2038; x_wconf 89' lang='lat' dir='ltr'><strong>s.</strong></span> 
     </span>
     <span class='ocr_line' id='line_1_19' title="bbox 660 2071 888 2146; baseline -0.009 -16"><span class='ocrx_word' id='word_1_178' title='bbox 660 2072 765 2146; x_wconf 86' lang='grc'><strong>36,</strong></span> <span class='ocrx_word' id='word_1_179' title='bbox 788 2071 888 2130; x_wconf 84' lang='lat'><strong>25.</strong></span> 
     </span>
    </p>

    <p class='ocr_par' dir='ltr' id='par_1_7' title="bbox 659 2152 3267 2327">
     <span class='ocr_line' id='line_1_20' title="bbox 838 2152 3267 2236; baseline -0.001 -18"><span class='ocrx_word' id='word_1_180' title='bbox 838 2160 943 2236; x_wconf 84' lang='lat'><strong>39,</strong></span> <span class='ocrx_word' id='word_1_181' title='bbox 962 2160 1002 2217; x_wconf 88' lang='grc'>4</span> <span class='ocrx_word' id='word_1_182' title='bbox 1050 2153 1115 2218; x_wconf 84' lang='grc' dir='ltr'><strong>αἱ</strong></span> <span class='ocrx_word' id='word_1_183' title='bbox 1160 2152 1450 2219; x_wconf 79' lang='grc' dir='ltr'>(ύνθετοι</span> <span class='ocrx_word' id='word_1_184' title='bbox 1496 2156 1831 2217; x_wconf 87' lang='lat' dir='ltr'><strong>addendum</strong></span> <span class='ocrx_word' id='word_1_185' title='bbox 1886 2175 2012 2218; x_wconf 88' lang='lat' dir='ltr'><strong>esse</strong></span> <span class='ocrx_word' id='word_1_186' title='bbox 2056 2176 2175 2218; x_wconf 95' lang='lat' dir='ltr'><strong>non</strong></span> <span class='ocrx_word' id='word_1_187' title='bbox 2230 2156 2404 2218; x_wconf 88' lang='lat' dir='ltr'><strong>credo</strong></span> <span class='ocrx_word' id='word_1_188' title='bbox 2448 2157 2749 2232; x_wconf 82' lang='lat' dir='ltr'><strong>Bekker03</strong></span> <span class='ocrx_word' id='word_1_189' title='bbox 2806 2155 2880 2217; x_wconf 90' lang='lat' dir='ltr'><strong>de</strong></span> <span class='ocrx_word' id='word_1_190' title='bbox 2925 2157 3267 2236; x_wconf 84' lang='lat' dir='ltr'><strong>compositis</strong></span> 
     </span>
     <span class='ocr_line' id='line_1_21' title="bbox 659 2246 1943 2327; baseline -0.002 -20"><span class='ocrx_word' id='word_1_191' title='bbox 659 2249 759 2327; x_wconf 80' lang='lat' dir='ltr'><strong>agi</strong></span> <span class='ocrx_word' id='word_1_192' title='bbox 805 2266 941 2307; x_wconf 90' lang='lat' dir='ltr'><strong>eum</strong></span> <span class='ocrx_word' id='word_1_193' title='bbox 986 2246 1091 2324; x_wconf 89' lang='lat' dir='ltr'><strong>qui</strong></span> <span class='ocrx_word' id='word_1_194' title='bbox 1135 2250 1364 2307; x_wconf 81' lang='lat' dir='ltr'><strong>attente</strong></span> <span class='ocrx_word' id='word_1_195' title='bbox 1408 2247 1560 2325; x_wconf 83' lang='lat' dir='ltr'><strong>legit</strong></span> <span class='ocrx_word' id='word_1_196' title='bbox 1602 2266 1723 2306; x_wconf 91' lang='lat' dir='ltr'><strong>non</strong></span> <span class='ocrx_word' id='word_1_197' title='bbox 1766 2248 1943 2325; x_wconf 80' lang='lat' dir='ltr'><strong>fug-it.</strong></span> 
     </span>
    </p>

    <p class='ocr_par' dir='ltr' id='par_1_8' title="bbox 660 2330 3269 2594">
     <span class='ocr_line' id='line_1_22' title="bbox 839 2330 3268 2414; baseline -0.001 -17"><span class='ocrx_word' id='word_1_198' title='bbox 839 2338 1001 2414; x_wconf 86' lang='grc'><strong>39,7</strong></span> <span class='ocrx_word' id='word_1_199' title='bbox 1060 2336 1183 2396; x_wconf 82' lang='lat' dir='ltr'><strong>Ska</strong></span> <span class='ocrx_word' id='word_1_200' title='bbox 1227 2336 1260 2395; x_wconf 96' lang='lat' dir='ltr'>I</span> <span class='ocrx_word' id='word_1_201' title='bbox 1299 2338 1379 2396; x_wconf 87' lang='lat'><strong>12</strong></span> <span class='ocrx_word' id='word_1_202' title='bbox 1446 2330 1634 2406; x_wconf 79' lang='lat' dir='ltr'><strong>‘Quae</strong></span> <span class='ocrx_word' id='word_1_203' title='bbox 1682 2337 2020 2412; x_wconf 85' lang='grc'><strong>39,7--11</strong></span> <span class='ocrx_word' id='word_1_204' title='bbox 2080 2335 2153 2395; x_wconf 90' lang='lat' dir='ltr'><strong>de</strong></span> <span class='ocrx_word' id='word_1_205' title='bbox 2212 2335 2380 2395; x_wconf 82' lang='lat' dir='ltr'><strong>duali</strong></span> <span class='ocrx_word' id='word_1_206' title='bbox 2439 2335 2718 2395; x_wconf 84' lang='lat' dir='ltr'><strong>dicuntur</strong></span> <span class='ocrx_word' id='word_1_207' title='bbox 2774 2354 3017 2412; x_wconf 88' lang='lat' dir='ltr'><strong>prorsus</strong></span> <span class='ocrx_word' id='word_1_208' title='bbox 3076 2336 3268 2394; x_wconf 83' lang='lat' dir='ltr'><strong>otiosa</strong></span> 
     </span>
     <span class='ocr_line' id='line_1_23' title="bbox 662 2423 3269 2503; baseline -0.002 -15"><span class='ocrx_word' id='word_1_209' title='bbox 662 2430 820 2503; x_wconf 89' lang='lat' dir='ltr'><strong>sunt,</strong></span> <span class='ocrx_word' id='word_1_210' title='bbox 865 2446 1000 2487; x_wconf 86' lang='lat' dir='ltr'><strong>cum</strong></span> <span class='ocrx_word' id='word_1_211' title='bbox 1043 2429 1174 2487; x_wconf 86' lang='lat' dir='ltr'><strong>tota</strong></span> <span class='ocrx_word' id='word_1_212' title='bbox 1218 2444 1313 2486; x_wconf 84' lang='lat' dir='ltr'><strong>res</strong></span> <span class='ocrx_word' id='word_1_213' title='bbox 1356 2426 1481 2485; x_wconf 89' lang='lat' dir='ltr'><strong>iam</strong></span> <span class='ocrx_word' id='word_1_214' title='bbox 1517 2444 1698 2503; x_wconf 90' lang='lat' dir='ltr'><strong>supra</strong></span> <span class='ocrx_word' id='word_1_215' title='bbox 1735 2426 1839 2501; x_wconf 85' lang='lat'><strong>38,</strong></span> <span class='ocrx_word' id='word_1_216' title='bbox 1861 2427 1899 2485; x_wconf 88' lang='grc'><strong>9</strong></span> <span class='ocrx_word' id='word_1_217' title='bbox 1948 2425 2224 2485; x_wconf 87' lang='lat' dir='ltr'><strong>absoluta</strong></span> <span class='ocrx_word' id='word_1_218' title='bbox 2262 2425 2357 2484; x_wconf 84' lang='lat' dir='ltr'><strong>sit.</strong></span> <span class='ocrx_word' id='word_1_219' title='bbox 2435 2424 2713 2485; x_wconf 80' lang='lat' dir='ltr'><strong>Fortasse</strong></span> <span class='ocrx_word' id='word_1_220' title='bbox 2734 2423 2827 2483; x_wconf 76' lang='lat' dir='ltr'><strong>ad</strong></span> <span class='ocrx_word' id='word_1_221' title='bbox 2862 2424 3037 2483; x_wconf 89' lang='lat' dir='ltr'><strong>illum</strong></span> <span class='ocrx_word' id='word_1_222' title='bbox 3072 2425 3269 2484; x_wconf 90' lang='lat' dir='ltr'><strong>locum</strong></span> 
     </span>
     <span class='ocr_line' id='line_1_24' title="bbox 660 2508 2825 2594; baseline -0.001 -18"><span class='ocrx_word' id='word_1_223' title='bbox 660 2536 732 2576; x_wconf 84' lang='lat' dir='ltr'><strong>ex</strong></span> <span class='ocrx_word' id='word_1_224' title='bbox 776 2516 929 2576; x_wconf 89' lang='lat' dir='ltr'><strong>libro</strong></span> <span class='ocrx_word' id='word_1_225' title='bbox 976 2516 1128 2576; x_wconf 88' lang='lat' dir='ltr'><strong>alius</strong></span> <span class='ocrx_word' id='word_1_226' title='bbox 1173 2514 1552 2594; x_wconf 76' lang='lat' dir='ltr'><strong>grammatici</strong></span> <span class='ocrx_word' id='word_1_227' title='bbox 1596 2514 1897 2592; x_wconf 86' lang='lat' dir='ltr'><strong>adscripta</strong></span> <span class='ocrx_word' id='word_1_228' title='bbox 1940 2517 2160 2574; x_wconf 86' lang='lat' dir='ltr'><strong>temere</strong></span> <span class='ocrx_word' id='word_1_229' title='bbox 2204 2513 2320 2573; x_wconf 90' lang='lat' dir='ltr'><strong>huc</strong></span> <span class='ocrx_word' id='word_1_230' title='bbox 2364 2518 2505 2574; x_wconf 88' lang='lat' dir='ltr'><strong>sunt</strong></span> <span class='ocrx_word' id='word_1_231' title='bbox 2546 2508 2825 2574; x_wconf 68' lang='lat' dir='ltr'><strong>invecta’</strong></span> 
     </span>
    </p>

    <p class='ocr_par' dir='ltr' id='par_1_9' title="bbox 660 2598 3267 2773">
     <span class='ocr_line' id='line_1_25' title="bbox 836 2598 3267 2680; baseline -0.001 -14"><span class='ocrx_word' id='word_1_232' title='bbox 836 2605 1076 2680; x_wconf 78' lang='lat' dir='ltr'><strong>Semper</strong></span> <span class='ocrx_word' id='word_1_233' title='bbox 1116 2607 1481 2666; x_wconf 52' lang='lat' dir='ltr'><strong>inclinantur</strong></span> <span class='ocrx_word' id='word_1_234' title='bbox 1524 2605 1729 2665; x_wconf 75' lang='lat' dir='ltr'><strong>duales</strong></span> <span class='ocrx_word' id='word_1_235' title='bbox 1774 2606 1975 2665; x_wconf 80' lang='lat' dir='ltr'><strong>tertiae</strong></span> <span class='ocrx_word' id='word_1_236' title='bbox 2007 2620 2326 2680; x_wconf 77' lang='lat' dir='ltr'><strong>personae,</strong></span> <span class='ocrx_word' id='word_1_237' title='bbox 2369 2607 2680 2678; x_wconf 81' lang='lat' dir='ltr'><strong>praeterea</strong></span> <span class='ocrx_word' id='word_1_238' title='bbox 2725 2599 2855 2678; x_wconf 86' lang='grc' dir='ltr'><strong>μίν,</strong></span> <span class='ocrx_word' id='word_1_239' title='bbox 2902 2599 3081 2679; x_wconf 68' lang='lat' dir='ltr'><strong>cmiv,</strong></span> <span class='ocrx_word' id='word_1_240' title='bbox 3128 2598 3267 2679; x_wconf 77' lang='grc' dir='ltr'><strong>(φέ,</strong></span> 
     </span>
     <span class='ocr_line' id='line_1_26' title="bbox 660 2690 1213 2773; baseline -0.007 -16"><span class='ocrx_word' id='word_1_241' title='bbox 660 2690 761 2757; x_wconf 82' lang='grc' dir='ltr'><strong>τοί</strong></span> <span class='ocrx_word' id='word_1_242' title='bbox 809 2696 1213 2773; x_wconf 83' lang='lat'><strong>39,13-14.</strong></span> 
     </span>
    </p>

    <p class='ocr_par' dir='ltr' id='par_1_10' title="bbox 841 2784 2025 2861">
     <span class='ocr_line' id='line_1_27' title="bbox 841 2784 2025 2861; baseline -0.003 -15"><span class='ocrx_word' id='word_1_243' title='bbox 841 2787 1050 2861; x_wconf 82' lang='lat'>39‚12</span> <span class='ocrx_word' id='word_1_244' title='bbox 1098 2784 1171 2844; x_wconf 90' lang='lat' dir='ltr'><strong>cf.</strong></span> <span class='ocrx_word' id='word_1_245' title='bbox 1220 2788 1375 2861; x_wconf 81' lang='lat' dir='ltr'><strong>synt.</strong></span> <span class='ocrx_word' id='word_1_246' title='bbox 1428 2785 1574 2860; x_wconf 84' lang='lat'>134,</span> <span class='ocrx_word' id='word_1_247' title='bbox 1595 2786 1708 2859; x_wconf 79' lang='lat'><strong>203</strong></span> <span class='ocrx_word' id='word_1_248' title='bbox 1757 2785 1903 2860; x_wconf 87' lang='grc'><strong>181,</strong></span> <span class='ocrx_word' id='word_1_249' title='bbox 1926 2786 2025 2843; x_wconf 83' lang='grc'><strong>27.</strong></span> 
     </span>
    </p>

    <p class='ocr_par' dir='ltr' id='par_1_11' title="bbox 840 2874 2291 2951">
     <span class='ocr_line' id='line_1_28' title="bbox 840 2874 2291 2951; baseline -0.003 -17"><span class='ocrx_word' id='word_1_250' title='bbox 840 2875 1048 2950; x_wconf 85' lang='lat'>39,13</span> <span class='ocrx_word' id='word_1_251' title='bbox 1097 2874 1170 2933; x_wconf 87' lang='lat' dir='ltr'><strong>cf.</strong></span> <span class='ocrx_word' id='word_1_252' title='bbox 1218 2877 1373 2951; x_wconf 76' lang='lat' dir='ltr'><strong>synt.</strong></span> <span class='ocrx_word' id='word_1_253' title='bbox 1426 2875 1705 2949; x_wconf 83' lang='lat'>131‚14;</span> <span class='ocrx_word' id='word_1_254' title='bbox 1749 2892 1916 2949; x_wconf 91' lang='lat' dir='ltr'><strong>pron.</strong></span> <span class='ocrx_word' id='word_1_255' title='bbox 1968 2874 2176 2948; x_wconf 83' lang='lat'><strong>83‚27</strong></span> <span class='ocrx_word' id='word_1_256' title='bbox 2205 2891 2291 2949; x_wconf 91' lang='lat' dir='ltr'><strong>sq.</strong></span> 
     </span>
    </p>

    <p class='ocr_par' dir='ltr' id='par_1_12' title="bbox 651 2962 3274 3486">
     <span class='ocr_line' id='line_1_29' title="bbox 847 2962 3271 3037; baseline -0.001 -14"><span class='ocrx_word' id='word_1_257' title='bbox 847 2962 1052 3023; x_wconf 82' lang='lat' dir='ltr'><strong>Cetera</strong></span> <span class='ocrx_word' id='word_1_258' title='bbox 1094 2964 1262 3023; x_wconf 83' lang='lat' dir='ltr'><strong>modo</strong></span> <span class='ocrx_word' id='word_1_259' title='bbox 1304 2966 1456 3023; x_wconf 80' lang='lat' dir='ltr'><strong>recto</strong></span> <span class='ocrx_word' id='word_1_260' title='bbox 1501 2967 1693 3022; x_wconf 82' lang='lat' dir='ltr'><strong>tenore</strong></span> <span class='ocrx_word' id='word_1_261' title='bbox 1716 2964 2108 3037; x_wconf 77' lang='lat' dir='ltr'><strong>proferantur</strong></span> <span class='ocrx_word' id='word_1_262' title='bbox 2140 2964 2309 3021; x_wconf 83' lang='lat' dir='ltr'><strong>modo</strong></span> <span class='ocrx_word' id='word_1_263' title='bbox 2343 2962 2720 3022; x_wconf 65' lang='lat' dir='ltr'><strong>melmanmr.</strong></span> <span class='ocrx_word' id='word_1_264' title='bbox 2793 2962 3037 3021; x_wconf 79' lang='lat' dir='ltr'><strong>Rectwm</strong></span> <span class='ocrx_word' id='word_1_265' title='bbox 3073 2965 3271 3021; x_wconf 69' lang='lat' dir='ltr'><strong>tomam</strong></span> 
     </span>
     <span class='ocr_line' id='line_1_30' title="bbox 652 3051 3272 3131; baseline -0.002 -18"><span class='ocrx_word' id='word_1_266' title='bbox 652 3054 999 3129; x_wconf 74' lang='lat' dir='ltr'><strong>plerumque</strong></span> <span class='ocrx_word' id='word_1_267' title='bbox 1031 3055 1275 3127; x_wconf 79' lang='lat' dir='ltr'><strong>propter</strong></span> <span class='ocrx_word' id='word_1_268' title='bbox 1316 3070 1553 3112; x_wconf 79' lang='lat' dir='ltr'><strong>sensum</strong></span> <span class='ocrx_word' id='word_1_269' title='bbox 1596 3056 1928 3131; x_wconf 70' lang='lat' dir='ltr'><strong>assumam,</strong></span> <span class='ocrx_word' id='word_1_270' title='bbox 1993 3056 2077 3112; x_wconf 80' lang='lat' dir='ltr'><strong>est</strong></span> <span class='ocrx_word' id='word_1_271' title='bbox 2117 3053 2219 3112; x_wconf 77' lang='lat' dir='ltr'><strong>ubi</strong></span> <span class='ocrx_word' id='word_1_272' title='bbox 2241 3053 2605 3112; x_wconf 55' lang='lat' dir='ltr'><strong>censam-tio</strong></span> <span class='ocrx_word' id='word_1_273' title='bbox 2648 3051 2738 3111; x_wconf 85' lang='lat' dir='ltr'><strong>vel</strong></span> <span class='ocrx_word' id='word_1_274' title='bbox 2781 3051 2939 3111; x_wconf 80' lang='lat' dir='ltr'><strong>locus</strong></span> <span class='ocrx_word' id='word_1_275' title='bbox 2985 3070 3160 3127; x_wconf 87' lang='lat' dir='ltr'><strong>quem</strong></span> <span class='ocrx_word' id='word_1_276' title='bbox 3205 3051 3272 3109; x_wconf 91' lang='lat' dir='ltr'><strong>in</strong></span> 
     </span>
     <span class='ocr_line' id='line_1_31' title="bbox 662 3141 3273 3218; baseline -0.001 -16"><span class='ocrx_word' id='word_1_277' title='bbox 662 3142 972 3202; x_wconf 83' lang='lat' dir='ltr'><strong>enuntiato</strong></span> <span class='ocrx_word' id='word_1_278' title='bbox 1039 3143 1334 3218; x_wconf 88' lang='lat' dir='ltr'><strong>occupant</strong></span> <span class='ocrx_word' id='word_1_279' title='bbox 1393 3142 1485 3201; x_wconf 79' lang='lat' dir='ltr'><strong>vel</strong></span> <span class='ocrx_word' id='word_1_280' title='bbox 1547 3143 1778 3201; x_wconf 76' lang='lat' dir='ltr'><strong>lieentia</strong></span> <span class='ocrx_word' id='word_1_281' title='bbox 1832 3143 2066 3215; x_wconf 75' lang='lat' dir='ltr'><strong>poetica</strong></span> <span class='ocrx_word' id='word_1_282' title='bbox 2123 3158 2306 3200; x_wconf 78' lang='lat' dir='ltr'><strong>causa</strong></span> <span class='ocrx_word' id='word_1_283' title='bbox 2362 3143 2454 3201; x_wconf 77' lang='lat' dir='ltr'><strong>sit.</strong></span> <span class='ocrx_word' id='word_1_284' title='bbox 2556 3141 2675 3202; x_wconf 81' lang='lat' dir='ltr'><strong>Ubi</strong></span> <span class='ocrx_word' id='word_1_285' title='bbox 2732 3157 2917 3200; x_wconf 79' lang='lat' dir='ltr'><strong>caasa</strong></span> <span class='ocrx_word' id='word_1_286' title='bbox 2970 3142 3039 3200; x_wconf 76' lang='lat' dir='ltr'><strong>in</strong></span> <span class='ocrx_word' id='word_1_287' title='bbox 3094 3158 3273 3200; x_wconf 78' lang='lat' dir='ltr'><strong>sensu</strong></span> 
     </span>
     <span class='ocr_line' id='line_1_32' title="bbox 651 3230 3274 3306; baseline -0.001 -15"><span class='ocrx_word' id='word_1_288' title='bbox 651 3233 855 3306; x_wconf 76' lang='lat' dir='ltr'><strong>posita</strong></span> <span class='ocrx_word' id='word_1_289' title='bbox 908 3233 1016 3301; x_wconf 80' lang='lat' dir='ltr'><strong>est,</strong></span> <span class='ocrx_word' id='word_1_290' title='bbox 1077 3232 1132 3290; x_wconf 81' lang='lat' dir='ltr'><strong>is</strong></span> <span class='ocrx_word' id='word_1_291' title='bbox 1185 3234 1292 3290; x_wconf 74' lang='lat' dir='ltr'><strong>aut</strong></span> <span class='ocrx_word' id='word_1_292' title='bbox 1339 3232 1426 3290; x_wconf 80' lang='lat' dir='ltr'><strong>ita</strong></span> <span class='ocrx_word' id='word_1_293' title='bbox 1480 3234 1850 3305; x_wconf 75' lang='lat' dir='ltr'><strong>comparatus</strong></span> <span class='ocrx_word' id='word_1_294' title='bbox 1914 3233 1998 3291; x_wconf 82' lang='lat' dir='ltr'><strong>est</strong></span> <span class='ocrx_word' id='word_1_295' title='bbox 2046 3234 2115 3289; x_wconf 77' lang='lat' dir='ltr'><strong>ut</strong></span> <span class='ocrx_word' id='word_1_296' title='bbox 2165 3230 2246 3289; x_wconf 82' lang='lat' dir='ltr'><strong>ad</strong></span> <span class='ocrx_word' id='word_1_297' title='bbox 2309 3230 2493 3289; x_wconf 74' lang='lat' dir='ltr'><strong>aliam</strong></span> <span class='ocrx_word' id='word_1_298' title='bbox 2541 3246 2862 3304; x_wconf 77' lang='lat' dir='ltr'><strong>personam</strong></span> <span class='ocrx_word' id='word_1_299' title='bbox 2921 3231 3274 3304; x_wconf 75' lang='lat' dir='ltr'><strong>respiciatur</strong></span> 
     </span>
     <span class='ocr_line' id='line_1_33' title="bbox 663 3313 3265 3398; baseline -0.001 -17"><span class='ocrx_word' id='word_1_300' title='bbox 663 3316 857 3398; x_wconf 74' lang='grc' dir='ltr'>(πρός</span> <span class='ocrx_word' id='word_1_301' title='bbox 899 3315 1006 3397; x_wconf 85' lang='grc' dir='ltr'><strong>τι),</strong></span> <span class='ocrx_word' id='word_1_302' title='bbox 1068 3322 1174 3380; x_wconf 77' lang='lat' dir='ltr'><strong>aut</strong></span> <span class='ocrx_word' id='word_1_303' title='bbox 1215 3321 1302 3379; x_wconf 78' lang='lat' dir='ltr'><strong>ita</strong></span> <span class='ocrx_word' id='word_1_304' title='bbox 1343 3323 1411 3379; x_wconf 78' lang='lat' dir='ltr'><strong>ut</strong></span> <span class='ocrx_word' id='word_1_305' title='bbox 1452 3321 1640 3379; x_wconf 82' lang='lat' dir='ltr'><strong>altera</strong></span> <span class='ocrx_word' id='word_1_306' title='bbox 1683 3323 2012 3395; x_wconf 68' lang='lat' dir='ltr'><strong>opponatur</strong></span> <span class='ocrx_word' id='word_1_307' title='bbox 2055 3321 2226 3379; x_wconf 65' lang='lat' dir='ltr'><strong>alim</strong></span> <span class='ocrx_word' id='word_1_308' title='bbox 2271 3313 2923 3397; x_wconf 76' lang='grc' dir='ltr'>(ἀντιδιαεταλτικῶε)</span> <span class='ocrx_word' id='word_1_309' title='bbox 2972 3320 3076 3394; x_wconf 86' lang='grc'><strong>39,</strong></span> <span class='ocrx_word' id='word_1_310' title='bbox 3098 3320 3265 3378; x_wconf 88' lang='grc'><strong>14-</strong></span> 
     </span>
     <span class='ocr_line' id='line_1_34' title="bbox 665 3407 1897 3486; baseline -0.001 -18"><span class='ocrx_word' id='word_1_311' title='bbox 665 3411 892 3485; x_wconf 85' lang='lat' dir='ltr'><strong>4o,14.</strong></span> <span class='ocrx_word' id='word_1_312' title='bbox 985 3407 1072 3468; x_wconf 81' lang='lat' dir='ltr'><strong>cf.</strong></span> <span class='ocrx_word' id='word_1_313' title='bbox 1119 3410 1274 3486; x_wconf 76' lang='lat' dir='ltr'><strong>synt.</strong></span> <span class='ocrx_word' id='word_1_314' title='bbox 1327 3410 1897 3485; x_wconf 81' lang='lat'><strong>121,9—134,12.</strong></span> 
     </span>
    </p>

    <p class='ocr_par' dir='ltr' id='par_1_13' title="bbox 663 3488 3270 3753">
     <span class='ocr_line' id='line_1_35' title="bbox 840 3488 3269 3579; baseline -0.001 -21"><span class='ocrx_word' id='word_1_315' title='bbox 840 3497 972 3558; x_wconf 89' lang='lat' dir='ltr'><strong>Hoc</strong></span> <span class='ocrx_word' id='word_1_316' title='bbox 1033 3497 1237 3558; x_wconf 88' lang='lat' dir='ltr'><strong>ordine</strong></span> <span class='ocrx_word' id='word_1_317' title='bbox 1297 3501 1593 3559; x_wconf 85' lang='lat' dir='ltr'><strong>tractatur</strong></span> <span class='ocrx_word' id='word_1_318' title='bbox 1664 3490 1729 3579; x_wconf 88' lang='lat' dir='ltr'><strong>a)</strong></span> <span class='ocrx_word' id='word_1_319' title='bbox 1785 3497 1858 3557; x_wconf 91' lang='lat' dir='ltr'><strong>de</strong></span> <span class='ocrx_word' id='word_1_320' title='bbox 1914 3497 2350 3557; x_wconf 85' lang='lat' dir='ltr'><strong>constructione</strong></span> <span class='ocrx_word' id='word_1_321' title='bbox 2406 3499 2510 3574; x_wconf 87' lang='lat'><strong>39,</strong></span> <span class='ocrx_word' id='word_1_322' title='bbox 2532 3499 2819 3574; x_wconf 81' lang='lat'>17—193</span> <span class='ocrx_word' id='word_1_323' title='bbox 2889 3488 2958 3579; x_wconf 85' lang='lat' dir='ltr'><strong>b)</strong></span> <span class='ocrx_word' id='word_1_324' title='bbox 3013 3496 3086 3557; x_wconf 91' lang='lat' dir='ltr'><strong>de</strong></span> <span class='ocrx_word' id='word_1_325' title='bbox 3138 3497 3269 3556; x_wconf 91' lang='lat' dir='ltr'><strong>loco</strong></span> 
     </span>
     <span class='ocr_line' id='line_1_36' title="bbox 665 3578 3270 3669; baseline -0.001 -21"><span class='ocrx_word' id='word_1_326' title='bbox 665 3588 1085 3664; x_wconf 80' lang='lat'>39‚19—25;</span> <span class='ocrx_word' id='word_1_327' title='bbox 1145 3579 1207 3669; x_wconf 91' lang='lat' dir='ltr'><strong>c)</strong></span> <span class='ocrx_word' id='word_1_328' title='bbox 1262 3586 1335 3647; x_wconf 90' lang='lat' dir='ltr'><strong>de</strong></span> <span class='ocrx_word' id='word_1_329' title='bbox 1387 3589 1624 3666; x_wconf 87' lang='lat' dir='ltr'><strong>poetica</strong></span> <span class='ocrx_word' id='word_1_330' title='bbox 1677 3587 1923 3647; x_wconf 87' lang='lat' dir='ltr'><strong>licentia</strong></span> <span class='ocrx_word' id='word_1_331' title='bbox 1973 3588 2078 3663; x_wconf 85' lang='lat'><strong>39,</strong></span> <span class='ocrx_word' id='word_1_332' title='bbox 2099 3588 2489 3663; x_wconf 81' lang='lat'>25-40‚2;</span> <span class='ocrx_word' id='word_1_333' title='bbox 2552 3578 2620 3667; x_wconf 83' lang='lat' dir='ltr'><strong>d)</strong></span> <span class='ocrx_word' id='word_1_334' title='bbox 2666 3587 2740 3647; x_wconf 91' lang='lat' dir='ltr'><strong>de</strong></span> <span class='ocrx_word' id='word_1_335' title='bbox 2788 3587 2852 3647; x_wconf 79' lang='lat' dir='ltr'><strong>vi</strong></span> <span class='ocrx_word' id='word_1_336' title='bbox 2908 3604 2976 3646; x_wconf 87' lang='lat' dir='ltr'><strong>ac</strong></span> <span class='ocrx_word' id='word_1_337' title='bbox 3027 3586 3270 3645; x_wconf 86' lang='lat' dir='ltr'><strong>notione</strong></span> 
     </span>
     <span class='ocr_line' id='line_1_37' title="bbox 663 3678 1023 3753; baseline -0.008 -15"><span class='ocrx_word' id='word_1_338' title='bbox 663 3678 769 3753; x_wconf 84' lang='lat'><strong>40,</strong></span> <span class='ocrx_word' id='word_1_339' title='bbox 790 3679 1023 3737; x_wconf 85' lang='lat'><strong>2—14.</strong></span> 
     </span>
    </p>

    <p class='ocr_par' dir='ltr' id='par_1_14' title="bbox 841 3758 3269 3848">
     <span class='ocr_line' id='line_1_38' title="bbox 841 3758 3269 3848; baseline -0.002 -21"><span class='ocrx_word' id='word_1_340' title='bbox 841 3758 905 3848; x_wconf 95' lang='lat' dir='ltr'><strong>a)</strong></span> <span class='ocrx_word' id='word_1_341' title='bbox 953 3766 1315 3828; x_wconf 80' lang='lat' dir='ltr'><strong>Encliticum</strong></span> <span class='ocrx_word' id='word_1_342' title='bbox 1359 3767 1519 3844; x_wconf 88' lang='lat' dir='ltr'><strong>quod</strong></span> <span class='ocrx_word' id='word_1_343' title='bbox 1563 3765 1836 3843; x_wconf 84' lang='lat' dir='ltr'><strong>sequitur</strong></span> <span class='ocrx_word' id='word_1_344' title='bbox 1876 3784 2051 3826; x_wconf 90' lang='lat' dir='ltr'><strong>suum</strong></span> <span class='ocrx_word' id='word_1_345' title='bbox 2095 3768 2404 3826; x_wconf 87' lang='lat' dir='ltr'><strong>accentum</strong></span> <span class='ocrx_word' id='word_1_346' title='bbox 2444 3765 2618 3826; x_wconf 85' lang='lat' dir='ltr'><strong>reicit</strong></span> <span class='ocrx_word' id='word_1_347' title='bbox 2651 3764 2716 3825; x_wconf 89' lang='lat' dir='ltr'><strong>in</strong></span> <span class='ocrx_word' id='word_1_348' title='bbox 2750 3783 3075 3842; x_wconf 90' lang='lat' dir='ltr'><strong>pronomen</strong></span> <span class='ocrx_word' id='word_1_349' title='bbox 3110 3764 3269 3840; x_wconf 86' lang='lat' dir='ltr'><strong>quod</strong></span> 
     </span>
    </p>

    <p class='ocr_par' dir='ltr' id='par_1_15' title="bbox 663 3937 3272 4740">
     <span class='ocr_line' id='line_1_39' title="bbox 839 3937 3271 4027; baseline -0.001 -23"><span class='ocrx_word' id='word_1_350' title='bbox 839 3937 907 4027; x_wconf 92' lang='lat' dir='ltr'><strong>b)</strong></span> <span class='ocrx_word' id='word_1_351' title='bbox 954 3944 1286 4007; x_wconf 90' lang='lat' dir='ltr'><strong>Pronomen</strong></span> <span class='ocrx_word' id='word_1_352' title='bbox 1328 3947 1490 4006; x_wconf 88' lang='lat' dir='ltr'><strong>recto</strong></span> <span class='ocrx_word' id='word_1_353' title='bbox 1535 3947 1679 4005; x_wconf 86' lang='lat' dir='ltr'><strong>tono</strong></span> <span class='ocrx_word' id='word_1_354' title='bbox 1733 3945 2052 4022; x_wconf 86' lang='lat' dir='ltr'><strong>profertur,</strong></span> <span class='ocrx_word' id='word_1_355' title='bbox 2108 3944 2266 4022; x_wconf 91' lang='lat' dir='ltr'><strong>quod</strong></span> <span class='ocrx_word' id='word_1_356' title='bbox 2318 3944 2383 4004; x_wconf 90' lang='lat' dir='ltr'><strong>in</strong></span> <span class='ocrx_word' id='word_1_357' title='bbox 2436 3944 2610 4005; x_wconf 82' lang='lat' dir='ltr'><strong>initio</strong></span> <span class='ocrx_word' id='word_1_358' title='bbox 2665 3944 2961 4005; x_wconf 86' lang='lat' dir='ltr'><strong>enuntiati</strong></span> <span class='ocrx_word' id='word_1_359' title='bbox 3004 3944 3271 4021; x_wconf 84' lang='lat' dir='ltr'><strong>positum</strong></span> 
     </span>
     <span class='ocr_line' id='line_1_40' title="bbox 665 4033 3269 4112; baseline -0.002 -16"><span class='ocrx_word' id='word_1_360' title='bbox 665 4038 758 4096; x_wconf 87' lang='lat' dir='ltr'><strong>est</strong></span> <span class='ocrx_word' id='word_1_361' title='bbox 801 4035 874 4094; x_wconf 88' lang='lat' dir='ltr'><strong>cf.</strong></span> <span class='ocrx_word' id='word_1_362' title='bbox 921 4036 1076 4111; x_wconf 79' lang='lat' dir='ltr'><strong>synt.</strong></span> <span class='ocrx_word' id='word_1_363' title='bbox 1127 4036 1407 4111; x_wconf 80' lang='lat'><strong>129,21;</strong></span> <span class='ocrx_word' id='word_1_364' title='bbox 1450 4033 1591 4093; x_wconf 88' lang='lat' dir='ltr'><strong>Her.</strong></span> <span class='ocrx_word' id='word_1_365' title='bbox 1627 4033 1660 4093; x_wconf 96' lang='lat' dir='ltr'>I</span> <span class='ocrx_word' id='word_1_366' title='bbox 1699 4034 1846 4112; x_wconf 86' lang='grc'><strong>560,</strong></span> <span class='ocrx_word' id='word_1_367' title='bbox 1867 4035 1923 4094; x_wconf 86' lang='grc'><strong>5.</strong></span> <span class='ocrx_word' id='word_1_368' title='bbox 2014 4034 2186 4095; x_wconf 89' lang='lat' dir='ltr'><strong>Hanc</strong></span> <span class='ocrx_word' id='word_1_369' title='bbox 2240 4052 2479 4095; x_wconf 83' lang='lat' dir='ltr'><strong>causam</strong></span> <span class='ocrx_word' id='word_1_370' title='bbox 2534 4052 2685 4110; x_wconf 88' lang='lat' dir='ltr'><strong>quae</strong></span> <span class='ocrx_word' id='word_1_371' title='bbox 2746 4034 2820 4094; x_wconf 88' lang='lat' dir='ltr'><strong>ab</strong></span> <span class='ocrx_word' id='word_1_372' title='bbox 2866 4033 3040 4094; x_wconf 88' lang='lat' dir='ltr'><strong>initio</strong></span> <span class='ocrx_word' id='word_1_373' title='bbox 3086 4052 3269 4093; x_wconf 89' lang='lat' dir='ltr'><strong>enun-</strong></span> 
     </span>
     <span class='ocr_line' id='line_1_41' title="bbox 664 4122 3270 4202; baseline -0 -19"><span class='ocrx_word' id='word_1_374' title='bbox 664 4124 804 4183; x_wconf 89' lang='lat' dir='ltr'><strong>tiati</strong></span> <span class='ocrx_word' id='word_1_375' title='bbox 849 4124 1087 4184; x_wconf 84' lang='lat' dir='ltr'><strong>ducitur</strong></span> <span class='ocrx_word' id='word_1_376' title='bbox 1131 4124 1402 4202; x_wconf 83' lang='lat' dir='ltr'><strong>agnoscit</strong></span> <span class='ocrx_word' id='word_1_377' title='bbox 1445 4122 1632 4183; x_wconf 89' lang='lat' dir='ltr'><strong>Lehrs</strong></span> <span class='ocrx_word' id='word_1_378' title='bbox 1678 4142 1731 4200; x_wconf 90' lang='lat' dir='ltr'><strong>q.</strong></span> <span class='ocrx_word' id='word_1_379' title='bbox 1771 4143 1819 4183; x_wconf 90' lang='lat' dir='ltr'><strong>e.</strong></span> <span class='ocrx_word' id='word_1_380' title='bbox 1862 4125 1987 4185; x_wconf 86' lang='lat'><strong>108</strong></span> <span class='ocrx_word' id='word_1_381' title='bbox 2005 4168 2022 4199; x_wconf 89' lang='lat'>,</span> <span class='ocrx_word' id='word_1_382' title='bbox 2065 4143 2188 4185; x_wconf 94' lang='lat' dir='ltr'><strong>non</strong></span> <span class='ocrx_word' id='word_1_383' title='bbox 2230 4123 2502 4202; x_wconf 86' lang='lat' dir='ltr'><strong>agnoscit</strong></span> <span class='ocrx_word' id='word_1_384' title='bbox 2549 4122 2737 4183; x_wconf 84' lang='lat' dir='ltr'><strong>Cauer</strong></span> <span class='ocrx_word' id='word_1_385' title='bbox 2779 4122 2844 4182; x_wconf 89' lang='lat' dir='ltr'><strong>in</strong></span> <span class='ocrx_word' id='word_1_386' title='bbox 2892 4122 3052 4183; x_wconf 84' lang='lat' dir='ltr'><strong>Gurt.</strong></span> <span class='ocrx_word' id='word_1_387' title='bbox 3102 4122 3270 4183; x_wconf 83' lang='lat' dir='ltr'><strong>Stud.</strong></span> 
     </span>
     <span class='ocr_line' id='line_1_42' title="bbox 663 4212 3271 4292; baseline 0 -20"><span class='ocrx_word' id='word_1_388' title='bbox 663 4213 785 4272; x_wconf 82' lang='lat' dir='ltr'><strong>VH</strong></span> <span class='ocrx_word' id='word_1_389' title='bbox 825 4215 968 4274; x_wconf 84' lang='grc'><strong>129.</strong></span> <span class='ocrx_word' id='word_1_390' title='bbox 1057 4212 1414 4273; x_wconf 84' lang='lat' dir='ltr'><strong>Accuratius</strong></span> <span class='ocrx_word' id='word_1_391' title='bbox 1459 4212 1534 4272; x_wconf 86' lang='lat' dir='ltr'><strong>de</strong></span> <span class='ocrx_word' id='word_1_392' title='bbox 1577 4212 1690 4272; x_wconf 89' lang='lat' dir='ltr'><strong>hac</strong></span> <span class='ocrx_word' id='word_1_393' title='bbox 1734 4232 1799 4273; x_wconf 90' lang='lat' dir='ltr'><strong>re</strong></span> <span class='ocrx_word' id='word_1_394' title='bbox 1843 4213 2118 4292; x_wconf 86' lang='lat' dir='ltr'><strong>disputat</strong></span> <span class='ocrx_word' id='word_1_395' title='bbox 2155 4213 2269 4291; x_wconf 89' lang='lat' dir='ltr'><strong>Ap.</strong></span> <span class='ocrx_word' id='word_1_396' title='bbox 2317 4216 2471 4290; x_wconf 79' lang='lat' dir='ltr'><strong>synt.</strong></span> <span class='ocrx_word' id='word_1_397' title='bbox 2515 4214 2763 4287; x_wconf 81' lang='grc'><strong>129,16</strong></span> <span class='ocrx_word' id='word_1_398' title='bbox 2794 4231 2899 4289; x_wconf 89' lang='lat' dir='ltr'><strong>sq.‚</strong></span> <span class='ocrx_word' id='word_1_399' title='bbox 2945 4212 3144 4273; x_wconf 90' lang='lat' dir='ltr'><strong>dicens</strong></span> <span class='ocrx_word' id='word_1_400' title='bbox 3198 4230 3271 4272; x_wconf 90' lang='lat' dir='ltr'><strong>ea</strong></span> 
     </span>
     <span class='ocr_line' id='line_1_43' title="bbox 665 4301 3272 4383; baseline -0.001 -20"><span class='ocrx_word' id='word_1_401' title='bbox 665 4302 1019 4383; x_wconf 87' lang='lat' dir='ltr'><strong>pronomina</strong></span> <span class='ocrx_word' id='word_1_402' title='bbox 1066 4321 1218 4380; x_wconf 85' lang='lat' dir='ltr'><strong>quae</strong></span> <span class='ocrx_word' id='word_1_403' title='bbox 1264 4302 1446 4381; x_wconf 83' lang='lat' dir='ltr'><strong>vulgo</strong></span> <span class='ocrx_word' id='word_1_404' title='bbox 1499 4304 1963 4379; x_wconf 85' lang='lat' dir='ltr'><strong>postponuntur,</strong></span> <span class='ocrx_word' id='word_1_405' title='bbox 2018 4303 2126 4363; x_wconf 88' lang='lat' dir='ltr'><strong>ubi</strong></span> <span class='ocrx_word' id='word_1_406' title='bbox 2177 4304 2243 4362; x_wconf 89' lang='lat' dir='ltr'><strong>in</strong></span> <span class='ocrx_word' id='word_1_407' title='bbox 2294 4303 2470 4362; x_wconf 88' lang='lat' dir='ltr'><strong>initio</strong></span> <span class='ocrx_word' id='word_1_408' title='bbox 2516 4304 2846 4363; x_wconf 82' lang='lat' dir='ltr'><strong>sententiae</strong></span> <span class='ocrx_word' id='word_1_409' title='bbox 2890 4301 3272 4377; x_wconf 87' lang='lat' dir='ltr'><strong>collocentur,</strong></span> 
     </span>
     <span class='ocr_line' id='line_1_44' title="bbox 665 4383 3271 4475; baseline -0.001 -24"><span class='ocrx_word' id='word_1_410' title='bbox 665 4392 972 4469; x_wconf 77' lang='lat' dir='ltr'><strong>propriam</strong></span> <span class='ocrx_word' id='word_1_411' title='bbox 1013 4392 1268 4452; x_wconf 84' lang='lat' dir='ltr'><strong>formam</strong></span> <span class='ocrx_word' id='word_1_412' title='bbox 1313 4391 1541 4453; x_wconf 88' lang='lat' dir='ltr'><strong>abicere</strong></span> <span class='ocrx_word' id='word_1_413' title='bbox 1587 4383 1688 4473; x_wconf 86' lang='lat' dir='ltr'><strong>(ex</strong></span> <span class='ocrx_word' id='word_1_414' title='bbox 1733 4407 1809 4467; x_wconf 87' lang='grc' dir='ltr'><strong>με</strong></span> <span class='ocrx_word' id='word_1_415' title='bbox 1852 4391 1982 4452; x_wconf 86' lang='lat' dir='ltr'><strong>fieri</strong></span> <span class='ocrx_word' id='word_1_416' title='bbox 2027 4384 2187 4475; x_wconf 81' lang='grc' dir='ltr'><strong>ἐμέ),</strong></span> <span class='ocrx_word' id='word_1_417' title='bbox 2232 4410 2352 4468; x_wconf 86' lang='lat' dir='ltr'><strong>quo</strong></span> <span class='ocrx_word' id='word_1_418' title='bbox 2396 4393 2558 4452; x_wconf 83' lang='lat' dir='ltr'><strong>facto</strong></span> <span class='ocrx_word' id='word_1_419' title='bbox 2594 4391 2723 4452; x_wconf 89' lang='lat' dir='ltr'><strong>fieri</strong></span> <span class='ocrx_word' id='word_1_420' title='bbox 2758 4410 2878 4451; x_wconf 92' lang='lat' dir='ltr'><strong>non</strong></span> <span class='ocrx_word' id='word_1_421' title='bbox 2913 4409 3086 4469; x_wconf 87' lang='lat' dir='ltr'><strong>posse</strong></span> <span class='ocrx_word' id='word_1_422' title='bbox 3124 4391 3271 4467; x_wconf 89' lang='lat' dir='ltr'><strong>quin</strong></span> 
     </span>
     <span class='ocr_line' id='line_1_45' title="bbox 664 4473 3270 4563; baseline 0 -23"><span class='ocrx_word' id='word_1_423' title='bbox 664 4485 894 4542; x_wconf 87' lang='lat' dir='ltr'><strong>rectum</strong></span> <span class='ocrx_word' id='word_1_424' title='bbox 936 4484 1146 4541; x_wconf 82' lang='lat' dir='ltr'><strong>tonum</strong></span> <span class='ocrx_word' id='word_1_425' title='bbox 1192 4485 1512 4543; x_wconf 82' lang='lat' dir='ltr'><strong>assumant.</strong></span> <span class='ocrx_word' id='word_1_426' title='bbox 1605 4473 1827 4563; x_wconf 87' lang='lat' dir='ltr'><strong>(Locus</strong></span> <span class='ocrx_word' id='word_1_427' title='bbox 1869 4481 2061 4559; x_wconf 81' lang='lat' dir='ltr'><strong>igitur</strong></span> <span class='ocrx_word' id='word_1_428' title='bbox 2104 4500 2282 4558; x_wconf 86' lang='lat' dir='ltr'><strong>quem</strong></span> <span class='ocrx_word' id='word_1_429' title='bbox 2325 4482 2390 4541; x_wconf 90' lang='lat' dir='ltr'><strong>in</strong></span> <span class='ocrx_word' id='word_1_430' title='bbox 2435 4481 2746 4541; x_wconf 81' lang='lat' dir='ltr'><strong>enuntiato</strong></span> <span class='ocrx_word' id='word_1_431' title='bbox 2792 4484 3084 4559; x_wconf 84' lang='lat' dir='ltr'><strong>occupant</strong></span> <span class='ocrx_word' id='word_1_432' title='bbox 3117 4483 3270 4540; x_wconf 83' lang='lat' dir='ltr'><strong>tam-</strong></span> 
     </span>
     <span class='ocr_line' id='line_1_46' title="bbox 670 4561 3270 4651; baseline -0 -22"><span class='ocrx_word' id='word_1_433' title='bbox 670 4590 849 4647; x_wconf 87' lang='lat' dir='ltr'><strong>quam</strong></span> <span class='ocrx_word' id='word_1_434' title='bbox 903 4570 1253 4631; x_wconf 82' lang='lat' dir='ltr'><strong>secundaria</strong></span> <span class='ocrx_word' id='word_1_435' title='bbox 1305 4589 1485 4632; x_wconf 87' lang='lat' dir='ltr'><strong>causa</strong></span> <span class='ocrx_word' id='word_1_436' title='bbox 1539 4574 1630 4631; x_wconf 87' lang='lat' dir='ltr'><strong>est</strong></span> <span class='ocrx_word' id='word_1_437' title='bbox 1682 4570 1798 4644; x_wconf 68' lang='grc' dir='ltr'><strong>τῆς</strong></span> <span class='ocrx_word' id='word_1_438' title='bbox 1854 4563 2360 4645; x_wconf 76' lang='grc' dir='ltr'>ὀρθοτονήεεωε,</span> <span class='ocrx_word' id='word_1_439' title='bbox 2425 4571 2659 4648; x_wconf 87' lang='lat' dir='ltr'><strong>plenior</strong></span> <span class='ocrx_word' id='word_1_440' title='bbox 2701 4571 2894 4633; x_wconf 87' lang='lat' dir='ltr'><strong>forma</strong></span> <span class='ocrx_word' id='word_1_441' title='bbox 2938 4561 3270 4651; x_wconf 84' lang='lat' dir='ltr'><strong>primaria).</strong></span> 
     </span>
     <span class='ocr_line' id='line_1_47' title="bbox 666 4654 2666 4740; baseline 0.001 -20"><span class='ocrx_word' id='word_1_442' title='bbox 666 4655 758 4720; x_wconf 86' lang='grc' dir='ltr'><strong>Τὸ</strong></span> <span class='ocrx_word' id='word_1_443' title='bbox 806 4654 1010 4735; x_wconf 83' lang='grc' dir='ltr'>ἄρχον</span> <span class='ocrx_word' id='word_1_444' title='bbox 1055 4660 1244 4740; x_wconf 81' lang='lat' dir='ltr'><strong>igitur</strong></span> <span class='ocrx_word' id='word_1_445' title='bbox 1289 4661 1325 4720; x_wconf 93' lang='lat' dir='ltr'><strong>l.</strong></span> <span class='ocrx_word' id='word_1_446' title='bbox 1368 4662 1449 4721; x_wconf 85' lang='lat'><strong>23</strong></span> <span class='ocrx_word' id='word_1_447' title='bbox 1498 4663 1590 4720; x_wconf 90' lang='lat' dir='ltr'><strong>est</strong></span> <span class='ocrx_word' id='word_1_448' title='bbox 1633 4661 1878 4720; x_wconf 87' lang='lat' dir='ltr'><strong>initium</strong></span> <span class='ocrx_word' id='word_1_449' title='bbox 1922 4661 2235 4737; x_wconf 80' lang='lat' dir='ltr'><strong>enuntiati,</strong></span> <span class='ocrx_word' id='word_1_450' title='bbox 2277 4678 2399 4720; x_wconf 92' lang='lat' dir='ltr'><strong>non</strong></span> <span class='ocrx_word' id='word_1_451' title='bbox 2443 4677 2666 4721; x_wconf 82' lang='lat' dir='ltr'><strong>versus.</strong></span> 
     </span>
    </p>

    <p class='ocr_par' dir='ltr' id='par_1_16' title="bbox 667 4744 3274 5015">
     <span class='ocr_line' id='line_1_48' title="bbox 845 4744 3274 4828; baseline -0 -19"><span class='ocrx_word' id='word_1_452' title='bbox 845 4750 951 4825; x_wconf 82' lang='lat'><strong>39,</strong></span> <span class='ocrx_word' id='word_1_453' title='bbox 972 4751 1054 4810; x_wconf 82' lang='lat'><strong>24</strong></span> <span class='ocrx_word' id='word_1_454' title='bbox 1119 4744 1415 4826; x_wconf 83' lang='grc' dir='ltr'>ἀρκτικὸν</span> <span class='ocrx_word' id='word_1_455' title='bbox 1469 4744 1709 4828; x_wconf 74' lang='grc' dir='ltr'>θέεθαι]</span> <span class='ocrx_word' id='word_1_456' title='bbox 1772 4768 1941 4826; x_wconf 91' lang='lat' dir='ltr'><strong>pron.</strong></span> <span class='ocrx_word' id='word_1_457' title='bbox 1991 4750 2108 4825; x_wconf 88' lang='grc'><strong>84,</strong></span> <span class='ocrx_word' id='word_1_458' title='bbox 2131 4753 2196 4825; x_wconf 79' lang='lat'><strong>13</strong></span> <span class='ocrx_word' id='word_1_459' title='bbox 2260 4751 2416 4827; x_wconf 76' lang='lat' dir='ltr'><strong>synt.</strong></span> <span class='ocrx_word' id='word_1_460' title='bbox 2468 4751 2615 4825; x_wconf 80' lang='lat'>129,</span> <span class='ocrx_word' id='word_1_461' title='bbox 2636 4750 2718 4809; x_wconf 84' lang='lat'><strong>24</strong></span> <span class='ocrx_word' id='word_1_462' title='bbox 2748 4768 2832 4825; x_wconf 89' lang='lat' dir='ltr'><strong>sq.</strong></span> <span class='ocrx_word' id='word_1_463' title='bbox 2940 4749 3274 4809; x_wconf 85' lang='lat' dir='ltr'><strong>Permirum</strong></span> 
     </span>
     <span class='ocr_line' id='line_1_49' title="bbox 667 4834 3273 4917; baseline 0 -19"><span class='ocrx_word' id='word_1_464' title='bbox 667 4840 761 4899; x_wconf 89' lang='lat' dir='ltr'><strong>est</strong></span> <span class='ocrx_word' id='word_1_465' title='bbox 812 4838 867 4897; x_wconf 67' lang='lat' dir='ltr'><strong>lr</strong></span> <span class='ocrx_word' id='word_1_466' title='bbox 917 4857 1154 4917; x_wconf 86' lang='lat' dir='ltr'><strong>quoque</strong></span> <span class='ocrx_word' id='word_1_467' title='bbox 1208 4840 1246 4898; x_wconf 90' lang='lat'><strong>1.</strong></span> <span class='ocrx_word' id='word_1_468' title='bbox 1290 4840 1406 4917; x_wconf 85' lang='lat' dir='ltr'><strong>Ap.</strong></span> <span class='ocrx_word' id='word_1_469' title='bbox 1464 4834 1921 4913; x_wconf 80' lang='grc' dir='ltr'>ἑγκλινόμενον</span> <span class='ocrx_word' id='word_1_470' title='bbox 1983 4856 2186 4900; x_wconf 83' lang='lat' dir='ltr'><strong>vocem</strong></span> <span class='ocrx_word' id='word_1_471' title='bbox 2247 4839 2337 4899; x_wconf 88' lang='lat' dir='ltr'><strong>ita</strong></span> <span class='ocrx_word' id='word_1_472' title='bbox 2398 4857 2691 4917; x_wconf 86' lang='lat' dir='ltr'><strong>usurpare</strong></span> <span class='ocrx_word' id='word_1_473' title='bbox 2752 4841 2824 4898; x_wconf 85' lang='lat' dir='ltr'><strong>ut</strong></span> <span class='ocrx_word' id='word_1_474' title='bbox 2883 4856 3082 4900; x_wconf 87' lang='lat' dir='ltr'><strong>secum</strong></span> <span class='ocrx_word' id='word_1_475' title='bbox 3140 4839 3273 4915; x_wconf 88' lang='lat' dir='ltr'><strong>ipse</strong></span> 
     </span>
     <span class='ocr_line' id='line_1_50' title="bbox 669 4919 3272 5015; baseline 0.001 -28"><span class='ocrx_word' id='word_1_476' title='bbox 669 4930 897 5010; x_wconf 74' lang='lat' dir='ltr'><strong>pugnet</strong></span> <span class='ocrx_word' id='word_1_477' title='bbox 930 4919 1016 5011; x_wconf 83' lang='lat' dir='ltr'><strong>(v.</strong></span> <span class='ocrx_word' id='word_1_478' title='bbox 1045 4947 1089 4990; x_wconf 85' lang='lat' dir='ltr'><strong>s.</strong></span> <span class='ocrx_word' id='word_1_479' title='bbox 1123 4929 1226 5005; x_wconf 86' lang='grc'><strong>36,</strong></span> <span class='ocrx_word' id='word_1_480' title='bbox 1248 4920 1469 5010; x_wconf 80' lang='lat'>1—5),</span> <span class='ocrx_word' id='word_1_481' title='bbox 1513 4946 1647 4988; x_wconf 90' lang='lat' dir='ltr'><strong>cum</strong></span> <span class='ocrx_word' id='word_1_482' title='bbox 1686 4929 1790 5005; x_wconf 88' lang='grc'><strong>84,</strong></span> <span class='ocrx_word' id='word_1_483' title='bbox 1812 4931 1843 4986; x_wconf 90' lang='grc'><strong>1</strong></span> <span class='ocrx_word' id='word_1_484' title='bbox 1897 4920 1997 5015; x_wconf 86' lang='lat' dir='ltr'><strong>(cf</strong></span> <span class='ocrx_word' id='word_1_485' title='bbox 2035 4931 2191 5006; x_wconf 79' lang='lat' dir='ltr'><strong>synt.</strong></span> <span class='ocrx_word' id='word_1_486' title='bbox 2225 4930 2371 5004; x_wconf 91' lang='grc'><strong>130,</strong></span> <span class='ocrx_word' id='word_1_487' title='bbox 2394 4920 2461 5011; x_wconf 92' lang='grc'><strong>1)</strong></span> <span class='ocrx_word' id='word_1_488' title='bbox 2506 4932 2665 4989; x_wconf 87' lang='lat' dir='ltr'><strong>recte</strong></span> <span class='ocrx_word' id='word_1_489' title='bbox 2700 4927 2862 4991; x_wconf 82' lang='lat' dir='ltr'><strong>dicat</strong></span> <span class='ocrx_word' id='word_1_490' title='bbox 2901 4924 3272 5003; x_wconf 80' lang='grc' dir='ltr'>ἐγκλιτικόν.</span> 
     </span>
    </p>
   </div>
  </div>
 </body>
</html>
