3738 5530
1149 129 1168 162 ἱ

678 321 1118 423 Commentarius
1146 366 1373 422 criticus
1401 369 1461 421 et
1488 366 1807 436 exegeticus
1836 366 1896 421 in
1924 365 2211 437 Apollonii
2238 365 2466 435 Dyscoli
2496 365 2708 438 scripta
2734 366 2964 421 minora.
3055 367 3140 431 27

532 538 758 606 dentur,
807 533 983 612 ἐμέο
1029 541 1082 597 et
1123 532 1398 612 ἡμέων,
1447 532 1632 612 ἐμοῦ
1679 541 1730 596 et
1772 531 1980 612 ἡμῶν
2028 554 2097 597 ea
2136 554 2202 595 re
2235 538 2387 596 inter
2422 554 2483 596 se
2519 537 2822 596 convenire
2844 539 3141 611 putantes,

531 628 684 701 quod
732 629 981 701 genetivi
1022 628 1292 702 phuales
1334 644 1548 701 parem
1598 627 1850 687 habeam
1901 626 2264 701 syllabarwm
2316 642 2627 692 nwnerum
2681 642 2751 685 ac
2794 626 3139 700 singulares.

531 715 696 775 Nam
739 718 794 776 si
839 711 1015 790 ἐμέο
1063 720 1118 776 et
1156 710 1411 792 ἡμέων
1458 716 1733 790 aequalia
1792 719 2001 785 essent,
2054 733 2243 776 mmm
2295 716 2595 790 aequabile
2647 715 2935 790 regulam,
2994 732 3145 790 quae

533 806 606 864 de
640 806 920 879 phua-ibus
964 806 1204 875 valeret,
1252 806 1532 880 efficerem
1593 823 1774 880 neque
1826 809 1967 865 sumt
2018 806 2323 879 aeqaah'm
2381 805 2730 879 quibusdam
2774 807 2928 865 endon
2969 804 3144 864 rebus

531 895 685 954 inter
728 912 791 954 se
834 896 1181 971 discrepanti.
1275 894 1431 969 Quid
1473 911 1609 954 vero
1655 896 1726 954 de
1771 889 1896 954 ςέο
1943 898 1995 953 et
2039 889 2287 968 ὑμέων
2331 896 2540 968 fomis
2582 897 2863 963 stament,
2908 895 2976 953 in
3019 896 3144 967 qai-

535 984 642 1043 bus
685 984 833 1043 mm
878 987 961 1044 est
1001 987 1282 1044 materiae
1327 983 1402 1042 ad
1450 984 1874 1060 aequalitatem
1921 980 2283 1042 eruendam?
2349 985 2449 1058 12,
2473 983 2747 1043 18—23.

716 1075 817 1149 12,
838 1075 923 1134 20
967 1078 1106 1151 post
1150 1069 1421 1134 πλείονα
1464 1073 1674 1133 inserit
1719 1067 1799 1135 ἄν
1844 1072 2049 1151 Lange
2076 1092 2193 1151 mg.
2268 1072 2528 1133 Frustra.
2604 1071 2675 1130 V.
2716 1074 3023 1132 comment.
3072 1071 3145 1132 de

533 1160 645 1238 Ap.
695 1163 952 1222 consuet.

716 1253 816 1327 12,
839 1252 919 1311 23
969 1246 1259 1330 ἀφορμή]
1298 1246 1588 1327 Ἀφορμή
1629 1251 1787 1329 apud
1813 1251 1927 1329 Ap.
1965 1252 2228 1329 primum
2264 1255 2355 1312 est
2390 1255 2735 1326 apparatus,
2783 1253 2953 1326 copia
2986 1253 3142 1327 synt.

540 1341 685 1415 290,
707 1341 744 1400 6
794 1336 1111 1417 αὐτάρκη(
1157 1338 1230 1402 δὲ
1276 1336 1366 1402 εἰς
1412 1336 1714 1416 ἀφορμὴν
1757 1339 1890 1401 τῶν
1928 1336 2306 1402 ὑπολοίπων
2345 1335 2646 1415 ῥημάτων
2680 1336 2720 1415 ἡ
2759 1336 3142 1415 προκειμένη

533 1425 818 1491 ςύνταξις
882 1425 1260 1505 καθέςτηκεν
1323 1431 1360 1488 i.
1400 1450 1447 1490 e.
1506 1425 1711 1491 ‘verba
1765 1448 1946 1508 supra
2002 1431 2249 1491 collecta
2303 1425 2606 1490 sufficiunt
2653 1429 2729 1488 ad
2775 1430 3008 1507 copiam
3053 1448 3143 1489 ce-

532 1521 794 1578 terorum
823 1512 1002 1601 (quae
1031 1537 1163 1579 cum
1193 1520 1531 1580 accusativo
1560 1512 2010 1603 construuntur)
2046 1514 2655 1597 repraesentandam'3
2702 1521 2855 1596 synt.
2890 1521 3036 1594 212,
3059 1522 3139 1578 18

532 1602 816 1683 Ἀπόχρη
872 1605 948 1669 τὸ
1003 1604 1408 1684 παράδειγμα
1454 1604 1544 1670 εἰς
1590 1604 1895 1685 ἀφορμὴν
1940 1608 2073 1669 τῶν
2119 1605 2579 1684 παραπληςίων
2626 1608 2763 1669 τοῖς
2810 1603 3144 1669 ἀνελλιπέ-

533 1712 758 1772 ςτερον
804 1694 1112 1759 κεκλικόςι
1157 1694 1237 1758 τὰ
1284 1693 1548 1772 ῥήματα.
1641 1699 1869 1759 Deinde
1916 1718 1988 1758 ea
2023 1698 2225 1758 subest
2258 1700 2424 1759 notio
2463 1717 2643 1775 quam
2680 1697 2916 1758 subesse
2952 1698 3146 1758 voluit

536 1786 588 1846 is
634 1788 738 1862 qui
782 1786 1009 1863 primus
1055 1787 1169 1847 hac
1213 1806 1354 1847 voce
1399 1805 1539 1850 usus
1587 1792 1677 1848 est
1723 1779 2113 1870 (Euripides),
2158 1806 2339 1848 ansa:
2382 1790 2534 1864 synt.
2589 1790 2734 1862 214,
2757 1789 2838 1846 17
2887 1783 2991 1847 καὶ
3035 1786 3143 1861 δῆ-

534 1874 653 1937 λον
699 1871 797 1936 ὅτι
845 1872 952 1936 διὰ
996 1873 1114 1950 τὴν
1160 1872 1463 1952 τοιαύτην
1510 1874 1943 1952 ςυνέμπτωςιν
1990 1873 2277 1953 Τρύφων
2332 1872 2403 1937 ἐν
2448 1878 2541 1957 τῷ
2588 1874 2732 1952 περὶ
2777 1873 3143 1952 προςώπων

533 1958 736 2025 αἴτιος
782 1960 1081 2039 ἀφορμῆς
1129 1962 1388 2038 ἐγένετο
1436 1960 1671 2048 (ansam
1716 1966 1909 2043 dedit,
1964 1967 2085 2026 scil.
2133 1958 2632 2046 reprehensionis)
2678 1965 2814 2027 τοῖς
2860 1961 3145 2026 ἐθέλουςι

534 2049 697 2128 πρὸς
744 2049 943 2114 αὑτὸν
990 2049 1363 2128 ἀντιλέγειν,
1411 2052 1489 2116 οὐ
1536 2051 2060 2130 παραδεξάμενος
2105 2053 2221 2130 τὴν
2269 2051 2702 2129 ςυνέμπτωςιν
2747 2053 2859 2129 τῆς
2897 2050 3146 2115 εὐθείας

539 2140 640 2203 καὶ
703 2141 817 2216 τῆς
879 2143 1172 2219 κλητικῆς
1237 2140 1342 2205 ἐπὶ
1400 2145 1512 2220 τῆς
1572 2142 1659 2206 ςύ.
1752 2165 1920 2224 pron.
1972 2147 2074 2220 91,
2097 2148 2175 2205 21
2240 2142 2343 2205 καὶ
2402 2144 2603 2219 δῆλον
2649 2139 2749 2205 ὅτι
2794 2140 2834 2219 ἡ
2891 2141 3144 2219 κτητικὴ

536 2229 714 2306 δυϊκὴ
754 2229 915 2292 κατὰ
959 2228 1122 2313 <τὸ>
1162 2233 1281 2294 τοῦ
1317 2230 1629 2310 κτήτορος
1664 2232 2017 2310 πρόςωπον
2055 2231 2358 2310 ἀφορμὴν
2397 2231 2637 2295 δέδωκε
2674 2232 2792 2294 τοῦ
2830 2231 2949 2308 τὴν
2976 2249 3144 2304 γενι-

531 2317 649 2394 κὴν
711 2321 828 2381 τοῦ
891 2319 1109 2396 τρίτου
1174 2322 1520 2398 ςεςιγῆςθαι
1587 2319 1880 2401 (ἀφορμή
1935 2324 2096 2384 vocis
2151 2325 2347 2384 locum
2404 2326 2655 2401 occupat
2708 2325 2745 2383 l.
2789 2324 2870 2383 26
2921 2317 3144 2401 αἰτία);

533 2413 686 2486 synt.
720 2409 869 2486 332,
892 2413 972 2470 26
1021 2407 1101 2472 οὐ
1147 2409 1225 2486 δὴ
1274 2406 1393 2473 οὖν
1440 2429 1533 2474 τις
1580 2407 1841 2489 ἀφορμὴ
1889 2410 2036 2488 περὶ
2081 2412 2193 2488 τῆς
2239 2408 2652 2488 ἐγγινομένης
2697 2407 2905 2475 ὀξείας
2943 2407 3016 2472 ἐν
3052 2413 3145 2493 τῷ

534 2494 622 2559 εἰς
664 2494 719 2560 ὅ.
796 2500 949 2559 Tum
994 2501 1294 2580 significat
1335 2505 1644 2562 materiam
1689 2507 2163 2578 arywnentorwm
2208 2506 2270 2562 et
2311 2505 2608 2562 rationum
2652 2503 2747 2562 vel
2791 2505 2929 2576 ipsa
2972 2519 3147 2576 armt-

535 2593 730 2649 menta
789 2591 850 2649 et
903 2593 1183 2659 ratione-3,
1245 2592 1341 2651 vel
1386 2592 1831 2664 fwndamentwm
1878 2611 1989 2666 quo
2036 2594 2166 2666 quis
2210 2595 2419 2652 nititur
2462 2593 2544 2651 ad
2585 2610 2709 2651 rem
2753 2592 3016 2665 aliquam
3059 2592 3147 2651 di·

531 2678 943 2738 iudicandam:
978 2682 1131 2756 synt.
1157 2681 1306 2756 52,1
1341 2676 1447 2740 διὰ
1474 2676 1532 2740 τί
1562 2677 1666 2758 (τὸ
1697 2675 1779 2759 ὦ)
1810 2677 1929 2742 οὐκ
1956 2676 2087 2741 ἀπὸ
2116 2680 2233 2741 τοῦ
2262 2680 2299 2741 τ
2327 2676 2564 2762 ἤρξατο
2593 2677 2683 2741 ὡς
2709 2676 2791 2740 τὰ
2820 2675 2986 2740 ἄλλα
3014 2678 3146 2741 τῶν

534 2769 1001 2842 προτακτικῶν;
1050 2764 1129 2831 οὐ
1178 2765 1299 2845 γὰρ
1347 2767 1609 2846 ἀφορμὴ
1649 2770 1761 2846 τῆς
1799 2765 2130 2847 ἀποβολῆς
2167 2770 2284 2832 τοῦ
2322 2769 2358 2831 ‘t‘
2404 2763 2601 2853 (nulla
2636 2772 2729 2830 est
2762 2771 2917 2830 ratio
2955 2789 3075 2848 qua
3109 2767 3147 2829 ’τ’-

532 2856 827 2917 abiectum
873 2876 996 2919 esse
1043 2851 1332 2942 dicatur);
1375 2859 1454 2918 ib.
1490 2862 1636 2937 191,
1659 2862 1740 2921 13
1789 2857 1868 2921 ὃν
1913 2856 2037 2935 γὰρ
2084 2857 2331 2936 τρόπον
2375 2856 2493 2920 οὐκ
2529 2854 2844 2921 ἀπίθανος
2882 2852 3145 2935 ἀφορμὴ

533 2940 793 3018 ἐγένετο
847 2946 961 3022 τῆς
1014 2943 1087 3008 ἐν
1141 2945 1375 3023 τρίτοις
1433 2945 1778 3011 ςυνθέςεως
1835 2945 2171 3027 (ἑαυτῶν),
2238 2945 2408 3021 λέγω
2466 2945 2625 3010 κατὰ
2680 2945 2756 3009 τὸ
2803 2947 3143 3022 πληθυντι-

531 3031 663 3106 κόν,
712 3034 824 3110 τῆς
861 3032 933 3097 ἐν
970 3034 1208 3118 πρώτῳ
1246 3034 1349 3099 καὶ
1386 3034 1667 3120 δευτέρῳ
1705 3034 2033 3120 προςώπψ
2072 3035 2190 3100 οὐκ
2228 3034 2670 3113 ἐγγενομένης.
2737 3057 2903 3115 pron.
2938 3040 3041 3113 49,
3064 3039 3145 3098 15

536 3122 838 3198 μεμπτέοι
886 3120 1006 3187 οὖν
1053 3123 1115 3187 οἱ
1161 3122 1730 3204 ὑπολαμβάνοντες
1785 3126 1904 3203 τὴν
1961 3126 2076 3202 μὲν
2137 3124 2326 3206 (ἐγώ)
2384 3122 2910 3200 ἀντιδιεςτάλθαι,
2977 3124 3147 3199 λέγω

535 3211 608 3274 δὲ
651 3211 769 3290 τὴν
816 3211 1215 3291 διςύλλαβον,
1262 3214 1380 3292 τὴν
1428 3215 1501 3278 δὲ
1548 3213 1815 3296 (ἔγωγε)
1864 3214 2251 3289 ἐγκεκλίςθαι
2299 3214 2431 3295 (καὶ
2475 3212 2626 3278 ἴςως
2679 3214 2720 3291 ἡ
2769 3211 3030 3292 ἀφορμὴ
3080 3213 3150 3276 ἐκ

531 3302 648 3363 τοῦ
698 3297 1140 3383 [argumentum
1184 3306 1527 3383 petiverunt
1573 3327 1643 3367 ex
1688 3327 1758 3368 eo
1804 3302 1991 3387 quod]
2050 3302 2539 3383 ἀναβεβιβάςθαι
2593 3303 2711 3381 τὴν
2765 3301 2969 3378 τάςιν,
3029 3305 3148 3366 τοῦ

533 3408 601 3452 τε
648 3389 729 3467 μὴ
780 3387 1000 3468 ἄρχειν
1047 3391 1267 3467 λόγου,
1316 3390 1480 3472 ἅπερ
1528 3391 2003 3471 ἐγκλινομέναις
2050 3392 2576 3474 παρηκολούθει);
2625 3399 2776 3472 synt.
2817 3397 2875 3470 6,
2895 3396 2935 3454 4
2975 3390 3145 3470 ἔχων

534 3481 694 3551 γοῦν
742 3478 810 3560 (ὁ
848 3477 1284 3562 Ἀρίςταρχος)
1333 3481 1530 3546 ἐκεῑςε
1567 3481 1871 3561 ἀφορμὴν
1909 3485 2021 3558 τῆς
2067 3480 2364 3562 ἀρθρικῆς
2400 3484 2671 3561 γραφῆς,
2720 3479 3150 3546 ἀπαιτοῦντος

532 3569 648 3631 τοῦ
696 3568 900 3643 λόγου
947 3568 1023 3633 τὸ
1071 3567 1313 3648 ἄρθρον
1375 3567 1818 3657 (argumentum
1866 3575 1941 3634 ad
1987 3594 2158 3635 suam
2203 3575 2558 3652 scripturam
2604 3574 3033 3634 defendendam
3078 3593 3148 3633 ex

531 3678 600 3719 eo
662 3664 863 3737 petere
924 3663 1126 3739 potuit
1168 3662 1551 3724 Aristarchus
1566 3710 1582 3738 ,
1646 3665 1804 3741 quod
1868 3664 2166 3724 sententia
2229 3665 2546 3724 articulum
2606 3655 2916 3744 requirit);
2977 3682 3143 3741 pron.

537 3750 640 3822 87,
663 3751 747 3810 20
794 3745 850 3810 εἰ
894 3748 968 3811 δέ
1013 3748 1168 3812 δέον
1215 3748 1380 3812 ἑςτὶν
1428 3747 1559 3814 ἀπὸ
1606 3753 1718 3827 τῆς
1762 3753 1980 3827 κοινῆς
2025 3751 2143 3828 τὴν
2189 3749 2475 3827 Ἀττικὴν
2522 3749 2936 3824 καθίςταςθαι,
2985 3749 3144 3813 καθὸ

533 3834 636 3896 καὶ
673 3834 737 3897 αἱ
778 3833 967 3900 ἄλλαι
1013 3834 1463 3919 (ἀντωνυμίαι)
1513 3838 1769 3916 ἔχονται
1809 3837 2107 3918 ἀφορμῆς
2143 3842 2276 3904 τῶν
2314 3841 2550 3903 κοινῶν
2597 3834 3146 3923 (‘quemadmodum

532 3926 714 3986 etiam
777 3930 974 3988 cetera
1035 3930 1389 4006 pronomina
1449 3934 1759 4008 tamquam
1821 3932 2212 3992 fundamenta
2271 3932 2493 3992 habent
2555 3949 2653 3991 eas
2713 3932 2935 3990 formas
2994 3949 3147 4007 quae

531 4017 828 4075 communi
891 4036 1002 4078 usu
1062 4022 1334 4096 receptae
1398 4015 1579 4095 sunt',
1644 4016 1782 4080 ‘wie
1846 4021 1996 4081 auch
2061 4021 2157 4081 die
2214 4021 2467 4100 librigen
2530 4021 2783 4081 Formen
2845 4020 2951 4080 der
3004 4019 3149 4078 Fur-

529 4108 746 4165 wbrter
818 4106 928 4165 auf
996 4105 1203 4168 Grund
1275 4108 1380 4168 der
1451 4107 1658 4171 κοιναί
1731 4131 1803 4169 zu
1876 4110 2203 4171 beurteilen
2220 4156 2236 4186 ,
2309 4111 2418 4170 auf
2484 4111 2569 4170 sie
2644 4109 3148 4169 zurfickzufiihren

530 4186 733 4276 sind').
847 4194 1180 4272 Supersunt
1237 4197 1355 4259 duo
1413 4200 1558 4274 loci,
1615 4199 1680 4258 in
1741 4199 1955 4276 quibus
2014 4201 2195 4261 verba
2252 4201 2342 4259 ita
2399 4201 2650 4260 invertit
2698 4199 3019 4275 Dyscolus,
3081 4200 3152 4257 ut

529 4285 789 4361 genuina
843 4281 1143 4347 δυςκολία
1195 4286 1573 4365 dispiciatur:
1636 4307 1804 4366 pron.
1855 4290 2061 4364 84,11
2130 4282 2452 4372 (Pindarus
2509 4292 2570 4349 et
2615 4288 3003 4366 Bacchylides
3050 4284 3150 4347 νίν

530 4373 603 4433 de
646 4373 917 4450 pluribus
955 4368 1256 4457 dixerunt)
1304 4372 1343 4436 ὁ
1389 4375 1462 4438 δὲ
1507 4372 1755 4438 πλάνος
1800 4377 1913 4453 τῆς
1958 4374 2258 4452 τοιαύτης
2294 4374 2592 4455 ἀφορμῆς
2626 4373 2779 4438 ἴςως
2817 4372 3011 4454 ἐρρύη
3052 4373 3148 4438 ἐκ;

534 4462 786 4523 debebat
849 4464 1008 4523 enim
1071 4465 1324 4525 scribere
1377 4462 1417 4541 ἡ
1475 4464 1547 4527 δὲ
1603 4461 1863 4543 ἀφορμὴ
1927 4467 2044 4528 τοῦ
2108 4463 2410 4528 τοιούτου
2471 4463 2723 4528 πλάνου
2789 4459 2973 4549 (ratio
3032 4485 3154 4544 qua

531 4552 647 4610 nisi
709 4553 798 4612 ita
861 4552 936 4612 ab
1002 4572 1114 4614 usu
1179 4554 1536 4616 aberrabant
1586 4556 1837 4617 fortasse
1894 4560 2092 4634 posita
2155 4559 2285 4617 erat
2336 4558 2402 4616 in
2457 4557 2588 4616 loco
2642 4547 2933 4638 Homeri).
3028 4554 3151 4615 Ska

533 4639 562 4697 I
603 4643 684 4702 20
747 4642 899 4701 nihil
955 4660 1017 4703 se
1074 4644 1369 4705 invenisse
1426 4645 1740 4706 confitetur
1794 4646 1953 4722 quod
2008 4666 2142 4705 cum
2196 4646 2319 4705 iJJis
2376 4646 2709 4723 comparari
2766 4646 2984 4722 possit3
3047 4645 3152 4706 sed

535 4748 651 4788 non
714 4734 910 4792 minus
983 4727 1223 4793 ‘libere'
1288 4734 1443 4794 dixit
1505 4735 1609 4795 ille
1672 4738 1826 4812 synt.
1881 4738 2090 4810 147,1
2172 4731 2251 4796 οὐ
2316 4732 2439 4809 μὴν
2503 4730 2798 4809 περιςςὸν
2870 4730 3150 4809 ἡγητέον

538 4817 924 4893 παραθέςθαι
963 4818 1039 4882 τὸ
1078 4817 1429 4897 εὔχρηςτον
1474 4823 1587 4898 τῆς
1633 4820 1983 4899 γενομένης
2030 4819 2328 4899 ἀφορμῆς
2375 4821 2489 4901 (=
2519 4820 2637 4897 τὴν
2685 4818 2989 4899 ἀφορμὴν
3031 4822 3150 4884 τοῦ

536 4904 888 4982 γενομένου
945 4906 1323 4986 εὐχρήςτου,
1384 4932 1505 4990 qua
1558 4914 1789 4973 ratione
1837 4931 1978 4974 usus
2024 4905 2355 4995 irrepserit)
2421 4908 2581 4974 κατὰ
2627 4910 2721 4983 τὸ,
2750 4909 2995 4986 τρίτον,
3061 4908 3150 4973 ὡς

536 4992 612 5055 τὸ
659 4994 773 5071 μὲν
820 4994 1381 5076 ὀρθοτονούμενον
1438 4996 1526 5063 εἰς
1573 5000 1648 5063 τὸ
1696 4998 2003 5064 ςύνθετον
2052 4998 2279 5077 ἐχώρει
2328 4998 2430 5079 (ἕο
2469 5035 2556 5043 ——
2596 4998 2887 5079 ἑαυτοῦ),
2953 4997 3029 5061 τὸ
3076 4998 3148 5061 δὲ
