3738 5530
40 2520 43 2565 “⁴
64 2406 74 2447 υ-
40 2154 65 2357 *qn-*m
48 2114 57 2135 -·
40 1440 75 2049 fflw——ss
40 1310 51 1381 ’““”
40 966 87 1271 Ἰ-ἶ“”“-.“ἱ“ζ“““-“““ῖ
80 882 83 889 ί
82 840 83 843 „

1300 384 1704 435 PRONOMEN
1740 384 2160 438 DEFINn-vss.
2949 383 3018 445 11

430 557 552 618 νῶι
608 554 772 631 πρὸς
830 552 906 617 τὸ
965 553 1172 631 ἡμεῑς;
1231 554 1430 617 καίτοι
1492 557 1835 618 καθολικοῦ
1891 551 2085 618 ὄντος
2129 558 2246 618 τοῦ
2291 555 2370 618 τὰ
2413 555 2596 618 δυϊκά
2639 554 2796 633 <ἐν>
2839 555 3028 619 παντὶ

431 660 728 738 πτωτικῷ
797 656 902 719 διὰ
970 659 1088 718 τοῦ
1153 653 1353 720 αὐτοῦ
1409 656 1760 734 ςυμφώνου
1821 656 2193 736 ἐκφέρεςθαι
2247 662 2339 738 τῷ
2395 654 2535 738 ἰδίῳ
2600 658 3024 737 πληθυντικῷ.

432 758 536 819 καὶ
589 754 707 821 οὐκ
762 756 1100 820 ἀντίκειται
1155 756 1235 820 τὰ
1289 757 1473 821 δυῖκὰ
1537 753 1772 836 ἄρθρα·
1843 757 1984 821 ἰδοὺ
2051 759 2175 836 γὰρ
2238 759 2513 836 Δωριεῖς
2579 757 2678 821 τοί
2741 758 2841 821 καὶ
2902 756 3025 838 ταί,

441 857 640 937 ἀφόὗ
671 858 748 922 τὸ
781 859 871 922 τώ
906 860 1125 924 δυϊκόν
1156 859 1256 922 καὶ
1288 858 1381 922 τά.
1426 860 1501 922 τὸ
1531 862 1694 933 γοῦν
1726 859 2021 942 μεγάλοι,
2068 857 2511 937 ἑτερόπτωτον
2544 860 2623 924 ὂν
2666 863 2782 924 τοῦ
2813 860 3022 940 μέγας,

436 960 648 1038 ὀρθῶς
694 959 801 1024 ἐπὶ
843 965 961 1025 τοῦ
1006 964 1226 1025 δυϊκοῦ
1272 962 1346 1024 τὸ
1381 948 1431 1023 ’λ
1473 960 1773 1043 ἐφύλαξε,
2896 990 2903 998 ·
3060 970 3092 1020 5

259 1083 394 1133 12A
926 1064 1100 1126 καλὼ
1147 1064 1248 1127 καὶ
1291 1062 1548 1142 μεγάλω
1596 1063 1708 1126 ςὺν
1754 1062 2035 1142 τεύχεςιν
2086 1060 2155 1139 (C
2193 1062 2364 1142 518).
2414 1100 2491 1109 -—

434 1164 567 1227 Ἔτι
630 1185 705 1240 γε
766 1165 887 1243 μὴν
943 1164 981 1242 ἡ
1036 1165 1193 1242 ἐμοῦ
1250 1165 1414 1242 πρὸς
1467 1166 1584 1242 τὴν
1640 1164 1787 1238 ἐγώ.
1815 1164 2154 1228 ἀντίκειται
2170 1210 2186 1241 ,
2246 1164 2408 1242 πρός
2466 1185 2532 1228 τε
2589 1166 2704 1242 τὴν
2751 1167 3054 1244 δοτικήν,,

437 1265 568 1340 εἴγε
634 1268 801 1329 πᾶςα
862 1267 1074 1344 γενικὴ
1143 1265 1554 1345 ἰςοςύλλαβος
1613 1264 1917 1343 ὁμοτονεῖ
1968 1271 2042 1347 τῇ
2104 1269 2351 1349 δοτικῇ,
2421 1267 2561 1330 ἀλλ’
2618 1265 2656 1343 ἡ
2714 1268 2828 1345 μὲν
2888 1267 3028 1346 ἐμοί

437 1366 763 1449 ὀξύνεται,
810 1366 848 1444 ἡ
893 1369 963 1430 δὲ
1009 1367 1167 1445 ἐμοῦ
1209 1371 1599 1446 περιςπᾶται.
1645 1404 1723 1412 --
1774 1366 2041 1446 οὐδεμία
2081 1367 2378 1445 αἰτιατικὴ
2412 1366 2580 1446 ἑνικὴ
2613 1368 2700 1432 εἰς
2732 1372 2780 1432 ἐ’
2813 1370 3024 1446 λήγει·

438 1469 885 1534 ἀνακόλουθος
929 1467 1055 1547 ἄρα
1096 1469 1134 1546 ἡ
1182 1468 1307 1546 ἐμέ.
1360 1505 1435 1514 -
1485 1467 1752 1547 οὐδεμία
1796 1466 2014 1549 δοτικὴ
2059 1470 2655 1548 μακροκατάληκτος
2711 1469 3026 1537 ὀξύνεται·
3066 1479 3130 1527 10

436 1576 575 1635 πῶς
633 1569 753 1634 οὖν
806 1570 844 1648 ἡ
902 1570 1040 1646 ἐμοί
1094 1573 1194 1634 καὶ
1239 1571 1277 1648 ἡ
1326 1571 1450 1640 ςοί;
1516 1609 1585 1617 -
1647 1572 1788 1635 ἀλλ’
1847 1570 1987 1634 οὐδ’
2044 1571 2216 1636 ὅλως
2271 1573 2487 1649 δοτικὴ
2545 1571 3028 1651 μονοςύλλαβος

438 1671 759 1746 ὀξύνεται,
819 1674 1007 1736 πᾶςαι
1053 1674 1124 1737 δὲ
1170 1680 1627 1755 περιςπῶνται,
1685 1679 1861 1755 μνᾷ,
1907 1680 2024 1755 γῇ·
2082 1678 2222 1737 πῶς
2281 1672 2400 1737 οὖν
2446 1673 2483 1750 ἡ
2531 1675 2656 1749 ςοί;
2705 1711 2782 1720 -—
2831 1674 3028 1739 οὐδὲν

356 1788 405 1841 Β
441 1774 662 1838 δυῖκὸν
708 1773 797 1838 εἰς
841 1774 1046 1852 μόνον
1091 1778 1113 1839 ῑ
1157 1775 1361 1852 λήγει·
1409 1781 1548 1840 πῶς
1596 1774 1715 1838 οὖν
1761 1778 1885 1838 νῶι
1928 1775 2030 1837 καὶ
2061 1770 2267 1853 ’ςφῶι;
2313 1813 2395 1823 —-
2442 1774 2499 1839 εἴ
2527 1796 2584 1839 τι
2616 1774 2701 1839 εἰς
2736 1780 2788 1838 ὦ
2833 1777 3027 1855 λήγει,

439 1875 716 1953 θηλυκόν
763 1874 915 1938 ἑςτι·
991 1881 1129 1940 πῶς
1175 1875 1294 1940 οὖν
1341 1877 1499 1951 ἑγώ;
1546 1912 1626 1921 —-
1670 1877 1749 1940 τὰ
1793 1876 1881 1940 εἰς
1939 1899 1977 1941 υ
2021 1875 2058 1952 ἢ
2104 1879 2125 1941 i
2170 1875 2510 1954 οὐδέτερα,
2558 1878 2784 1957 δόρυ,
2830 1879 3028 1955 μέλι·

438 1982 579 2041 πῶς
631 1975 753 2040 οὖν
799 1977 904 2049 ςύ,
947 1975 974 2039 ἵ
1018 1977 1295 2043 ἐπὶτῶν
1340 1983 1537 2056 τριῶν
1581 1984 1824 2055 γενῶν;
3071 1986 3129 2035 15

607 2078 699 2141 Τὸ
747 2079 817 2141 δὲ
862 2078 1100 2158 λέγειν,
1161 2079 1254 2142 «αἱ
1298 2080 1768 2159 μονοςύλλαβοι
1813 2079 2053 2155 γενικαὶ
2096 2078 2184 2143 εἰς
2227 2083 2312 2143 δῦ
2358 2079 2659 2156 λήγουςαι
2703 2081 3030 2158 προςθέςει

436 2184 554 2243 τοῦ
611 2185 649 2242 ς’
708 2178 944 2243 εὐθεῖαι
1001 2179 1315 2255 γίνονται,
1383 2182 1483 2244 καὶ
1550 2183 1655 2245 διὰ
1710 2185 1907 2244 τοῦτο
1963 2183 2039 2246 τὸ
2099 2187 2213 2246 coi)
2275 2182 2467 2246 πάλιν
2524 2182 3027 2262 ἀνακόλουθον»,

441 2281 692 2360 εὔηθες·
738 2281 880 2345 ἰδοὺ
923 2283 1046 2360 γὰρ
1090 2283 1166 2346 τὸ
1210 2286 1348 2347 τοῦ.
1415 2282 1555 2346 ἀλλ’
1585 2282 1640 2346 εἰ
1673 2284 1852 2357 λέγοι
1895 2303 1987 2348 τις
2032 2284 2144 2347 ἐπ’
2190 2283 2564 2360 ὀνομάτων,
2610 2283 2766 2347 οὐδὲ
2808 2284 2884 2348 τὸ
2915 2289 3028 2348 ςοῦ

437 2382 670 2462 ὄνομα.
718 2379 981 2461 ἄμεινον
1030 2382 1150 2447 οὖν
1196 2384 1397 2447 οὕτω·
1445 2386 1525 2449 τὰ
1563 2385 1651 2449 εἰς
1683 2384 1952 2462 δίχρονα
1981 2385 2446 2464 ςυνεςταλμένα
2476 2385 2757 2462 λήγοντα
2788 2384 3028 2449 οὔποτε

348 2503 391 2558 c
435 2483 862 2563 ἰςοςυλλαβεῖ·
910 2489 1051 2549 πῶς
1108 2484 1227 2549 οὖν
1286 2486 1418 2550 ἀπὸ
1469 2490 1588 2550 τοῦ
1649 2487 1719 2551 ςύ
1773 2487 1848 2550 τό
1887 2491 2054 2576 ¹cosm
2118 2522 2188 2533 —
2251 2486 2519 2564 Μυρίοις
2576 2486 2743 2550 ἔςτιν
2802 2486 3028 2564 ἑπιχει-
3064 2494 3131 2541 20

437 2591 680 2665 ροῦντα
723 2585 940 2650 κανόςι
986 2588 1212 2666 δεῖξαι,
1270 2587 1360 2651 ὡς
1418 2587 1534 2651 οὐκ
1589 2587 1937 2651 ἀκόλουθοί
1991 2588 2141 2651 εἰςιν
2200 2587 2263 2650 αἱ
2317 2587 2730 2668 άντωνυμίαι,
2791 2589 3030 2667 θέματα

437 2689 510 2751 δὲ
552 2687 684 2751 ἴδια
726 2687 883 2751 κατὰ
929 2686 1198 2767 ἀριθμὸν
1243 2689 1339 2751 καὶ
1386 2688 1737 2767 πρόςωπον
1783 2689 1883 2753 καὶ
1927 2693 2180 2754 πτῶςιν.

606 2874 981 2953 Πρόςκειται
1037 2875 1107 2939 δέ
1164 2875 1301 2940 «ὅτε
1359 2877 1461 2940 καὶ
1515 2878 1673 2940 κατὰ
1728 2879 1961 2957 φωνὴν
2018 2877 2249 2953 γένους
2315 2876 2467 2941 εἰςὶν
2525 2877 3030 2962 ἀπαρέμφατοι»,

438 2979 547 3042 διὰ
590 2977 703 3042 τὰς
748 2978 1145 3057 καλουμένας
1191 2979 1656 3059 παραγωγούς,
1704 2978 1838 3042 ἐπεὶ
1885 2978 2068 3042 αὗται
2113 2979 2219 3051 διὰ
2263 2985 2375 3056 τῆς
2419 2971 2644 3058 φ’ωνῆς
2683 2981 2759 3044 τὸ
2794 2980 3030 3045 ἔξωθεν

256 3080 402 3140 13A
438 3080 798 3157 πρόςωπον
855 3080 1314 3162 διαςτέλλουςι,
1382 3081 1484 3143 καὶ
1554 3081 1659 3143 διὰ
1713 3084 1911 3145 τοῦτο
1978 3079 2323 3145 ἀκόλουθοι
2380 3081 2538 3145 κατὰ
2607 3081 2876 3160 ἀριθμὸν
2932 3082 3032 3145 καὶ
3068 3097 3134 3145 25

435 3180 598 3244 κατὰ
626 3184 887 3244 πτῶςιν.
923 3179 986 3242 αἱ
1016 3181 1232 3256 μέντοι
1262 3180 1674 3259 πρωτότυποι
1717 3183 1821 3245 διὰ
1853 3185 1967 3261 μὲν
1998 3186 2107 3259 τῆς
2153 3186 2380 3262 φωνῆς
2411 3182 2643 3258 γένους
2668 3182 3034 3248 ἀδιάςτολοί

435 3281 548 3346 εἰςι
594 3281 872 3345 πάντοτε
918 3283 1079 3346 κατὰ
1122 3288 1385 3361 πρῶτον
1431 3283 1532 3345 καὶ
1576 3283 1882 3360 δεύτερον
1927 3283 2303 3364 πρόςωπον,
2349 3286 2456 3349 διὰ
2501 3286 2572 3348 δὲ
2613 3288 2726 3362 τῆς
2772 3286 2880 3349 ὑπ’
2919 3285 3031 3349 αύ-

436 3387 571 3447 τῶν
639 3383 893 3449 δείξεως
960 3383 999 3460 ἡ
1066 3388 1196 3448 τῶν
1262 3388 1474 3459 γενῶν
1529 3386 1826 3463 διαςτολὴ
1885 3385 2418 3464 παρεμφαίνεται·
2488 3388 3032 3465 ςυνεξηγούμενον

431 3486 563 3563 γὰρ
629 3484 761 3565 ἔχει
816 3485 892 3548 τὸ
950 3485 1140 3561 γένος
1192 3485 1230 3563 ἡ
1287 3488 1501 3552 δεῖξις.
1560 3484 1711 3550 ὅθεν
1767 3487 1867 3549 καὶ
1926 3488 2259 3565 μοναδικαὶ
2314 3491 2688 3562 καλοῦνται,
2749 3489 2886 3552 ἐπεὶ
2930 3489 3035 3553 διὰ

434 3589 580 3666 μιᾶς
612 3590 838 3666 φωνῆς
869 3586 907 3665 ἡ
938 3586 1252 3664 τριγένεια
1282 3588 1645 3665 παρίςταται
1664 3608 1677 3622 ·
1719 3587 1795 3651 τὸ
1826 3589 1950 3667 γάρ
1984 3589 2112 3664 ἐγώ
2145 3589 2244 3653 καὶ
2275 3588 2346 3651 ςύ
2379 3589 2482 3652 ἐπὶ
2512 3590 2754 3654 παντὸς
2784 3591 3031 3665 γένους.
3069 3601 3135 3650 30

443 3724 521 3735 —
593 3689 883 3766 Νοητέον
941 3687 1184 3765 μέντοι,
1242 3687 1341 3754 ὅτι
1398 3690 1499 3752 καὶ
1551 3688 1703 3771 <αἱ>
1761 3693 2176 3768 παραχθεῖςαι
2244 3691 2436 3755 πάλιν
2503 3692 2663 3755 κατὰ
2718 3692 2792 3757 τὸ
2849 3691 3033 3757 ἐντὸς

576 3904 793 3959 Anovu.
867 3910 930 3960 16
967 3910 1092 3972 Qua.
1124 3906 1183 3959 in
1217 3923 1279 3960 re
1316 3907 1627 3961 cavendum
1664 3909 1750 3961 eet
1784 3923 1854 3960 ne
1890 3906 2078 3976 legem
2114 3907 2330 3962 sancias
2364 3909 2532 3962 nimis
2565 3909 2683 3963 late
2720 3911 3028 3978 patentem,

432 3990 772 4060 praesertim
829 4006 958 4044 eum
1022 3992 1293 4046 centenae
1349 4008 1518 4047 verae
1570 3991 1729 4060 leges
1781 3992 1835 4044 in
1883 3996 2150 4061 promptu
2194 3992 2320 4051 sint.
2374 4023 2434 4033 —
2491 4000 2557 4047 23
2601 3995 2647 4063 8)
2671 3993 2707 4047 b
2776 3993 2860 4048 Ea
2901 4010 3033 4048 vero

431 4073 807 4144 pronomina,
863 4090 1008 4143 quae
1050 4075 1173 4144 ipsa
1217 4074 1614 4131 terminatione
1660 4093 1872 4147 genera
1923 4076 2307 4147 distinguunt,
2356 4078 2642 4144 aequalem
2690 4078 2902 4133 habent
2934 4096 3038 4148 per

434 4176 602 4214 casus
645 4175 1018 4227 numerosque
1065 4158 1517 4236 declssnationem.
1561 4191 1620 4200 —-
1658 4167 1721 4216 31
1773 4161 1953 4215 Initiis
1998 4163 2223 4228 autem,
2271 4161 2475 4230 quibus
2520 4163 2561 4216 ii
2607 4162 2704 4230 qui
2748 4163 3039 4231 possident

430 4243 786 4324 indicantur,
827 4243 1138 4312 possessiva.
1170 4244 1497 4313 inaequalia.
1528 4246 1674 4300 sunt.

576 4445 759 4499 Dmcn.
796 4463 984 4500 semp-r.
1060 4455 1104 4500 1.
1141 4447 1203 4501 ἐν
1240 4451 1412 4502 παντὶ
1449 4447 1513 4514 b,
1559 4465 1731 4504 παντι
1767 4453 1809 4503 Α
1877 4451 1886 4517 Ι
1950 4456 1998 4503 4.
2033 4451 2120 4504 τώ
2159 4451 2221 4512 b,
2259 4467 2365 4504 τωι
2402 4452 2445 4504 Α
2512 4453 2522 4516 Ι
2586 4457 2635 4505 6.
2673 4453 2953 4518 εφυλαξεν
2988 4452 3032 4507 Α

434 4537 517 4584 14.
556 4531 693 4600 post
726 4548 841 4586 εςτι
878 4546 1016 4588 erae.
1053 4548 1087 4584 ν
1122 4530 1180 4584 in
1218 4534 1259 4587 Α
1285 4533 1290 4599 Ι
1315 4549 1347 4587 o
1383 4532 1439 4586 in
1476 4535 1612 4600 δορυ
1649 4549 1719 4587 ex
1756 4550 1803 4586 ω
1840 4533 2053 4587 factum
2089 4533 2149 4587 in
2185 4536 2228 4588 Α
2260 4537 2266 4602 Ι
2295 4541 2375 4587 24.
2417 4537 2817 4604 παραγωγούς]
2856 4553 3032 4604 παρα-

426 4617 661 4680 γώγους
696 4614 734 4668 b
800 4621 809 4682 Ι
873 4631 976 4683 pro
1012 4615 1098 4669 his
1144 4618 1214 4670 τὸ
1258 4618 1471 4672 ἔξωθεν
1515 4619 1825 4685 πρόςωπον
1869 4620 2248 4674 διαςτέλλουςι
2281 4619 2632 4689 JGuttentag
2676 4620 3036 4674 scribendum

427 4716 558 4754 esse
598 4699 810 4753 conicit
842 4702 911 4753 τὸ
946 4700 1150 4767 (γένος
1186 4705 1350 4770 τῶν)
1387 4703 1599 4757 ἔξωθεν
1634 4703 1961 4770 προςώπων
1997 4706 2377 4759 διαςτὲλλουςι
2416 4704 2502 4756 vel
2539 4706 2610 4757 τὸ
2636 4705 2849 4758 ἔξωθεν
2873 4708 3036 4771 πρὸς·

434 4801 606 4839 ωπον
630 4785 1011 4839 διαςτέλλουςι
1034 4785 1219 4852 (κατὰ
1242 4786 1446 4854 γένος)
1474 4787 1481 4854 l
1511 4793 1591 4840 25.
1620 4791 1766 4854 poet
1794 4789 2172 4842 διαςτελλουςι
2198 4807 2230 4841 ν
2256 4804 2398 4842 eras.
2416 4788 2473 4841 in
2497 4791 2538 4843 Α
2563 4791 2569 4858 1
2598 4793 2678 4841 26.
2701 4789 3034 4882 ἀδιάςτολοι]

427 4868 533 4926 fol
585 4872 683 4920 148
722 4884 771 4925 v
804 4873 813 4933 1
843 4874 926 4925 27.
961 4869 1091 4936 post
1125 4885 1224 4923 ειςι
1258 4887 1292 4923 ν
1327 4888 1470 4925 eras.
1508 4871 1567 4924 in
1604 4874 1648 4927 Α
1678 4877 1688 4940 Ι
1720 4878 1801 4926 31.
1839 4874 1931 4926 καὶ
1966 4872 2024 4926 αἱ
2061 4872 2123 4936 b,
2161 4889 2252 4926 και
2289 4874 2333 4927 Α
