3738 5530
647 343 1090 405 Commentarius
1120 347 1347 405 criticus
1375 350 1434 405 et
1461 346 1782 421 exegeticus
1809 348 1871 405 in
1896 346 2187 421 Apollonii
2214 347 2443 422 Dyscoli
2470 349 2683 423 scripta
2708 351 2943 408 minora.
3033 351 3120 419 93

502 520 814 580 articulus:
852 538 982 580 eum
1018 537 1152 580 vero
1189 521 1541 581 ostendimus
1573 538 1693 581 non
1729 521 1810 581 ad
1832 523 2176 596 qcnctivum,
2203 521 2306 582 scd
2341 522 2423 581 ad
2448 537 2781 596 possessum
2807 526 3116 598 pertinere.

501 610 713 684 Itaque
757 613 926 670 ceteri
979 627 1168 680 casus,
1224 613 1325 685 qui
1368 629 1674 686 nunquam
1718 629 1851 671 cum
1884 628 2153 685 possesso
2197 614 2654 686 coniunguntur,
2710 614 2956 673 articulo
2998 632 3119 674 non

499 700 763 773 mamm
807 701 910 777 67,
933 701 1212 776 23—68,
1236 703 1290 760 9.
1378 700 1464 760 cf.
1503 705 1658 777 synt.
1703 702 1847 776 151,
1872 701 2319 777 27-155‚1s.
2372 702 2518 778 169,
2541 703 2990 779 25—172,17.

681 791 784 865 67,
806 791 888 849 23
945 786 1075 849 Τὰς
1121 787 1238 865 μὲν
1285 784 1404 851 οὖν
1465 785 1666 851 ἄλλας
1712 789 1845 850 τῶν
1891 786 2186 862 πλαγίων
2233 787 2618 866 ςυμβέβηκεν
2666 787 2738 852 ἐν
2784 790 3117 869 μεταβάςει

501 873 727 954 ἑτέρου
773 876 1128 954 προςώπου
1175 875 1481 959 νοεῑςθαι]
1527 899 1637 957 pro
1684 875 1979 951 πλαγίων
2016 879 2295 959 Egenolff
2322 880 2355 939 Ι
2394 882 2516 940 841
2561 881 2739 942 scribi
2775 883 2910 943 vult
2944 881 3116 944 πτώ-

501 984 690 1029 ςεων;
757 987 875 1029 non
929 972 1117 1044 recte3
1180 972 1419 1029 omnino
1480 969 1552 1028 de
1598 970 1856 1047 obliquis
1902 969 2136 1030 casibus
2183 973 2408 1048 agitur,
2472 988 2610 1030 cum
2652 974 2831 1032 recfis
2877 978 3120 1033 careant

499 1059 805 1134 reflexiva3
850 1077 1041 1136 neque
1087 1059 1164 1118 ad
1211 1077 1412 1119 omnes
1458 1077 1627 1119 casus
1663 1062 1885 1119 transit
1921 1062 2095 1134 actio,
2141 1059 2242 1119 sed
2281 1060 2357 1119 ad
2395 1060 2668 1138 obliquos
2705 1060 2777 1120 cf.
2808 1064 2912 1138 44,
2929 1067 3115 1123 1-3,

507 1180 581 1190 —-
615 1142 719 1208 Ἐν
749 1143 1082 1223 μεταβάςει
1113 1143 1339 1223 ἑτέρου
1368 1144 1749 1228 προςώπου]
1780 1149 1851 1208 cf.
1873 1168 2039 1226 pron.
2063 1150 2280 1224 34,12.
2321 1152 2639 1226 44,1—3;
2666 1154 2819 1228 synt.
2846 1153 3118 1228 178,27;

499 1236 680 1297 Prisc.
719 1237 869 1298 XIII
908 1240 988 1297 27
1040 1259 1094 1316 p.
1132 1240 1486 1314 18,6-11.
1531 1241 1613 1298 24
1660 1259 1717 1316 p.
1761 1240 1863 1314 15,
1886 1241 1986 1298 24.
2063 1239 2186 1298 Ska
2220 1238 2309 1299 VI
2350 1240 2461 1315 163
2505 1240 2624 1300 ind.
2664 1258 2708 1300 s.
2740 1261 2792 1301 v.

680 1329 885 1404 67,27
937 1322 1532 1407 ἀντανακλώμεναι]
1581 1328 1676 1389 vel
1724 1323 2113 1390 αὐτοπαθεῖς
2159 1331 2263 1403 44,
2288 1332 2398 1405 173
2461 1333 2615 1407 synt.
2668 1333 2814 1406 175,
2840 1334 3118 1407 11—12,

497 1417 593 1477 vel
641 1411 993 1479 ἰδιοπαθεῑ(
1039 1416 1196 1495 apud
1244 1417 1423 1478 Prisc.
1455 1417 1629 1477 XVII
1669 1419 1795 1478 108
1844 1438 1900 1495 p.
1944 1420 2213 1494 165,st
2259 1420 2404 1495 167,
2425 1421 2481 1479 3.
2524 1420 2794 1495 176,16.

680 1508 782 1582 67,
805 1509 886 1566 29
935 1506 1147 1566 Matth.
1194 1507 1257 1566 H
1296 1509 1423 1568 636
1487 1502 1585 1568 ’ἐν
1633 1501 1731 1569 οἷς
1775 1539 1850 1549 -
1897 1509 2059 1584 68,3
2109 1503 2391 1582 ἐμαυτοῦ
2438 1504 2644 1584 ἀγρὸν
2691 1504 2940 1584 ἔςκαψα
2984 1510 3117 1570 sind

499 1596 589 1656 als
653 1598 783 1656 eine
856 1596 1150 1656 schlechte
1165 1642 1181 1672 ,
1255 1599 1411 1657 eiust
1474 1616 1551 1657 an
1615 1596 1728 1658 den
1791 1596 1966 1657 Band
2031 1597 2444 1676 geschriebene
2509 1589 2805 1659 Pa'rallele
2868 1620 2941 1658 zu
3003 1599 3117 1660 den

497 1685 814 1764 folgenden
841 1686 1091 1746 Worten
1140 1679 1273 1768 (68,
1295 1679 1499 1769 3—9)
1546 1687 1767 1747 wieder
1810 1707 1883 1746 zu
1929 1689 2264 1748 entfernen:
2311 1688 2429 1766 vgl.
2479 1683 2551 1748 ἐν
2596 1681 2695 1748 οἷς
2733 1686 2837 1749 καὶ
2874 1684 3117 1765 ἄρθρον

497 1772 647 1836 τότε
704 1771 1062 1850 ἐπιδέχεται
1117 1776 1238 1835 und
1287 1771 1358 1836 ἐν
1406 1769 1504 1837 οἷς
1550 1773 1653 1837 καὶ
1698 1773 1774 1837 τὸ
1830 1771 2075 1852 ἄρθρον
2129 1773 2559 1853 προςτίθεται;
2625 1778 2746 1838 und
2811 1777 2983 1838 dabei
3038 1781 3119 1838 ist

499 1884 686 1943 gegen
723 1865 819 1925 die
856 1869 1012 1926 erste
1039 1865 1309 1945 Fassung
1345 1867 1463 1926 viel
1502 1866 1946 1927 einzuwenden:
1993 1862 2141 1928 τότε
2179 1867 2299 1926 und
2339 1862 2410 1928 ἐν
2449 1860 2546 1929 οἷς
2582 1867 2772 1928 neben
2809 1867 3116 1929 einander:

498 1953 760 2030 „wobei“
806 1955 927 2014 und
974 1956 1072 2031 „in
1118 1956 1376 2016 solchem
1422 1950 1672 2015 Falle“'.
1766 1956 1954 2035 Fugit
1996 1956 2333 2032 Matthiam,
2380 1959 2443 2017 et
2486 1957 2647 2034 apud
2689 1957 2802 2034 Ap.
2850 1962 2912 2017 et
2957 1959 3115 2035 apud

500 2045 647 2103 alios
703 2046 1019 2122 scriptores
1066 2040 1137 2106 ἑν
1185 2041 1239 2124 ᾧ
1287 2041 1360 2105 ἐν
1407 2039 1505 2106 οἷς
1568 2046 1866 2105 causalem
1930 2048 2235 2107 notionem
2295 2046 2539 2106 induere
2604 2039 2844 2121 ‘indem,
2891 2042 2992 2106 da'
3049 2051 3118 2106 ut

494 2153 660 2210 pron.
711 2135 814 2210 29,
852 2136 949 2194 13.
1007 2137 1254 2210 41‚2o.
1314 2136 1540 2210 cs,19.
1600 2137 1700 2194 22.
1761 2137 1874 2210 26;
1937 2135 2070 2195 adv.
2122 2138 2267 2210 120,
2300 2137 2398 2195 20.
2461 2137 2605 2212 138,
2637 2137 2735 2195 28.
2844 2130 3119 2214 ‘Richtig

495 2226 576 2282 ist
632 2217 874 2299 ἄρθρον
927 2220 1356 2299 προςτίθεται;
1422 2243 1520 2300 „es
1575 2223 1725 2284 wird
1779 2243 1897 2283 nm·
1949 2224 2162 2300 davor,
2221 2224 2369 2284 dazu
2424 2225 2711 2305 gesetzt“;
2774 2226 2963 2286 falsch
3010 2226 3116 2285 das

495 2313 646 2372 nach
694 2314 807 2390 Ap.
858 2312 1382 2392 Sprachgebrauch
1422 2361 1432 2371 .
1475 2361 1486 2372 .
1525 2334 1640 2373 nur
1683 2313 1905 2373 medial
1952 2314 2397 2375 aufzufassende
2443 2310 2848 2390 ἐπιδέχεταιῖ
2925 2316 3116 2376 Nemo

494 2402 735 2462 dubitat
796 2404 940 2480 quin
1005 2398 1367 2478 ἐπιδέχεται
1429 2402 1688 2463 medium
1752 2404 1860 2479 sit,
1924 2406 2090 2463 cuius
2155 2403 2484 2464 subiectum
2548 2404 2831 2464 facillime
2896 2425 2966 2466 ex
3031 2407 3115 2465 eis

497 2510 649 2567 quae
710 2495 976 2570 proxime
1038 2493 1401 2570 praecedunt
1464 2495 1799 2553 asciscitur:
1864 2487 1905 2566 ἡ
1965 2490 2198 2567 γενική.
2292 2487 2310 2515 ‘
2325 2493 2497 2553 Denn
2560 2492 2666 2553 der
2720 2492 2960 2554 Genitiv
3024 2495 3115 2555 als

495 2582 726 2642 solcher
769 2584 985 2642 nimmt
1030 2583 1143 2642 den
1187 2583 1423 2642 Artikel
1483 2582 1650 2642 nicht
1695 2602 1768 2641 zu
1812 2577 1979 2641 sich?
2073 2581 2229 2642 Sane
2284 2582 2524 2658 quidem
2579 2579 2941 2658 ἐπιδέχεται
2994 2603 3114 2644 non

495 2674 642 2731 satis
707 2675 979 2731 accurate
1042 2672 1115 2732 de
1170 2674 1446 2751 genetivo
1502 2671 1748 2746 dicitur,
1812 2674 1955 2748 quia
2015 2671 2304 2731 articulus
2358 2690 2477 2732 non
2525 2674 2787 2748 genetivi
2832 2676 2948 2748 est,
3012 2674 3114 2733 sed

493 2764 773 2838 possessi:
837 2762 940 2822 sed
1004 2757 1363 2837 ἐπιδέχεται
1430 2755 1672 2838 ἄρθρον
1736 2761 2015 2822 convenit
2077 2781 2214 2823 cum
2276 2756 2790 2838 προςλαμβάνειν
2851 2757 3113 2839 ἄρθρον,

495 2851 654 2928 quod
700 2853 772 2911 de
819 2854 1029 2912 ceteris
1073 2851 1488 2912 reflexivorum
1538 2852 1772 2912 casibus
1818 2851 2067 2929 loquens
2112 2852 2298 2929 ponit.
2393 2847 2806 2931 ‘Desgleichen
2851 2855 2935 2912 ist
2976 2853 3110 2914 τῶν

496 2936 716 3001 ἄλλων
781 2936 1202 3016 ἀντωνυμιῶν
1267 2937 1509 3018 ἄρθρον
1573 2937 1652 3002 οὐ
1708 2940 2339 3017 προςλαμβανουςῶν
2386 2941 2499 3002 den
2546 2941 2794 3001 Worten
2850 2938 2952 3003 διὸ
3011 2940 3114 3003 καὶ

495 3026 559 3089 αἱ
605 3026 749 3105 ἑξῆς
795 3027 1068 3091 πτώςεις
1105 3077 1119 3091 .
1158 3077 1172 3090 .
1212 3025 1587 3107 ἀπροςδεεῑς
1647 3025 1798 3092 εἰςιν
1846 3026 2090 3106 ἄρθρου
2138 3031 2475 3109 gegenuber
2518 3030 2627 3091 das
2672 3030 2943 3108 Leerere,
2992 3031 3113 3092 Un-

495 3115 827 3198 genauere'.
919 3120 1192 3180 Profecto
1247 3120 1586 3181 distinctius
1642 3121 1869 3179 dictum
1924 3122 2081 3181 esset
2133 3120 2267 3181 τῶν
2324 3115 2542 3180 ἄλλων
2596 3120 2729 3182 τῶν
2791 3117 3113 3183 ςυνθέτων

495 3205 916 3285 ἀντωνυμιῶν
962 3207 1296 3271 πτώςεων;
1344 3211 1446 3271 sed
1483 3210 1797 3270 brevitatis
1834 3210 2169 3270 studiosum
2205 3229 2331 3271 esse
2368 3210 2482 3288 Ap.
2521 3211 2754 3271 scimus.
2835 3206 3113 3272 ‘Endlich

491 3298 680 3359 findet
727 3300 828 3375 68,
852 3301 1021 3360 3-9
1071 3300 1167 3360 ein
1213 3300 1498 3379 richtiger
1542 3299 2201 3363 Gedankenfortschritt
2258 3302 2437 3376 statt,
2499 3300 2783 3360 wahrend
2847 3300 3113 3363 derselbe

497 3390 599 3464 67,
622 3389 902 3464 29-68,
924 3391 961 3449 3
1011 3390 1189 3465 fehlt3
1236 3391 1594 3469 wenigstens
1640 3390 1756 3449 mir
1801 3390 1883 3449 ist
1927 3389 2378 3465 unersichtlich,
2437 3392 2550 3449 wie
2596 3387 2735 3450 ἐπεὶ
2781 3386 2904 3465 γὰρ
2944 3386 3113 3452 ἅπαξ

495 3525 508 3537 .
548 3524 561 3537 .
602 3473 851 3552 ἔςκαψα
895 3479 994 3537 ffir
1038 3479 1146 3539 das
1193 3478 1687 3559 Vorhergehende
1732 3478 1838 3539 der
1875 3479 1944 3556 ja
1989 3479 2140 3538 nach
2185 3478 2300 3539 den
2346 3480 2595 3540 Worten
2640 3476 2744 3539 καὶ
2791 3477 2990 3554 ςαφὲς
3035 3476 3112 3540 τὸ

495 3562 701 3628 αἴτιον
764 3568 1108 3647 notwendig
1170 3573 1483 3629 erwartete
1540 3568 1746 3629 Grund
1810 3569 1938 3628 sein
2003 3562 2266 3628 konnte'.
2376 3569 2577 3628 Etiam
2643 3570 2748 3644 67,
2769 3571 3052 3643 29-68,
3073 3572 3111 3628 3

494 3658 935 3735 argumentatio
998 3659 1393 3738 progreditur.
1487 3657 1754 3718 Primum
1817 3658 1929 3718 hoc
1988 3658 2205 3717 statuit
2249 3657 2382 3735 Ap.,
2445 3658 2789 3736 genetivum
2845 3658 3113 3718 reflexivi

493 3746 812 3824 dupliciter
866 3750 1169 3825 usurpari:
1231 3748 1408 3808 modo
1461 3750 1549 3807 ita
1605 3753 1676 3807 ut
1728 3748 1912 3808 ceteri
1966 3766 2136 3807 casus
2182 3751 2572 3826 usurpantur,
2634 3747 2811 3808 modo
2857 3744 2961 3808 καὶ
3009 3744 3112 3808 ἐπὶ

493 3832 720 3912 ἕτερον
774 3833 1125 3912 πρόςωπον
1172 3830 1240 3922 (i.
1278 3858 1326 3899 e.
1371 3856 1688 3916 personam
1731 3830 2019 3921 possessi)
2067 3832 2438 3909 ςυντείνειν,
2493 3837 2674 3915 idque
2720 3857 2790 3898 ex
2834 3855 2976 3899 usus
3024 3838 3111 3897 di-

492 3928 776 3987 versitate
840 3947 1153 4005 apparere:
1216 3947 1357 3988 nam
1421 3924 1522 4006 (ἐν
1570 3922 1696 4006 οἷς)
1761 3929 2102 4007 genetivum
2118 3971 2136 4002 ,
2196 3926 2301 3986 ubi
2362 3928 2695 4005 possessive
2758 3926 3114 3987 adhibeatur

493 4012 727 4094 (τότε),
792 4017 1111 4077 articulum
1173 4017 1506 4093 admittere,
1570 4036 1704 4077 cum
1750 4018 1934 4077 ceteri
1979 4035 2151 4077 casus
2196 4034 2318 4076 non
2363 4016 2702 4076 admittant.
2795 4015 2966 4086 Quod
3014 4016 3112 4076 ab·

493 4125 697 4166 norme
752 4126 871 4166 non
927 4126 1053 4168 esse
1108 4110 1177 4167 ut
1229 4107 1506 4185 patefiat,
1560 4107 1777 4166 statuit
1820 4106 1936 4183 Ap.
1983 4108 2261 4184 primum,
2306 4124 2576 4166 omnem
2620 4106 2963 4184 genetivum
3009 4103 3113 4166 ἐπὶ

492 4191 755 4271 πρᾶγμά
800 4213 859 4256 τι
907 4190 1292 4279 (Handlung)
1338 4193 1378 4271 ἢ
1428 4192 1532 4257 ἐπί
1577 4213 1636 4256 τι
1682 4194 1887 4270 κτῆμα
1933 4191 2236 4271 φέρεςθαι
2281 4196 2320 4255 i.
2359 4216 2436 4273 e.,
2480 4198 2551 4256 ut
2594 4216 2703 4257 nos
2748 4196 2914 4273 loqui
2961 4196 3109 4256 sole-

494 4304 643 4360 mus,
688 4287 796 4345 aut
830 4286 1084 4364 pendere
1123 4305 1156 4346 e
1191 4287 1371 4346 verbo
1401 4286 1558 4362 quod
1597 4286 1911 4361 actionem,
1956 4288 2064 4344 aut
2099 4305 2131 4344 e
2168 4286 2544 4346 substantivo
2581 4286 2740 4363 quod
2776 4303 3111 4364 possessum

492 4375 736 4435 indicat.
826 4376 956 4436 Iam
1002 4375 1217 4454 pergit,
1262 4376 1373 4434 hoc
1418 4375 1646 4453 duplici
1689 4374 1865 4434 modo
1911 4376 2096 4434 etiam
2142 4377 2487 4453 genetivum
2525 4376 2789 4436 reflexivi
2827 4372 3111 4453 construi,

494 4467 563 4525 ut
614 4464 791 4526 modo
846 4460 1009 4525 κατὰ
1062 4460 1463 4540 πράγματος,
1526 4464 1703 4524 modo
1759 4460 1923 4525 κατὰ
1976 4460 2293 4539 κτήματος
2349 4465 2716 4525 adhibeatur.
2809 4465 3111 4525 Posterior

493 4555 598 4615 ubi
642 4556 725 4615 sit
768 4555 1131 4615 constructio
1178 4546 1281 4636 (ἐν
1329 4548 1427 4615 οἷς
1443 4600 1457 4626 ,
1503 4554 1577 4613 cf.
1618 4556 1720 4629 68,
1743 4546 1831 4636 7),
1886 4553 1973 4613 ibi
2018 4546 2110 4638 (et
2154 4556 2365 4616 ceteris
2410 4556 2703 4634 genetivis
2749 4548 2838 4637 et)
2884 4554 3109 4615 reflexi-

493 4663 705 4705 vorum
749 4645 1042 4723 genetivis
1091 4645 1410 4704 articulum
1446 4645 1683 4722 apponi.
1760 4642 1944 4703 Cuius
1979 4645 2066 4703 rei
2103 4661 2174 4704 eo
2210 4645 2459 4705 consilio
2496 4646 2714 4704 iterum
2749 4645 3110 4704 mentionem

493 4734 663 4810 facit,
728 4736 799 4793 ut
849 4735 913 4794 in
969 4735 1054 4794 eis
1101 4752 1254 4812 quae
1300 4737 1630 4810 sequuntur
1685 4725 1867 4817 (quae
1915 4733 2175 4812 genuina
2220 4752 2346 4795 esse
2392 4736 2591 4795 censet
2635 4727 2953 4817 Matthias)
3000 4735 3110 4794 hoc

494 4824 854 4902 comprobet,
901 4825 1222 4884 articulum
1257 4823 1432 4883 illum
1467 4842 1586 4884 non
1625 4824 1701 4884 ad
1737 4824 2080 4903 genetivum
2114 4823 2487 4901 possessoris,
2523 4824 2625 4884 sed
2663 4822 2741 4883 ad
2776 4841 3111 4901 possessum

493 4915 813 4991 pertinere:
868 4933 1048 4992 quam
1093 4932 1220 4974 rem
1266 4914 1730 4990 67,29-68,3
1780 4914 2022 4974 omnino
2066 4932 2186 4974 non
2229 4915 2450 4993 tetigit.

673 5004 776 5081 67,
797 5004 880 5063 32
930 4998 1098 5067 ἅπαξ
1145 4998 1375 5065 ‘semel'
1422 4998 1562 5065 ‘une
1607 5004 1721 5066 fois
1769 4996 1951 5087 (pour
1994 4996 2245 5087 toutes)’
2291 4998 2414 5064 ‘ein
2457 5005 2556 5064 fur
2600 4998 2896 5082 allemal';
2941 5023 3106 5082 pron.
