3738 5530
1060 383 1157 433 DE
1195 380 1645 432 PRONOMINIS
1687 378 2384 431 APPELLA'PIONIBVS.
2984 375 3024 438 9

599 601 809 682 (αφὲε
857 604 926 667 δὲ
973 601 1068 665 ὅτι
1116 602 1215 666 καὶ
1260 601 1321 665 οἱ
1368 600 1498 666 ἀπὸ
1542 605 1652 678 τῆς
1699 601 1898 666 (τοᾶε
1944 601 2102 665 αὐτὸ
2148 599 2352 676 μόνον
2397 603 2488 681 τῷ
2536 597 2711 679 αὐτῷ
2757 596 3023 676 ὀνόματι

429 705 970 783 προεκεχρημένοι
1015 703 1199 779 εἰείν,
1247 703 1457 767 οὐκέτι
1502 704 1573 767 δὲ
1619 704 1720 767 καὶ
1763 710 1854 784 τῷ
1901 701 2321 783 πράγμ<ατι>.
2365 700 2471 762 καί
2512 698 2635 777 γὰρ
2682 699 2790 763 ὅτε
2820 721 3020 779 παρα·

348 810 390 865 C
431 805 859 885 λαμβάνουειν
917 806 1104 868 ἕνεκα
1160 803 1626 882 ὑποδείγματοε
1671 803 1915 882 ἄρθρον
1962 804 2123 885 <τὸ>
2182 803 2283 866 ἐπὶ
2329 802 2645 879 εώματοε,
2703 803 2872 866 πολὺ
2933 807 3021 866 δι-

428 907 677 985 έετηκε·
723 906 926 972 πόθεν
970 907 1093 985 γὰρ
1138 906 1386 985 ἁρμογή
1416 906 1499 971 ’τε
1546 905 1644 970 καὶ
1692 908 1906 971 κῶλον
1950 905 2026 968 τὸ
2071 904 2262 981 αὐτός
2308 904 2606 979 Ἄμεινον
2661 902 2780 967 οὖν
2834 903 3022 982 χωρί-

428 1013 654 1072 ζοντα(
700 1010 777 1072 τὸ
825 1010 940 1087 μὲν
984 1011 1202 1074 καλεῖν
1249 1006 1526 1090 ἄρθρον,
1573 1008 1789 1071 καθότι
1834 1008 2115 1071 πάντοτε
2147 1006 2532 1083 ἐναρμόνιον
2575 1012 2900 1087 πτωτικῷ,
2947 1006 3022 1069 τὸ
3060 1025 3090 1069 5

432 1111 503 1173 δὲ
550 1112 765 1174 καλεῖν
812 1110 1248 1191 ἀντωνυμίαν,
1295 1108 1391 1173 ὅτι
1437 1109 1585 1174 ἀντ’
1629 1108 1949 1187 ὀνόματος
1992 1109 2241 1173 τίθεται.
2624 1120 2633 1128 “

599 1261 691 1325 Οὐ
746 1264 872 1340 γὰρ
929 1262 1304 1344 ἰεωνυμίαν,
1371 1262 1460 1327 ὥε
1522 1281 1716 1326 τινες·
1775 1261 1854 1325 οὐ
1910 1262 2033 1340 γὰρ
2094 1263 2175 1325 τὰ
2238 1260 2341 1323 ἴεα
2398 1262 2870 1338 παρακολουθεῖ
2932 1267 3024 1341 τῷ

433 1361 699 1441 ὀνόματι
745 1366 847 1428 καὶ
889 1369 966 1445 τῇ
1014 1363 1398 1448 ἀντωνυμίᾳ.
1500 1365 1576 1427 τὸ
1633 1364 1748 1441 μὲν
1792 1364 1915 1441 γὰρ
1963 1364 2213 1443 ἀμοιρεῖ
2256 1363 2543 1439 δείξεως,
2601 1361 2912 1439 ποιότητά
2956 1382 3023 1426 τε

258 1471 389 1523 ιοΑ
427 1463 917 1540 ἐπαγγέλλεται·
974 1464 1036 1528 αἱ
1094 1465 1166 1528 δὲ
1222 1468 1412 1530 δεῖξιν
1457 1466 1673 1543 ἔχουει
1718 1465 1876 1544 μετὰ
1919 1465 2287 1543 προεώπων
2332 1463 2744 1538 ἀκολουθίας,
2806 1462 3024 1527 οὐιίαν

431 1585 499 1629 τε
544 1565 747 1645 μόνον
793 1567 1110 1645 δηλοῦειν.
3065 1580 3126 1625 ιο

597 1718 922 1797 Ὀριετέον
979 1718 1100 1783 οὖν
1154 1721 1272 1797 τὴν
1331 1719 1735 1796 ἀντωνυμίαν
1799 1718 1959 1783 ὧδε·
2028 1717 2197 1782 λέξιν
2267 1717 2414 1782 ἀντ’
2479 1716 2798 1794 ὀνόματος
2866 1737 3023 1796 προ-

430 1822 666 1884 εώπων
700 1820 1069 1898 ὡριεμὲνων
1102 1822 1596 1900 παραετατικήν,
1646 1820 1968 1899 διάφορον
2000 1822 2160 1883 κατὰ
2189 1822 2307 1897 τὴν
2337 1824 2574 1883 πτῶειν
2605 1821 2708 1882 καὶ
2738 1818 3027 1901 ἀριθμόν,

431 1921 539 1986 ὅτε
585 1923 688 1986 καὶ
731 1923 962 1998 γένους
1009 1922 1133 1985 ἐετὶ
1176 1924 1336 1986 κατὰ
1379 1924 1496 2001 τὴν
1542 1924 1775 2002 φωνὴν
1822 1922 2307 2000 ἀπαρέμφατοε.

596 2024 737 2087 Ὅτι
805 2025 918 2101 μὲν
976 2022 1096 2087 οὖν
1153 2023 1302 2087 ἀντ’
1359 2023 1708 2101 ὀνόματος,
1778 2025 1971 2087 παντί
2026 2043 2119 2105 τῳ
2176 2026 2392 2101 δῆλον.
2484 2024 2616 2087 Διά
2668 2023 2725 2086 τί
2787 2025 2858 2087 δὲ
2915 2023 3023 2088 ἀν-

431 2123 859 2200 τ’ὀνομάτων,
918 2125 1020 2188 καὶ
1075 2125 1285 2188 ποίων
1334 2125 1707 2204 ὀνομάτων,
1768 2125 2080 2204 εἰρήεεται
2125 2124 2264 2203 μετ’
2319 2123 2565 2200 ὀλίγον.
2655 2123 2759 2188 Ὠ(
2807 2126 2878 2188 δὲ
2922 2126 3025 2189 καὶ
3066 2136 3126 2183 15

348 2231 396 2283 B
433 2226 623 2303 ὁρίζει
667 2229 746 2290 τὰ
790 2226 1136 2305 πρόεωπα,
1185 2227 1433 2306 ῥητέον.

598 2329 781 2392 Πᾶεα
839 2329 1205 2407 ἀντωνυμία
1264 2330 1301 2406 ἢ
1360 2329 1629 2406 δεικτικὴ
1689 2328 1855 2393 ἐετιν
1915 2329 1954 2406 ἢ
2005 2329 2399 2413 ἀναφορική,
2455 2328 2517 2391 αἱ
2560 2328 2719 2392 κατὰ
2762 2335 3026 2406 πρῶτον

566 2462 782 2517 Διιονιι,
868 2467 890 2514 1
941 2461 1139 2527 Stoici,
1184 2464 1246 2514 ut
1291 2464 1501 2529 ἄρθρον
1548 2461 1718 2515 etiam
1778 2478 2087 2530 pronomen
2132 2461 2448 2530 significare
2493 2477 2657 2530 posse
2706 2462 3023 2528 ostendant,

433 2548 660 2598 monent
695 2547 874 2613 ἄρθρα
912 2545 1158 2615 corporis
1195 2562 1311 2599 esse
1349 2547 1409 2599 et
1442 2546 1730 2599 iuncturas
1776 2547 1835 2599 et
1868 2545 2170 2600 membra.·
2221 2547 2297 2599 At
2341 2547 2405 2598 nt
2452 2545 2593 2600 haee
2629 2545 2846 2599 diversa
2879 2549 3025 2611 sunt,

434 2629 513 2682 ita
548 2628 660 2683 illa.
699 2660 761 2668 -
801 2637 830 2684 7
858 2631 1145 2684 Postremo
1184 2631 1452 2697 ἰεωνυμία
1487 2646 1692 2684 nomen
1726 2629 1957 2699 probari
1990 2644 2099 2682 non
2138 2632 2351 2699 potest,
2389 2629 2539 2698 quod
2576 2647 2886 2698 pronomen
2923 2647 3027 2699 par

434 2730 543 2768 non
580 2715 666 2769 est
698 2715 927 2770 nomini.
974 2746 1027 2754 —
1077 2722 1133 2770 11
1172 2714 1465 2780 Definitio,
1513 2714 1668 2768 cuius
1713 2715 1903 2784 partes
1940 2712 2202 2784 deinceps
2239 2713 2565 2785 singillatim
2604 2719 3022 2784 percensentur.
3061 2762 3070 2770 .

430 2827 497 2837 —
531 2805 590 2852 14
648 2805 691 2866 1)
719 2805 1033 2855 Pronomen
1061 2803 1147 2855 eet
1170 2818 1279 2854 vox
1305 2799 1544 2853 nominis
1569 2800 1692 2854 loco
1717 2799 1919 2868 posita.
1953 2831 2014 2838 —-
2047 2806 2104 2853 17
2148 2807 2192 2868 2)
2214 2800 2486 2854 Definitas
2506 2799 2720 2853 indicat
2742 2817 3027 2869 personae,

435 2886 495 2936 et
531 2883 1010 2940 demonstratione
1050 2888 1108 2939 et
1144 2885 1435 2942 relatione.

567 3002 917 3058 Tsssrmoxu.
978 3012 1032 3057 11
1065 3002 1245 3058 Schol.
1267 3003 1429 3057 Dion.
1458 3004 1588 3061 Thr.
1618 3004 1661 3056 B
1688 3005 1731 3056 A
1786 3021 1838 3071 p.
1872 3011 1999 3069 906,
2037 3010 2066 3056 7
2091 2997 2244 3058 Ἔστι
2285 3002 2349 3058 δὲ
2389 2998 2569 3072 αὐτῆς
2609 2998 2638 3058 ὁ
2672 2998 2801 3069 ὅρος
2829 2995 3023 3063 οὗτος·

430 3082 767 3156 ἄντωιυμιά
814 3084 932 3143 ἐστὶ
980 3086 1127 3155 λέξις
1173 3084 1303 3143 ἀντὶ
1350 3083 1631 3155 ὀνόματος
1678 3089 2272 3157 παραλαμβανομένη,
2330 3082 2644 3155 προσώπων
2698 3085 3026 3157 ὡρισμένων

430 3169 825 3241 παραστατικὴ
854 3169 997 3238 μετά
1021 3176 1252 3242 κλίσεως
1280 3173 1380 3240 τῆς
1405 3169 1553 3226 κατὰ
1579 3175 1793 3226 πτῶσιν
1820 3176 1912 3225 καὶ
1945 3168 2202 3239 α’ριθμὸν
2228 3175 2581 3242 θεματικῆς,
2619 3166 2792 3229 ὁπότε
2816 3171 2894 3240 μὴ
2924 3167 3026 3227 διὰ

430 3256 532 3322 τῆς
570 3255 768 3324 φωνῆς
805 3257 969 3326 γένος
994 3257 1353 3326 παριστάνει.
1394 3263 1454 3309 17
1479 3256 1648 3312 Prisc.
1676 3256 1810 3324 XII,
1851 3265 1883 3310 3
1921 3274 1972 3324 p.
2001 3263 2116 3322 578,
2162 3265 2220 3311 18
2247 3256 2419 3310 Hertz
2455 3257 2600 3311 Sunt
2636 3263 2818 3311 autem
2844 3271 3028 3312 eorum

430 3340 547 3393 alia
573 3341 1028 3406 demonstrativa,
1065 3342 1184 3394 alia
1208 3342 1470 3406 relativa,
1498 3342 1617 3394 alia
1644 3347 1695 3395 et
1720 3343 2151 3397 demonstrativa
2177 3348 2226 3397 et
2250 3343 2483 3396 relativa
2511 3383 2521 3394 .
2553 3383 2563 3395 .
2594 3347 2646 3395 et
2660 3343 2880 3409 primae
2903 3343 3022 3410 qui-

430 3426 547 3478 dem
580 3431 627 3480 et
649 3427 924 3480 secundae
950 3443 1221 3493 personae
1247 3426 1582 3493 pronomina
1606 3433 1739 3480 sunt
1761 3443 1970 3494 semper
1995 3428 2426 3480 demonstrativa
2450 3471 2460 3481 .
2493 3471 2505 3484 .
2534 3427 2731 3480 tertiae
2761 3441 2882 3479 vero
2907 3427 3026 3480 alia

428 3515 560 3563 sunt
596 3511 1058 3574 demonstrativa,
1095 3517 1158 3565 ut
1195 3512 1347 3574 ‘hie-³,
1384 3510 1550 3579 (ιε-ιε’,
1589 3511 1708 3564 alia
1746 3512 2010 3574 relativa,
2050 3517 2112 3563 ut
2138 3512 2252 3573 (ιε’,
2293 3513 2445 3574 (ειιϋ,
2484 3511 2600 3563 alia
2625 3511 2782 3564 modo
2809 3512 3024 3565 demon-

424 3597 663 3648 strativa
686 3596 843 3649 modo
866 3596 1130 3658 relativa,
1168 3601 1231 3649 ut
1257 3596 1415 3661 ‘illex
1452 3598 1633 3663 ‘ipse’.
1683 3595 1867 3650 Schol.
1896 3596 2058 3649 Dion.
2084 3596 2199 3649 Thr
2239 3595 2365 3648 ΒΑ.
2401 3613 2455 3663 p.
2482 3602 2607 3658 912,
2643 3601 2699 3649 18
2720 3592 2932 3649 Ἰστέον
2958 3597 3024 3650 δὲ

422 3678 502 3741 ὡς
535 3681 693 3734 πᾶσα
730 3674 1065 3748 ἀντωνυμία
1103 3671 1136 3749 ἢ
1178 3674 1441 3750 δεικτική
1478 3678 1630 3734 ἔστιν
1668 3672 1701 3748 ἢ
1744 3674 2094 3748 οἶναφορική.
2170 3680 2269 3734 καὶ
2297 3683 2588 3734 δεικτικαί
2623 3679 2734 3734 εἰσι
2759 3673 2941 3747 μόνον
2965 3679 3030 3735 αἱ

420 3761 575 3817 κατὰ
612 3760 676 3817 τὸ
713 3765 937 3832 πρῶτον
972 3757 1275 3832 πρόσωπον
1313 3765 1433 3830 (καὶ
1470 3759 1772 3834 δεύτερον·
1823 3761 1971 3818 κατὰ
2009 3763 2075 3819 δὲ
2114 3761 2175 3818 τὸ
2216 3768 2402 3830 τρίτον
2440 3764 2614 3818 adicit
2649 3764 3025 3834 RSchneider)

420 3840 555 3902 ἶσαι
594 3848 796 3918 γένους
836 3848 943 3903 εἰσὶ
984 3852 1428 3915 παραστατικαί,
1467 3851 1564 3903 καὶ
1608 3850 1890 3904 duntaxa)
1933 3848 2026 3902 καὶ
2070 3843 2460 3917 ἀναφορικαί,
2500 3844 2574 3911 ὥς
2610 3847 2856 3918 ἐκεῖνος,
2907 3841 3026 3916 ὅδε,

420 3923 627 4000 οὗτος,
685 3929 1176 4002 ὑποστελλομὲνης
1226 3933 1328 4003 τῆς
1390 3927 1592 3998 ‹xinde-
1641 3927 1827 4002 μόνην
1876 3930 1984 4002 γὰρ
2035 3929 2342 4001 ἀναφορὰν
2397 3935 2579 4002 δηλοῖ.
2668 3926 2796 4003 ἥτις
2848 3928 3029 3989 πάλιν

420 4014 689 4082 δεικτικὴ
740 4021 963 4086 γίνεται
1010 4015 1443 4086 συντασσομένη
1489 4025 1616 4080 ταῖς
1664 4020 1984 4080 δεικτικαῖς
2032 4014 2447 4085 ἄντωνυμιάις,
2503 4016 2627 4072 οἷον
2678 4014 2785 4087 ἔγω
2831 4012 3024 4078 αὐτός.

420 4097 498 4155 σὺ
537 4096 732 4168 αὐτός,
773 4100 993 4162 ἐκεῖνος
1030 4096 1222 4164 αὐτός.
1284 4100 1448 4156 εἷπον
1487 4102 1550 4157 δὲ
1588 4094 1721 4157 ὅσαι
1749 4103 1954 4171 γένους
1984 4103 2093 4158 εἰσὶ
2123 4107 2566 4171 παραστατικαί,
2604 4099 2806 4173 ἐπειδὴ
2837 4102 3026 4159 αἰτοῦ

419 4192 620 4251 τρίτου
658 4180 988 4284 προσώπου,
1028 4178 1123 4241 ὅτε
1162 4185 1365 4256 γένους
1402 4182 1816 4256 ἅπαρέμφατοί
1850 4186 1992 4256 εἰσι,
2029 4180 2209 4258 μόνον
2239 4186 2598 4257 ἆναφορικαὶ
2626 4181 3027 4258 τυγχάνουσιν,
3062 4216 3073 4225 ·

420 4264 459 4337 ἦ
503 4288 564 4323 τε
601 4271 654 4336 ἴ,
691 4290 785 4334 ου,
827 4268 912 4334 οἵ,
954 4269 996 4324 ἓ.

566 4386 746 4441 stcn.
785 4406 978 4442 scnnvr.
1052 4397 1095 4443 1.
1132 4395 1217 4458 τῷ
1255 4391 1439 4459 αὐτῷΙ
1479 4390 1573 4443 sol.
1616 4397 1708 4444 147
1737 4410 1788 4448 v.
1822 4394 1830 4456 Ι
1862 4399 1911 4445 2.
1951 4408 2040 4445 ατι
2077 4390 2132 4444 in
2173 4408 2307 4445 voce
2345 4408 2627 4459 πραγματι
2666 4408 2827 4445 evan.
2861 4392 2918 4445 in
2947 4394 3021 4458 Αἰ

422 4464 477 4510 3.
514 4458 587 4509 τὸ
624 4459 717 4510 ἐπὶ
765 4455 830 4521 b,
877 4473 969 4510 επι
1016 4461 1058 4511 Α
1123 4459 1133 4524 Ι
1209 4466 1255 4511 8.
1298 4459 1578 4524 ποιότητά
1624 4475 1686 4512 τε
1726 4459 1761 4512 b
1797 4460 1855 4512 in
1892 4461 2079 4525 textu,
2129 4459 2313 4512 ‘deest
2355 4459 2655 4528 particula’
2702 4458 2775 4513 id.
2813 4460 2869 4512 iu
2907 4477 3025 4513 var.

425 4524 577 4588 leet,
619 4541 899 4589 ποιοτητα
939 4526 1011 4588 Α,
1050 4524 1203 4593 qnod
1227 4529 1418 4579 servat
1449 4525 1803 4596 JGuttentag
1834 4531 1842 4593 Ι
1872 4532 1921 4584 9.
1959 4529 2087 4594 post.
2118 4531 2298 4595 ἑχουει
2335 4544 2474 4580 eras.
2516 4546 2548 4579 ν
2584 4527 2642 4579 in
2668 4528 2712 4581 Α
2743 4528 2753 4593 Ι
2789 4535 2863 4580 w.
2900 4530 3030 4596 post

424 4594 691 4660 δηλουειν
727 4592 972 4660 epatium
1009 4593 1068 4645 in
1105 4594 1175 4652 Α,
1213 4593 1270 4646 in
1308 4596 1561 4663 margine
1600 4612 1726 4662 περι
1762 4612 1865 4649 του
1903 4612 2131 4662 οριεμου
2167 4613 2267 4662 τηε
2304 4612 2660 4660 αντωνυμιαε
2699 4595 2926 4649 mainse.
2948 4599 3024 4664 ΑΙ

429 4668 507 4716 11,
543 4664 676 4731 post
711 4662 992 4725 ὀνόματος
1030 4677 1060 4714 e
1099 4660 1277 4715 Schol.
1309 4661 1470 4715 Dion.
1495 4661 1625 4716 Thr.
1665 4662 1989 4716 addendum
2025 4679 2146 4717 esse
2183 4664 2816 4731 <παραλαμβανομένη>
2853 4664 3027 4731 suspi-

425 4728 583 4780 catur
618 4727 979 4781 RSchneider
1008 4731 1016 4795 Ι
1055 4735 1125 4781 12.
1164 4730 1491 4796 ώριεμένων
1527 4730 1563 4785 b
1587 4771 1600 4794 ‚
1639 4748 1949 4798 οριεμενιυν
1975 4732 2018 4784 Α
2052 4735 2060 4797 Ι
2092 4733 2234 4786 κατὰ
2266 4737 2479 4786 πτῶειν
2506 4749 2628 4783 eum
2657 4729 2837 4787 Schol.
2865 4731 3026 4789 Dion,

424 4793 937 4918 ffiehn‘eiderssffl.
989 4798 1120 4866 post
1172 4813 1283 4850 εετι
1331 4813 1468 4850 eras.
1518 4816 1550 4850 ν
1593 4797 1653 4851 in
1700 4801 1742 4853 Α
1786 4803 1794 4866 Ι
1839 4804 2051 4851 14—15.
2092 4816 2198 4853 αντ
2236 4802 2305 4866 Α,
2351 4802 2475 4852 ἀντὶ
2512 4798 2548 4851 b
2580 4803 2589 4867 Ι
2625 4805 2701 4853 15.
2743 4817 2927 4854 ποιων
2965 4802 3028 4864 Α,

582 4882 616 4918 τ
640 4881 761 4918 νων
