3738 5530
642 364 726 428 34
1584 367 1767 423 ΠΕΡΙ
1802 369 2305 429 mmm-muz.

1510 466 2383 528 p.41(301)135—44(304)A7b‘

636 569 1019 653 καθίςτηςιν,
1093 569 1363 646 ἄλλος,
1440 571 1581 635 οὐκ
1654 572 1822 648 ἐγώ.
1892 609 1965 618 --
2039 573 2104 637 αἱ
2176 573 2567 651 ἀντωνυμίαι
2639 571 2788 636 ἀντ’
2861 573 3232 651 ὀνομάτων·

636 670 1161 756 Ἀρίςταρχος,
1203 673 1639 751 ἐξηγήςατο
1697 676 1823 738 καὶ
1879 675 2123 740 αὐτὸς
2182 673 2627 754 ἐθαυμάςθη
2686 676 2758 740 ἓν
2803 676 3026 740 καὶτὸ
3071 675 3232 740 αὐτὸ

638 774 1018 853 πρόςωπον,
1078 773 1222 837 ἀλλ’
1276 774 1485 839 οὐκέτι
1530 775 1600 839 ἐν
1645 781 1737 859 τῷ
1786 775 2293 855 Ἀρίςταρχος
2339 776 2774 854 ἐξηγήςατο
2821 777 2943 840 καὶ
2989 776 3230 842 ἄλλος

635 874 1097 953 ἐθαυμάςθη.
1163 914 1235 923 —-
1297 876 1361 940 αἱ
1407 877 1494 941 εἰς
1541 881 1614 941 δ’(
1661 878 1966 956 λήγουςαι
2010 877 2401 956 ἀντωνυμίαι
2446 877 2977 962 μονοπρόςωποι,
3038 877 3229 957 ὀρθο-
3267 892 3314 950 Q

566 993 598 1039 τ»
632 977 1022 1056 τονούμεναι
1083 977 1296 1055 μόνως
1340 979 1442 1043 καὶ
1485 981 1781 1044 δεικτικαὶ
1828 978 2041 1062 οὖςαι,
2101 979 2206 1044 διὰ
2247 983 2366 1043 τοῦ
2409 981 2432 1044 ἰ
2475 979 2973 1056 ἐπεκτείνονται,
3036 981 3231 1059 χωρὶς

631 1082 744 1156 τῆς
800 1078 1024 1144 αὐτός·
1085 1079 1242 1158 αὕτη
1299 1081 1424 1159 γάρ
1483 1081 1848 1161 ἀναφορικὴ
1908 1079 2068 1146 οὖςα
2129 1080 2277 1145 οὔτε
2337 1082 2760 1147 ἐπεκτείνεται
2819 1080 2968 1146 οὔτε
3013 1082 3228 1160 μόνως

631 1179 1100 1259 ὀρθοτονεῖται·
1163 1181 1430 1246 ἐκεινοςί
1486 1182 1611 1260 γὰρ
1669 1183 1775 1246 καὶ
1832 1182 2049 1246 οὑτοςί
2095 1187 2450 1265 δεικτικῶς,
2510 1182 2920 1264 ἀναφορικῶς
2966 1186 3039 1248 δὲ
3083 1184 3228 1248 κατ’

629 1282 900 1358 ἔγκλιςιν

1289 1385 1455 1465 κόψε
1499 1386 1623 1464 γάρ
1668 1385 1871 1450 αὐτον
1917 1385 2155 1465 ἔχοντα
2198 1385 2293 1471 (Μ
2339 1385 2511 1472 204).

533 1501 594 1548 10
627 1488 703 1552 τὸ
771 1488 843 1550 δ’
900 1487 1098 1552 ἄλλος
1158 1487 1379 1552 οὐδενὶ
1431 1494 1563 1553 τῶν
1622 1488 1838 1562 λόγων
1896 1486 2263 1553 ὑποπίπτει.
2325 1524 2408 1536 -
2464 1488 2505 1567 ἡ
2561 1488 2757 1553 αὐτός
2812 1489 2978 1573 πάςῃ
3023 1488 3222 1554 ἀντω-

630 1589 817 1672 νυμίᾳ
862 1588 1288 1672 ἐπιτάςςεται,
1348 1588 1505 1665 ἐγὼ
1558 1588 1825 1672 αὐτός,
1887 1590 2203 1654 ἐκεῖνος
2260 1589 2530 1654 αὐτός·
2594 1590 2804 1655 οὐκέτι
2847 1593 2917 1655 δὲ
2976 1590 3223 1655 ἄλλος
3261 1602 3406 1657 42A

627 1689 883 1754 αὐτός.
933 1726 1012 1736 —-
1058 1690 1123 1754 αἱ
1167 1691 1456 1755 ςύνθετοι
1497 1698 1629 1755 τῶν
1675 1690 2098 1769 ἀντωνυμιῶν
2147 1692 2226 1755 οὐ
2272 1692 2703 1774 μεταβατικαί,
2750 1692 3091 1769 ἐμαυτόν
3122 1693 3225 1756 καὶ

627 1791 964 1876 ἐμαυτῷ·
1028 1792 1104 1856 τὸ
1172 1793 1229 1857 δ’
1293 1793 1415 1857 ἐπ’
1476 1791 1880 1871 ἀλλήλους
1949 1794 2019 1859 ἐν
2085 1794 2413 1874 μεταβάςει
2476 1795 2864 1873 προςώπων.
2923 1830 2997 1840 -
3066 1795 3221 1872 μετὰ

623 1893 993 1972 προθέςεως
1038 1893 1118 1957 οὐ
1176 1894 1562 1959 ςυντίθενται
1607 1893 2025 1975 ἀντωνυμίαι·
2085 1896 2427 1974 διάλληλος
2484 1895 2556 1959 δέ
2603 1916 2833 1974 φαμεν.
2883 1933 2962 1941 -—
3009 1896 3074 1959 αἱ
3116 1915 3218 1970 γε·

528 2007 590 2056 15
624 1997 792 2060 νικαὶ
834 1998 1250 2074 πληθυντικαὶ
1293 2002 1424 2062 τῶν
1470 1995 1895 2076 ἀντωνυμιῶν
1943 1998 2392 2063 ςυντάςςονται
2434 1999 2589 2075 μετὰ
2619 2002 2737 2062 τοῦ
2776 1996 2989 2061 οὐδείς
3022 1997 3217 2076 χωρὶς

622 2096 902 2180 ἄρθρου,
946 2098 1026 2162 τὰ
1073 2099 1142 2161 δὲ
1188 2097 1476 2176 ὀνόματα
1521 2100 1676 2177 μετὰ
1721 2098 1995 2178 ἄρθρου·
2053 2098 2323 2164 οὐδεὶς
2367 2103 2525 2163 τῶν
2571 2098 2836 2162 ἄλλων
2881 2100 3215 2177 παρεγέ-

621 2221 828 2266 νετο.
887 2235 967 2246 -
1020 2200 1462 2278 Παραιτητέον
1516 2202 1633 2278 τὴν
1692 2203 1924 2281 λοιπὴν
1968 2200 2349 2279 ἐπιχείρηςιν
2394 2199 2556 2280 ὑπὲρ
2583 2205 2718 2264 -τοῦ
2760 2201 2876 2265 τὸν
2920 2199 3213 2281 <λόγον>

623 2304 703 2381 μὴ
750 2302 859 2366 ἐπὶ
901 2301 1107 2367 πλέον
1151 2303 1499 2385 προάγειν,
1545 2308 1676 2368 τῶν
1722 2302 2279 2368 ςυνεκτικωτάτων
2323 2301 2852 2380 κατειλημμένων.
3251 2314 3297 2366 Β

798 2403 891 2469 «Εἰ
921 2405 1003 2469 τὰ
1047 2403 1119 2468 ἑν
1162 2405 1403 2489 πρώτῳ
1449 2405 1780 2486 προςώπῳ
1826 2404 2155 2485 νοούμενα
2199 2404 2237 2481 ἢ
2270 2402 2658 2482 ἀντωνυμίαι
2698 2403 2848 2467 εἰςὶν
2878 2404 2916 2480 ἢ
2950 2403 3214 2525 ῥήματα,

523 2519 590 2567 20
626 2509 825 2587 ςαφες
882 2505 982 2570 ὅτι
1035 2505 1113 2570 τὸ
1170 2505 1398 2585 ὤμοι,
1454 2508 1718 2586 πρώτου
1776 2506 2073 2585 ὑπάρχον
2127 2506 2513 2586 προςώπου,
2570 2503 2937 2582 ἀντωνυμία
2991 2504 3071 2568 ἂν
3116 2505 3215 2581 γέ-

618 2628 803 2675 νοιτο
848 2609 953 2673 καὶ
999 2605 1078 2672 οὐ
1126 2606 1312 2717 ῥῆμα.
1400 2610 1503 2673 καὶ
1561 2608 1630 2672 ἐκ
1672 2611 1784 2686 τῆς
1829 2609 2061 2691 λέξεως
2105 2609 2177 2672 δὲ
2220 2607 2558 2687 προφανὲς
2604 2605 2694 2669 ὡς
2739 2605 2866 2670 ἔςτι
2911 2608 3211 2682 δοτικῆς.»

619 2747 699 2757 —
748 2710 915 2775 ”Αλλ
961 2709 1026 2773 αἱ
1068 2714 1186 2775 τοῦ
1232 2682 1495 2790 πρώτου
1541 2711 1898 2790 προςώπου
1944 2708 2044 2774 καὶ
2086 2709 2393 2789 δεύτερον
2439 2706 2538 2773 καί
2581 2706 2797 2787 τρίτον
2842 2706 3089 2790 ἔχουςι,
3135 2707 3211 2772 τὸ

618 2815 690 2879 δὲ
736 2813 899 2891 ὤμοι
947 2810 1176 2875 οὐκέτι.
1222 2848 1304 2858 -
1348 2812 1413 2876 αἱ
1459 2812 1851 2893 ἀντωνυμίαι
1897 2813 2013 2890 τὴν
2057 2810 2547 2890 περιςπωμένην
2592 2808 3047 2889 ὑπερκειμένην
3090 2831 3207 2889 φυ-

618 2914 942 2990 λάςςουςι,
987 2917 1152 2995 πῶς
1196 2934 1360 2996 μοι,
1406 2916 1660 2979 καλῶς
1706 2932 1861 2994 μοι·
1907 2915 1983 2978 τὸ
2028 2914 2100 2977 δὲ
2145 2913 2308 2993 ὤμοι
2354 2912 2565 2976 οὐκέτι
2609 2916 2726 2976 τοῦ
2773 2909 2827 2974 ὦ
2870 2911 2988 2977 τὸν
3031 2931 3205 2990 περι·
3248 2925 3290 2979 C

518 3027 583 3074 25
621 3017 908 3096 ςπαςμόν
954 3014 1293 3093 ἐφύλαξεν.
1345 3051 1418 3060 -
1467 3015 1590 3080 ἀπ’
1634 3014 2056 3093 ἀντωνυμιῶν
2105 3014 2348 3093 ῥήματα
2380 3013 2460 3078 οὐ
2490 3012 2869 3093 παράγεται·
2915 3015 3055 3078 πῶς
3086 3012 3205 3077 οὖν

613 3118 690 3182 τὸ
747 3116 1075 3196 οἰμώζειν;
1136 3119 1337 3194 δῆλον
1396 3117 1515 3181 οὖν
1575 3115 1663 3182 ὼς
1710 3116 2049 3195 ἐπίρρημα·
2110 3116 2213 3180 καὶ
2267 3116 2390 3193 γὰρ
2433 3115 2610 3194 παρὰ
2652 3114 2729 3178 τὸ
2774 3112 2902 3178 αἰαί
2945 3113 3205 3194 αἰάζειν,

614 3220 757 3283 λίαν
802 3219 1055 3287 λιάζειν.

782 3321 960 3385 Ἴςως
1006 3321 1175 3386 δόξει
1219 3321 1521 3401 μάχεςθαι
1567 3320 1644 3384 τὸ
1689 3319 1769 3398 μὴ
1814 3318 1924 3383 ἐπὶ
1951 3320 2082 3384 πᾶν
2112 3318 2465 3397 πρόςωπον
2497 3319 2876 3400 ςυντείνειν,
2919 3318 3204 3414 καθάπερ

612 3423 693 3486 τὰ
733 3420 900 3487 ἄλλα
941 3422 1364 3502 ἐπιρρήματα,
1411 3422 1669 3486 καλῶς
1713 3420 2056 3500 γράφεις
2100 3422 2202 3485 καὶ
2242 3419 2576 3503 γράφει,
2620 3419 3047 3496 Ἑλληνιςτὶ
3091 3420 3203 3483 λέ-

511 3531 577 3579 30
612 3544 778 3600 γεις
832 3524 935 3588 καὶ
980 3524 1207 3601 λέγει.
1289 3524 1482 3589 Ἀλλὰ
1525 3524 1606 3588 τὰ
1650 3524 2077 3602 ςχετλιαςτικὰ
2120 3525 2255 3587 τῶν
2300 3521 2765 3601 ἐπιρρημάτων,
2813 3520 2877 3586 ἐξ
2921 3520 3202 3585 αὐτοπα-

640 3685 717 3705 8,-

743 3811 960 3867 Anava.
1034 3817 1095 3867 19
1130 3814 1290 3880 Ὤμοι
1327 3811 1751 3883 pronominibus
1786 3809 2069 3878 tribuunt,
2118 3808 2269 3880 quod
2314 3811 2375 3865 et
2408 3808 2624 3878 primae
2671 3808 2745 3862 sit
2788 3822 3061 3876 personae
3098 3823 3202 3861 nec

607 3894 843 3949 verbum
878 3897 1071 3967 putari
1104 3898 1297 3967 possit.
1357 3899 1435 3953 At
1466 3897 1756 3954 falluntur.
1816 3896 1966 3951 Nam
2001 3896 2272 3952 deficiunt
2304 3893 2557 3962 reliquae
2594 3906 2883 3962 personae.
2923 3922 2985 3930 -
3025 3890 3201 3960 Opor-

606 3980 769 4036 tebat
793 3973 1108 4049 dmot'esse.
1146 4013 1211 4022 —
1246 3983 1334 4036 Ab
1373 3999 1440 4037 eo
1476 3983 1767 4037 derivatur
1801 3981 2055 4036 verbum.
2093 4011 2159 4021 —
2193 3979 2294 4033 Est
2325 3978 2501 4048 igit-ur
2535 3976 2883 4031 adverbium.
2908 4005 2973 4015 —
2998 3982 3065 4030 28
3090 3974 3202 4029 Cur

608 4066 705 4117 uni
750 4066 967 4134 primae
1023 4066 1290 4135 addatur,
1348 4068 1489 4122 haee
1534 4068 1622 4121 eet
1663 4083 1857 4132 eausa,
1906 4065 2060 4135 quod
2103 4064 2399 4128 adverbia,
2448 4077 2593 4130 quae
2639 4059 2990 4115 lamentandi
3031 4076 3202 4114 causa

607 4149 997 4218 proferuntur,
1036 4153 1237 4222 suapte
1273 4153 1478 4206 natura
1512 4151 1584 4205 ab
1622 4167 1689 4206 eo
1726 4167 1867 4218 une,
1910 4150 2007 4217 qui
2041 4150 2319 4219 loquitur,
2357 4146 2711 4202 emittuntur.

608 4305 707 4312 “—
728 4308 767 4314 -
804 4308 1006 4317 fl————-—

739 4403 922 4457 Dmca.
961 4422 1154 4459 scam.
1229 4412 1306 4464 10.
1343 4408 1373 4459 δ
1398 4408 1470 4472 Α,
1507 4407 1569 4460 δὲ
1590 4405 1627 4459 b
1660 4409 1669 4466 1
1704 4411 1920 4461 10-11.
1948 4420 2277 4469 αντωνυμια
2302 4404 2399 4468 Αῑ,
2436 4418 2454 4454 ι
2490 4397 2698 4454 adiecit
2721 4401 2802 4454 Aa·
2831 4400 2840 4466 Ι
2875 4404 2952 4452 11.
2979 4399 3198 4454 ἐπιτάς-

606 4505 761 4542 ςεται
793 4488 855 4555 b,
900 4506 1269 4544 υποταςςεται
1306 4491 1349 4542 Α
1416 4495 1425 4556 1
1495 4497 1573 4544 13.
1609 4507 1680 4543 επ
1719 4492 2001 4556 αλληλους
2039 4491 2109 4554 Α,
2156 4488 2436 4554 ἀλλήλους
2472 4486 2509 4538 b
2569 4489 2578 4551 Ι
2653 4490 2730 4537 17.
2767 4485 2910 4550 ὑπὲρ
2942 4488 3049 4536 τοῦ
3085 4485 3195 4538 τὸν

605 4573 778 4636 λόγον
812 4572 878 4640 b,
915 4591 1058 4641 υπερ
1094 4591 1304 4629 τουτον
1343 4576 1384 4628 Α
1435 4575 1444 4640 Ι
1495 4580 1572 4628 18.
1608 4574 1901 4643 inscriptio
1938 4590 2064 4640 περι
2100 4589 2206 4626 του
2243 4589 2406 4637 ωιμοι
2442 4569 2668 4624 maiuee.
2707 4569 2748 4621 Α
2791 4570 2800 4634 Ι
2839 4574 2921 4622 20.
2961 4569 3103 4633 ὤμοι
3135 4567 3192 4633 b,

605 4673 766 4718 ωιμοι
804 4659 847 4710 Α
856 4696 875 4722 ,
921 4659 1064 4720 ὤμοι
1108 4658 1183 4726 (ἢ
1220 4660 1413 4727 οἶμοι)
1456 4658 1813 4712 scribendum
1860 4673 1978 4710 esse
2023 4655 2339 4724 suspicatur
2371 4653 2733 4709 RSchneider
2794 4659 2803 4720 Ι
2868 4658 2949 4704 21.
2984 4652 3193 4707 λέξεως

604 4773 722 4839 Ab,
761 4775 979 4840 λήξεω(
1012 4773 1367 4845 JGutbenfaag
1429 4779 1439 4842 Ι
1504 4761 1760 4832 ωεεςτιν
1796 4778 1839 4829 Α
1906 4779 1916 4838 Ι
1981 4781 2063 4828 22.
2105 4791 2321 4840 εχουςιν
2360 4777 2403 4828 Α
2470 4775 2526 4838 'N
2557 4778 2643 4826 23.
2685 4771 2919 4835 ωιμοιΑ
2984 4770 2994 4838 Ι
3057 4775 3188 4822 23-

601 4864 683 4910 24.
720 4860 1090 4924 φυλαςςουςιν
1128 4861 1169 4913 Α
1237 4863 1245 4924 Ι
1310 4869 1392 4916 26.
1432 4862 1694 4929 οἰμώζειν
1728 4862 1794 4928 b,
1830 4865 2055 4927 οιμωζει
2093 4862 2138 4915 Α
2203 4865 2213 4927 Ι
2276 4865 2358 4914 28.
2395 4861 2540 4914 δοξει
2579 4858 2649 4922 Α,
2686 4856 2831 4910 δόξει
2865 4857 2971 4908 τιςὶ
3006 4853 3042 4905 b
